{"gold_per_floor":[115,131,131,131,146,146,159,200,225,239,239,264,279,297,297,418,418,437,54,50,70,91,91],"floor_reached":23,"playtime":2760,"items_purged":[],"score":199,"play_id":"82449834-5ff3-4f61-87f7-b060a78822ca","local_time":"20180704230120","is_ascension_mode":false,"campfire_choices":[{"floor":6,"key":"REST"},{"data":"Regret","floor":15,"key":"PURGE"}],"neow_cost":"","seed_source_timestamp":1831007047104352,"circlet_count":0,"master_deck":["Strike_B","Strike_B","Strike_B","Strike_B","Defend_B","Defend_B","Defend_B","Defend_B","Zap","Dualcast","Self Repair","Darkness","Sweeping Beam","BootSequence","Coolheaded","Hologram","Blizzard","Compile Driver","Beam Cell","Seek","Double Energy+1","Glacier","Genetic Algorithm","White Noise+1","Streamline"],"relics":["Cracked Core","Golden Idol","Dodecahedron","Dream Catcher","Orichalcum","Peace Pipe","Eternal Feather","Incense Burner"],"potions_floor_usage":[8,16,16,16,21],"damage_taken":[{"damage":6,"enemies":"2 Louse","floor":1,"turns":2},{"damage":3,"enemies":"Jaw Worm","floor":2,"turns":4},{"damage":1,"enemies":"Cultist","floor":5,"turns":3},{"damage":0,"enemies":"2 Fungi Beasts","floor":7,"turns":2},{"damage":11,"enemies":"Lagavulin","floor":8,"turns":7},{"damage":0,"enemies":"Blue Slaver","floor":10,"turns":5},{"damage":8,"enemies":"Red Slaver","floor":12,"turns":4},{"damage":4,"enemies":"3 Louse","floor":13,"turns":4},{"damage":2,"enemies":"Lots of Slimes","floor":14,"turns":4},{"damage":24,"enemies":"The Guardian","floor":16,"turns":8},{"damage":14,"enemies":"Spheric Guardian","floor":18,"turns":4},{"damage":17,"enemies":"2 Thieves","floor":20,"turns":4},{"damage":2,"enemies":"Centurion and Healer","floor":21,"turns":12},{"damage":25,"enemies":"Sentry and Sphere","floor":22,"turns":5},{"damage":40,"enemies":"Gremlin Leader","floor":23,"turns":5}],"seed_played":"7133910376046600017","potions_obtained":[{"floor":7,"key":"Strength Potion"},{"floor":10,"key":"Poison Potion"},{"floor":13,"key":"FocusPotion"},{"floor":14,"key":"Block Potion"},{"floor":16,"key":"FocusPotion"}],"is_trial":false,"path_per_floor":["M","M","?","T","M","R","M","E","T","M","?","M","M","M","R","B",null,"M","$","M","M","M"],"character_chosen":"DEFECT","items_purchased":["Glacier","Incense Burner"],"campfire_rested":1,"item_purchase_floors":[19,19],"current_hp_per_floor":[69,73,55,55,61,75,75,71,71,75,75,74,75,73,73,56,75,68,68,51,56,38,0],"gold":91,"neow_bonus":"","is_prod":false,"is_daily":false,"chose_seed":false,"campfire_upgraded":0,"win_rate":0,"timestamp":1530741680,"path_taken":["M","M","?","?","M","R","M","E","T","M","?","?","M","M","R","BOSS","M","$","M","M","M","E"],"build_version":"2018-06-28","purchased_purges":0,"victory":false,"max_hp_per_floor":[75,75,75,75,75,75,75,75,75,75,75,75,75,75,75,75,75,75,75,75,75,75,75],"card_choices":[{"not_picked":["Cold Snap","Ball Lightning"],"picked":"Self Repair","floor":1},{"not_picked":["Streamline","Chaos"],"picked":"Darkness","floor":2},{"not_picked":["Meteor Strike","Steam"],"picked":"Sweeping Beam","floor":5},{"not_picked":["Barrage","Hello World"],"picked":"BootSequence","floor":7},{"not_picked":["Darkness","Fusion"],"picked":"Coolheaded","floor":8},{"not_picked":["Compile Driver","Leap"],"picked":"Hologram","floor":10},{"not_picked":["Gash","Barrage"],"picked":"Blizzard","floor":12},{"not_picked":["Scrape","Gash"],"picked":"Compile Driver","floor":13},{"not_picked":["Scrape","Stack"],"picked":"Beam Cell","floor":14},{"not_picked":["Core Surge","Fission"],"picked":"Seek","floor":16},{"not_picked":["Coolheaded","Skim"],"picked":"Double Energy+1","floor":18},{"not_picked":["Force Field","Static Discharge+1"],"picked":"Genetic Algorithm","floor":20},{"not_picked":["Turbo","Genetic Algorithm"],"picked":"White Noise+1","floor":21},{"not_picked":["Sweeping Beam","Genetic Algorithm"],"picked":"Streamline","floor":22}],"player_experience":118460,"relics_obtained":[{"floor":4,"key":"Dodecahedron"},{"floor":8,"key":"Dream Catcher"},{"floor":9,"key":"Orichalcum"}],"event_choices":[{"event_name":"Golden Idol","player_choice":"Take Damage","floor":3,"damage_taken":0},{"event_name":"Big Fish","player_choice":"Box","floor":11,"damage_taken":0}],"boss_relics":[{"not_picked":["Inserter","Velvet Choker"],"picked":"Eternal Feather"}],"items_purged_floors":[],"is_endless":false,"potions_floor_spawned":[7,10,13,14,16],"killed_by":"Gremlin Leader","ascension_level":0}