{"gold_per_floor":[109,129,149,224,238,238,268,98,98,112,126,126,143,157,157,254,254,265,279,48,48,61,87,187,187,187,206,217,217,229,249,249,348,348,358,370,26,43,43,69,69,81,134,152,152,170,189,189],"floor_reached":48,"playtime":4019,"items_purged":["Defend_B"],"score":519,"play_id":"bdf80ef9-58ac-4727-aa35-6399a5e369b3","local_time":"20180705001031","is_ascension_mode":false,"campfire_choices":[{"floor":6,"key":"REST"},{"data":"1","floor":12,"key":"LIFT"},{"data":"2","floor":15,"key":"LIFT"},{"floor":25,"key":"REST"},{"floor":29,"key":"REST"},{"floor":32,"key":"REST"},{"floor":41,"key":"REST"}],"neow_cost":"NONE","seed_source_timestamp":1833899367975297,"circlet_count":0,"master_deck":["Zap+1","Dualcast","Streamline","Redo","Cold Snap","Rebound","Hello World","Doom and Gloom","Go for the Eyes","Coolheaded","Multi-Cast","Streamline","Darkness","Electrodynamics","FTL+1","Cold Snap","Cold Snap","Rebound","Hologram","Conserve Battery","Beam Cell","Sweeping Beam","All For One","Reprogram","Tempest","Turbo","Streamline","Consume","Rip and Tear","Reinforced Body","Scrape+1","Leap+1","Conserve Battery","Conserve Battery+1","Glacier+1","Leap","Defragment"],"relics":["Cracked Core","Bottled Lightning","Girya","Inserter","DataDisk","Peace Pipe","Centennial Puzzle","Pandora\u0027s Box","Emotion Chip","Darkstone Periapt","Art of War","Tiny Chest"],"potions_floor_usage":[7,10,13,14,19,22,23,33,38,40,44,46],"damage_taken":[{"damage":1,"enemies":"Cultist","floor":1,"turns":3},{"damage":1,"enemies":"Jaw Worm","floor":2,"turns":2},{"damage":0,"enemies":"2 Louse","floor":3,"turns":2},{"damage":11,"enemies":"Exordium Wildlife","floor":5,"turns":4},{"damage":15,"enemies":"3 Sentries","floor":7,"turns":6},{"damage":0,"enemies":"2 Fungi Beasts","floor":10,"turns":2},{"damage":0,"enemies":"Large Slime","floor":11,"turns":4},{"damage":1,"enemies":"Red Slaver","floor":13,"turns":3},{"damage":10,"enemies":"Exordium Wildlife","floor":14,"turns":4},{"damage":30,"enemies":"Hexaghost","floor":16,"turns":6},{"damage":8,"enemies":"Chosen","floor":18,"turns":4},{"damage":20,"enemies":"2 Thieves","floor":19,"turns":3},{"damage":11,"enemies":"Centurion and Healer","floor":22,"turns":4},{"damage":42,"enemies":"Slavers","floor":23,"turns":3},{"damage":2,"enemies":"Cultist and Chosen","floor":27,"turns":5},{"damage":2,"enemies":"Snecko","floor":28,"turns":4},{"damage":10,"enemies":"3 Cultists","floor":30,"turns":4},{"damage":7,"enemies":"Centurion and Healer","floor":31,"turns":6},{"damage":49,"enemies":"Collector","floor":33,"turns":6},{"damage":34,"enemies":"3 Darklings","floor":35,"turns":4},{"damage":5,"enemies":"Orb Walker","floor":36,"turns":2},{"damage":0,"enemies":"4 Shapes","floor":38,"turns":3},{"damage":19,"enemies":"2 Orb Walkers","floor":40,"turns":5},{"damage":17,"enemies":"3 Darklings","floor":42,"turns":2},{"damage":0,"enemies":"Sphere and 2 Shapes","floor":44,"turns":5},{"damage":6,"enemies":"Maw","floor":46,"turns":7},{"damage":4,"enemies":"3 Darklings","floor":47,"turns":4},{"damage":18,"enemies":"4 Shapes","floor":48,"turns":1}],"seed_played":"4422924425988119250","potions_obtained":[{"floor":1,"key":"SteroidPotion"},{"floor":2,"key":"SpeedPotion"},{"floor":7,"key":"SneckoOil"},{"floor":11,"key":"Block Potion"},{"floor":16,"key":"Energy Potion"},{"floor":19,"key":"AttackPotion"},{"floor":27,"key":"Swift Potion"},{"floor":28,"key":"Dexterity Potion"},{"floor":35,"key":"PowerPotion"},{"floor":38,"key":"Explosive Potion"},{"floor":40,"key":"SpeedPotion"},{"floor":44,"key":"Ancient Potion"}],"is_trial":false,"path_per_floor":["M","M","M","?","M","R","E","$","T","M","M","R","M","M","R","B",null,"M","M","$","?","M","E","?","R","T","M","M","R","M","M","R","B",null,"M","M","$","M","T","E","R","M","T","M","?","M","M"],"character_chosen":"DEFECT","items_purchased":["Doom and Gloom","Go for the Eyes","DataDisk","Regen Potion","Conserve Battery","Emotion Chip"],"campfire_rested":5,"item_purchase_floors":[8,8,20,20,37,37],"current_hp_per_floor":[74,73,73,62,51,73,58,58,58,58,58,58,57,47,47,17,75,67,47,47,72,61,19,19,41,41,39,37,59,49,42,64,15,75,41,36,36,36,36,17,39,22,22,22,22,16,12,0],"gold":189,"neow_bonus":"UPGRADE_CARD","is_prod":false,"is_daily":false,"chose_seed":false,"campfire_upgraded":0,"win_rate":0,"timestamp":1530745831,"path_taken":["M","M","M","?","M","R","E","?","T","M","M","R","M","M","R","BOSS","M","M","$","?","M","E","?","R","T","M","M","R","M","?","R","BOSS","M","M","$","M","?","E","R","M","T","M","?","M","M","M"],"build_version":"2018-06-28","purchased_purges":1,"victory":false,"max_hp_per_floor":[75,75,75,75,75,75,75,75,75,75,75,75,75,75,75,75,75,75,75,75,75,75,75,75,75,75,75,75,75,75,75,75,75,75,75,75,75,75,75,75,75,75,75,75,75,75,75,75],"card_choices":[{"not_picked":["Stack","Auto Shields"],"picked":"Streamline","floor":1},{"not_picked":["Fusion","Aggregate"],"picked":"Redo","floor":2},{"not_picked":["Ball Lightning","Barrage"],"picked":"Cold Snap","floor":3},{"not_picked":["Loop","Static Discharge"],"picked":"Rebound","floor":5},{"not_picked":["Turbo","Fusion"],"picked":"Hello World","floor":7},{"not_picked":["Compile Driver","Blizzard"],"picked":"Coolheaded","floor":10},{"not_picked":["Blizzard","Steam"],"picked":"Multi-Cast","floor":11},{"not_picked":["Redo","Leap"],"picked":"Streamline","floor":13},{"not_picked":["Gash","Heatsinks"],"picked":"Darkness","floor":14},{"not_picked":["Amplify","Hyperbeam"],"picked":"Electrodynamics","floor":16},{"not_picked":["Turbo","Gash"],"picked":"FTL+1","floor":18},{"not_picked":["Barrage","Steam"],"picked":"Cold Snap","floor":19},{"not_picked":["Barrage","Auto Shields"],"picked":"Cold Snap","floor":22},{"not_picked":["Turbo","Streamline+1"],"picked":"Rebound","floor":23},{"not_picked":["Aggregate+1","Beam Cell"],"picked":"Hologram","floor":27},{"not_picked":["Hello World","Self Repair"],"picked":"Conserve Battery","floor":28},{"not_picked":["Barrage","Steam Power+1"],"picked":"Beam Cell","floor":30},{"not_picked":["Force Field","Reprogram"],"picked":"Sweeping Beam","floor":31},{"not_picked":["Hyperbeam","Machine Learning"],"picked":"All For One","floor":33},{"not_picked":["Genetic Algorithm+1","Ball Lightning"],"picked":"Scrape+1","floor":35},{"not_picked":["Ball Lightning+1","Compile Driver"],"picked":"Leap+1","floor":36},{"not_picked":["Gash","Cold Snap"],"picked":"Ball Lightning+1","floor":38},{"not_picked":["Turbo+1","Defragment"],"picked":"Conserve Battery+1","floor":40},{"not_picked":["Leap","Stack+1"],"picked":"Glacier+1","floor":42},{"not_picked":["Streamline","Fusion"],"picked":"Leap","floor":44},{"not_picked":["Recycle+1","Hyperbeam"],"picked":"Defragment","floor":46},{"not_picked":["Hologram","Coolheaded","Leap"],"picked":"SKIP","floor":47}],"player_experience":121220,"relics_obtained":[{"floor":7,"key":"Bottled Lightning"},{"floor":9,"key":"Girya"},{"floor":23,"key":"Peace Pipe"},{"floor":26,"key":"Centennial Puzzle"},{"floor":39,"key":"Darkstone Periapt"},{"floor":40,"key":"Art of War"},{"floor":43,"key":"Tiny Chest"}],"event_choices":[{"event_name":"World of Goop","player_choice":"Gather Gold","floor":4,"damage_taken":0},{"event_name":"The Library","player_choice":"Heal","floor":21,"damage_taken":0},{"event_name":"Golden Shrine","player_choice":"Pray","floor":24,"damage_taken":0},{"event_name":"Falling","player_choice":"Removed Attack","floor":45,"damage_taken":0}],"boss_relics":[{"not_picked":["Philosopher\u0027s Stone","Empty Cage"],"picked":"Inserter"},{"not_picked":["Tiny House","Busted Crown"],"picked":"Pandora\u0027s Box"}],"items_purged_floors":[8],"is_endless":false,"potions_floor_spawned":[1,2,7,11,16,19,27,28,35,38,40,44],"killed_by":"4 Shapes","ascension_level":0}