{"gold_per_floor":[116,133,133,148,167,177,177,234,234,234,261,319,347,359,359,461,461,472,490,490,504,519,519,537,537,561,130,158,12,24,43,43,43],"floor_reached":33,"playtime":3675,"items_purged":[],"score":291,"play_id":"19fd0b81-9918-46e3-9a06-0917a417ab5a","local_time":"20180701230932","is_ascension_mode":false,"campfire_choices":[{"data":"Rainbow","floor":7,"key":"SMITH"},{"floor":10,"key":"REST"},{"floor":15,"key":"REST"},{"data":"Electrodynamics","floor":23,"key":"SMITH"},{"floor":25,"key":"REST"},{"data":"Chaos","floor":32,"key":"SMITH"}],"neow_cost":"NONE","seed_source_timestamp":1571365480220890,"circlet_count":0,"master_deck":["Strike_B","Strike_B","Strike_B","Defend_B","Defend_B","Defend_B","Defend_B","Zap","Dualcast","Rainbow+1","Redo","Cold Snap","Melter","Lockon","Redo","Conserve Battery","Coolheaded","Compile Driver","Chaos+1","Chill","Electrodynamics+1","Go for the Eyes","Redo+1","Self Repair","Conserve Battery","Glacier","Self Repair","Darkness+1","Stack"],"relics":["Cracked Core","Tiny Chest","Pen Nib","Blood Vial","Question Card","Boot","Inserter","Dream Catcher","Unceasing Top","Anchor","Bottled Lightning","Strawberry"],"potions_floor_usage":[6,8,12,12,13,16,21,28,28,31],"damage_taken":[{"damage":6,"enemies":"Small Slimes","floor":1,"turns":3},{"damage":0,"enemies":"Cultist","floor":2,"turns":3},{"damage":4,"enemies":"Jaw Worm","floor":4,"turns":3},{"damage":0,"enemies":"Large Slime","floor":5,"turns":3},{"damage":11,"enemies":"Red Slaver","floor":6,"turns":3},{"damage":17,"enemies":"Lagavulin","floor":8,"turns":5},{"damage":17,"enemies":"Gremlin Nob","floor":11,"turns":4},{"damage":9,"enemies":"Gremlin Nob","floor":12,"turns":3},{"damage":18,"enemies":"Lagavulin","floor":13,"turns":6},{"damage":8,"enemies":"Looter","floor":14,"turns":3},{"damage":15,"enemies":"Slime Boss","floor":16,"turns":8},{"damage":0,"enemies":"Spheric Guardian","floor":18,"turns":3},{"damage":13,"enemies":"3 Byrds","floor":19,"turns":3},{"damage":16,"enemies":"Snake Plant","floor":21,"turns":4},{"damage":17,"enemies":"3 Cultists","floor":22,"turns":6},{"damage":6,"enemies":"Snecko","floor":24,"turns":5},{"damage":18,"enemies":"Slavers","floor":28,"turns":5},{"damage":16,"enemies":"Snake Plant","floor":30,"turns":4},{"damage":6,"enemies":"Slaver and Parasite","floor":31,"turns":8},{"damage":79,"enemies":"Automaton","floor":33,"turns":10}],"seed_played":"7013278012480021964","potions_obtained":[{"floor":2,"key":"SkillPotion"},{"floor":3,"key":"Regen Potion"},{"floor":3,"key":"Energy Potion"},{"floor":8,"key":"Regen Potion"},{"floor":11,"key":"Poison Potion"},{"floor":12,"key":"SteroidPotion"},{"floor":12,"key":"SteroidPotion"},{"floor":16,"key":"Poison Potion"},{"floor":21,"key":"Strength Potion"},{"floor":24,"key":"SkillPotion"},{"floor":30,"key":"Block Potion"}],"is_trial":false,"path_per_floor":["M","M","?","M","M","M","R","E","T","R","E","?","E","M","R","B",null,"M","M","?","M","M","R","M","R","T","$","E","$","M","M","R"],"character_chosen":"DEFECT","items_purchased":["Unceasing Top","Anchor","Strawberry"],"campfire_rested":3,"item_purchase_floors":[27,27,29],"current_hp_per_floor":[69,69,69,65,65,59,59,42,42,64,47,49,33,27,49,36,75,75,62,62,48,40,40,43,65,65,65,49,56,56,66,66,0],"gold":43,"neow_bonus":"ONE_RANDOM_RARE_CARD","is_prod":false,"is_daily":false,"chose_seed":false,"campfire_upgraded":3,"win_rate":0,"timestamp":1530482972,"path_taken":["M","M","?","M","M","M","R","E","T","R","E","?","E","M","R","BOSS","M","M","?","M","M","R","M","R","T","$","E","$","M","?","R","BOSS"],"build_version":"2018-06-28","purchased_purges":0,"victory":false,"max_hp_per_floor":[75,75,75,75,75,75,75,75,75,75,75,75,75,75,75,75,75,75,75,75,75,75,75,75,75,75,75,75,82,82,82,82,82],"card_choices":[{"not_picked":["Go for the Eyes","Ball Lightning"],"picked":"Redo","floor":1},{"not_picked":["Ball Lightning","White Noise"],"picked":"Cold Snap","floor":2},{"not_picked":["BootSequence","Lockon"],"picked":"Melter","floor":4},{"not_picked":["Force Field","Stack"],"picked":"Lockon","floor":5},{"not_picked":["Undo","Barrage"],"picked":"Redo","floor":6},{"not_picked":["BootSequence","FTL"],"picked":"Conserve Battery","floor":8},{"not_picked":["Steam","Leap"],"picked":"Coolheaded","floor":11},{"not_picked":["Hologram","Amplify","Conserve Battery"],"picked":"Compile Driver","floor":12},{"not_picked":["Double Energy","Skim","Hologram"],"picked":"Chaos","floor":13},{"not_picked":["Leap","Compile Driver","Ball Lightning"],"picked":"Chill","floor":14},{"not_picked":["Creative AI","Rainbow","Fission"],"picked":"Electrodynamics","floor":16},{"not_picked":["Turbo","Beam Cell","Rebound+1"],"picked":"Go for the Eyes","floor":18},{"not_picked":["Chaos","Sweeping Beam","BootSequence"],"picked":"Redo+1","floor":19},{"not_picked":["Ball Lightning","Barrage+1","Steam"],"picked":"Self Repair","floor":21},{"not_picked":["Beam Cell+1","Cold Snap","Turbo"],"picked":"Conserve Battery","floor":22},{"not_picked":["Gash","Machine Learning","Blizzard"],"picked":"Glacier","floor":24},{"not_picked":["Sweeping Beam+1","Go for the Eyes","Gash"],"picked":"Self Repair","floor":28},{"not_picked":["Streamline","Gash","Undo"],"picked":"Darkness+1","floor":30},{"not_picked":["Doom and Gloom","Self Repair","Steam+1"],"picked":"Stack","floor":31}],"player_experience":74709,"relics_obtained":[{"floor":8,"key":"Tiny Chest"},{"floor":9,"key":"Pen Nib"},{"floor":11,"key":"Blood Vial"},{"floor":13,"key":"Boot"},{"floor":26,"key":"Dream Catcher"},{"floor":28,"key":"Bottled Lightning"}],"event_choices":[{"event_name":"The Lab","player_choice":"Got Potions","floor":3,"damage_taken":0},{"event_name":"Dead Adventurer","player_choice":"Searched \u00272\u0027 times","floor":12,"damage_taken":0},{"event_name":"Bonfire Elementals","player_choice":"BASIC","floor":20,"damage_taken":0}],"boss_relics":[{"not_picked":["Velvet Choker","Tiny House"],"picked":"Inserter"}],"items_purged_floors":[],"is_endless":false,"potions_floor_spawned":[2,8,11,12,12,16,21,24,30],"killed_by":"Automaton","ascension_level":0}