{"gold_per_floor":[117,117,142,165,165,196,196,146,173,209,224,69,69,89,89,209,209,225,275,298,298,179,204,204],"floor_reached":24,"playtime":2544,"items_purged":["Defend_B"],"score":206,"play_id":"26993cbd-1007-4b77-ad96-00e4c6eebe1e","local_time":"20180629204629","is_ascension_mode":false,"campfire_choices":[{"floor":7,"key":"REST"},{"floor":15,"key":"REST"}],"neow_cost":"","seed_source_timestamp":1391111223194796,"circlet_count":0,"master_deck":["Strike_B","Strike_B","Strike_B","Defend_B","Defend_B","Zap","Dualcast","Stack","Redo","White Noise","Go for the Eyes","Darkness","Darkness","Loop","Compile Driver","Multi-Cast","Genetic Algorithm","Loop+1","Conserve Battery","Chaos"],"special_seed":17711,"relics":["Cracked Core","Golden Idol","Vajra","Boot","Happy Flower","Question Card","Darkstone Periapt","Empty Cage"],"potions_floor_usage":[10,16,20,23],"damage_taken":[{"damage":1,"enemies":"Jaw Worm","floor":1,"turns":3},{"damage":0,"enemies":"Small Slimes","floor":3,"turns":4},{"damage":4,"enemies":"Cultist","floor":4,"turns":4},{"damage":24,"enemies":"Gremlin Nob","floor":6,"turns":4},{"damage":23,"enemies":"Lagavulin","floor":10,"turns":6},{"damage":0,"enemies":"3 Louse","floor":11,"turns":3},{"damage":12,"enemies":"2 Fungi Beasts","floor":14,"turns":3},{"damage":16,"enemies":"Slime Boss","floor":16,"turns":8},{"damage":38,"enemies":"Chosen","floor":18,"turns":5},{"damage":9,"enemies":"Shell Parasite","floor":20,"turns":4},{"damage":22,"enemies":"Snecko","floor":23,"turns":4},{"damage":3,"enemies":"Slavers","floor":24,"turns":1}],"seed_played":"4464398213081656157","potions_obtained":[{"floor":3,"key":"SpeedPotion"},{"floor":6,"key":"Regen Potion"},{"floor":11,"key":"Ancient Potion"},{"floor":14,"key":"AttackPotion"},{"floor":18,"key":"Ancient Potion"}],"is_trial":false,"path_per_floor":["M","?","M","M","?","E","R","?","T","E","M","$","T","M","R","B",null,"M","?","M","?","$","M"],"character_chosen":"DEFECT","items_purchased":["Loop","Conserve Battery","Regen Potion"],"campfire_rested":2,"item_purchase_floors":[12,22,22],"current_hp_per_floor":[74,74,74,70,67,43,65,65,65,54,54,54,54,42,64,48,75,37,37,28,12,12,2,0],"gold":204,"neow_bonus":"","is_prod":false,"is_daily":false,"chose_seed":false,"campfire_upgraded":0,"win_rate":0.0,"timestamp":1530301589,"path_taken":["M","?","?","M","?","E","R","?","T","E","M","$","?","M","R","BOSS","M","?","M","?","$","M","E"],"build_version":"2018-06-28","purchased_purges":1,"victory":false,"max_hp_per_floor":[75,75,75,75,75,75,75,75,75,75,75,75,75,75,75,75,75,75,75,75,75,75,75,75],"card_choices":[{"not_picked":["Sweeping Beam","Lockon"],"picked":"Stack","floor":1},{"not_picked":["Streamline","Leap"],"picked":"Redo","floor":3},{"not_picked":["Compile Driver","Redo"],"picked":"White Noise","floor":4},{"not_picked":["Redo","Chaos"],"picked":"Go for the Eyes","floor":6},{"not_picked":["Scrape","Cold Snap"],"picked":"Darkness","floor":10},{"not_picked":["Ball Lightning","Chaos","BootSequence"],"picked":"Darkness","floor":11},{"not_picked":["Conserve Battery","Steam Power","Reinforced Body"],"picked":"Compile Driver","floor":14},{"not_picked":["Fission","Seek","Machine Learning"],"picked":"Multi-Cast","floor":16},{"not_picked":["Doom and Gloom","Steam","Compile Driver"],"picked":"Genetic Algorithm","floor":18},{"not_picked":["Leap","Fusion","Auto Shields"],"picked":"Loop+1","floor":20},{"not_picked":["Fusion","Ball Lightning","Loop"],"picked":"Chaos","floor":23}],"player_experience":12540,"relics_obtained":[{"floor":6,"key":"Boot"},{"floor":9,"key":"Happy Flower"},{"floor":10,"key":"Question Card"},{"floor":13,"key":"Darkstone Periapt"}],"event_choices":[{"event_name":"Golden Idol","player_choice":"Take Wound","floor":2,"damage_taken":0},{"event_name":"Scrap Ooze","player_choice":"success","floor":5,"damage_taken":3},{"event_name":"The Cleric","player_choice":"Card Removal","floor":8,"damage_taken":0},{"event_name":"The Joust","player_choice":"Bet on Murderer","floor":19,"damage_taken":0},{"event_name":"Cursed Tome","player_choice":"Obtained Book","floor":21,"damage_taken":0}],"boss_relics":[{"not_picked":["Snecko Eye","Inserter"],"picked":"Empty Cage"}],"items_purged_floors":[12],"is_endless":false,"potions_floor_spawned":[3,6,11,14,18],"killed_by":"Slavers","ascension_level":0}