{"gold_per_floor":[109,123,123,141,156,199,224,249,249,249,249,263,56,76,76,195,195,209,15,15,15,33,58,58,68,68,86,86,86,100,126,126,222,222,240,253,203,216,236,236,57,70,70,89,107,117,147,162,162,162],"floor_reached":51,"playtime":6440,"items_purged":["Defend_B","Defend_B","Defend_B","Strike_B"],"score":754,"play_id":"5e9034ec-dce4-4c53-bdc5-6682abdf7336","local_time":"20180704005738","is_ascension_mode":false,"campfire_choices":[{"floor":15,"key":"REST"},{"data":"Creative AI","floor":24,"key":"SMITH"},{"data":"Defragment","floor":29,"key":"SMITH"},{"data":"Conserve Battery","floor":32,"key":"SMITH"},{"data":"Biased Cognition","floor":40,"key":"SMITH"},{"data":"Coolheaded","floor":49,"key":"SMITH"}],"neow_cost":"NONE","seed_source_timestamp":1747891638961443,"circlet_count":0,"master_deck":["Strike_B","Strike_B","Strike_B","Defend_B","Zap","Dualcast","Conserve Battery","Self Repair","Tempest","Redo","Glacier","Coolheaded","Conserve Battery","Conserve Battery+1","Lockon","Tempest","Creative AI+1","Rebound","Biased Cognition+1","Defragment+1","Self Repair+1","Chaos","Capacitor+1","Creative AI+1","Loop+1","Rainbow","Go for the Eyes","Barrage+1","Defragment+1","Capacitor+1","Steam Power+1","Conserve Battery+1","Double Energy+1","Defragment+1","Defragment+1","Coolheaded+1","Coolheaded","Sunder","Storm+1","Sunder+1"],"relics":["Cracked Core","Bloody Idol","Kunai","Smiling Mask","Mummified Hand","Blood Vial","Coffee Dripper","Frozen Egg 2","Question Card","Letter Opener","Orrery","Ancient Tea Set","Bronze Scales"],"potions_floor_usage":[16,16,22,31,36,36,39,45,47,50],"damage_taken":[{"damage":1,"enemies":"Jaw Worm","floor":1,"turns":3},{"damage":0,"enemies":"Cultist","floor":2,"turns":3},{"damage":10,"enemies":"Small Slimes","floor":4,"turns":4},{"damage":5,"enemies":"Looter","floor":5,"turns":4},{"damage":37,"enemies":"Gremlin Nob","floor":6,"turns":6},{"damage":0,"enemies":"2 Fungi Beasts","floor":7,"turns":4},{"damage":14,"enemies":"3 Louse","floor":8,"turns":3},{"damage":1,"enemies":"Looter","floor":12,"turns":4},{"damage":6,"enemies":"2 Fungi Beasts","floor":14,"turns":5},{"damage":37,"enemies":"The Guardian","floor":16,"turns":17},{"damage":4,"enemies":"Spheric Guardian","floor":18,"turns":5},{"damage":19,"enemies":"Shell Parasite","floor":22,"turns":7},{"damage":58,"enemies":"Gremlin Leader","floor":23,"turns":6},{"damage":0,"enemies":"Snecko","floor":25,"turns":5},{"damage":41,"enemies":"3 Cultists","floor":27,"turns":6},{"damage":3,"enemies":"Centurion and Healer","floor":30,"turns":6},{"damage":28,"enemies":"Slavers","floor":31,"turns":5},{"damage":56,"enemies":"Automaton","floor":33,"turns":8},{"damage":8,"enemies":"3 Shapes","floor":35,"turns":3},{"damage":29,"enemies":"3 Darklings","floor":36,"turns":7},{"damage":20,"enemies":"Maw","floor":38,"turns":6},{"damage":25,"enemies":"Sphere and 2 Shapes","floor":39,"turns":6},{"damage":4,"enemies":"4 Shapes","floor":42,"turns":4},{"damage":45,"enemies":"3 Darklings","floor":44,"turns":3},{"damage":9,"enemies":"Maw","floor":45,"turns":6},{"damage":3,"enemies":"4 Shapes","floor":46,"turns":5},{"damage":75,"enemies":"2 Orb Walkers","floor":47,"turns":4},{"damage":0,"enemies":"3 Darklings","floor":48,"turns":4},{"damage":33,"enemies":"Donu and Deca","floor":50,"turns":5}],"seed_played":"5779241054858505198","potions_obtained":[{"floor":6,"key":"Energy Potion"},{"floor":8,"key":"SkillPotion"},{"floor":12,"key":"SmokeBomb"},{"floor":16,"key":"FearPotion"},{"floor":22,"key":"Strength Potion"},{"floor":27,"key":"Weak Potion"},{"floor":30,"key":"GamblersBrew"},{"floor":31,"key":"Poison Potion"},{"floor":33,"key":"SkillPotion"},{"floor":35,"key":"AttackPotion"},{"floor":38,"key":"Explosive Potion"},{"floor":39,"key":"SpeedPotion"},{"floor":45,"key":"Weak Potion"},{"floor":48,"key":"Block Potion"}],"is_trial":false,"path_per_floor":["M","M","?","M","M","E","M","M","T","?","?","M","$","M","R","B",null,"M","$","?","?","M","E","R","M","T","M","?","R","M","E","R","B",null,"M","M","$","M","M","R","$","M","T","M","M","M","E","M","R","B"],"character_chosen":"DEFECT","items_purchased":["Blood Vial","Biased Cognition","Defragment+1","Coolheaded"],"campfire_rested":1,"item_purchase_floors":[13,19,41,41],"current_hp_per_floor":[74,75,57,54,56,26,33,19,19,19,24,30,30,33,57,22,80,80,80,80,80,73,29,29,53,53,36,62,62,80,74,74,42,80,80,73,73,77,76,76,76,80,80,57,72,80,17,41,41,17],"gold":162,"neow_bonus":"THREE_CARDS","is_prod":false,"is_daily":false,"chose_seed":false,"campfire_upgraded":5,"win_rate":0,"timestamp":1530662258,"path_taken":["M","M","?","M","M","E","M","M","T","?","?","M","?","M","R","BOSS","M","$","?","?","?","E","R","M","T","M","?","R","M","E","R","BOSS","M","M","$","M","M","R","$","M","T","M","M","M","E","M","R","BOSS"],"build_version":"2018-06-28","purchased_purges":4,"victory":true,"max_hp_per_floor":[75,75,75,75,75,75,75,75,75,75,80,80,80,80,80,80,80,80,80,80,80,80,80,80,80,80,80,80,80,80,80,80,80,80,80,80,80,80,80,80,80,80,80,80,80,80,80,80,80,80],"card_choices":[{"not_picked":["Redo","Go for the Eyes"],"picked":"Conserve Battery","floor":0},{"not_picked":["Compile Driver","Leap"],"picked":"Self Repair","floor":1},{"not_picked":["Redo","Streamline"],"picked":"Tempest","floor":2},{"not_picked":["Steam Power","Undo"],"picked":"Redo","floor":4},{"not_picked":["Fusion","Compile Driver"],"picked":"Glacier","floor":5},{"not_picked":["Beam Cell","Barrage"],"picked":"Coolheaded","floor":6},{"not_picked":["Barrage","Go for the Eyes"],"picked":"Conserve Battery","floor":7},{"not_picked":["Compile Driver","Meteor Strike"],"picked":"Conserve Battery","floor":8},{"not_picked":["Redo","Steam"],"picked":"Lockon","floor":12},{"not_picked":["Stack","Steam Power"],"picked":"Tempest","floor":14},{"not_picked":["Core Surge","Hyperbeam"],"picked":"Creative AI","floor":16},{"not_picked":["Cold Snap","Coolheaded"],"picked":"Rebound","floor":18},{"not_picked":["FTL","Heatsinks"],"picked":"Defragment","floor":22},{"not_picked":["Hello World+1","Biased Cognition"],"picked":"Self Repair","floor":23},{"not_picked":["Compile Driver","Recycle"],"picked":"Chaos","floor":25},{"not_picked":["Cold Snap+1","Turbo","Leap+1"],"picked":"Capacitor+1","floor":27},{"not_picked":["Ball Lightning","Cold Snap","Sweeping Beam"],"picked":"Creative AI+1","floor":30},{"not_picked":["Hologram+1","Double Energy","BootSequence"],"picked":"Loop+1","floor":31},{"not_picked":["Machine Learning+1","All For One","Reboot"],"picked":"Rainbow","floor":33},{"not_picked":["Barrage","Sweeping Beam","Chaos"],"picked":"Go for the Eyes","floor":34},{"not_picked":["Hologram+1","Streamline+1","Compile Driver"],"picked":"Barrage+1","floor":34},{"not_picked":["Compile Driver","Leap","Electrodynamics+1"],"picked":"Defragment+1","floor":34},{"not_picked":["Sweeping Beam","Reprogram","Leap+1"],"picked":"Capacitor+1","floor":34},{"not_picked":["Turbo","Hologram","Steam"],"picked":"Steam Power+1","floor":34},{"not_picked":["Hologram","Self Repair+1","Beam Cell+1"],"picked":"Conserve Battery+1","floor":35},{"not_picked":["Reboot","Rebound","Redo+1","Compile Driver"],"picked":"SKIP","floor":36},{"not_picked":["Recycle","Barrage","Conserve Battery+1"],"picked":"Double Energy+1","floor":38},{"not_picked":["Compile Driver","Chill+1","Go for the Eyes+1"],"picked":"Defragment+1","floor":39},{"not_picked":["Hologram+1","Reprogram+1","Self Repair+1","Double Energy"],"picked":"SKIP","floor":42},{"not_picked":["Leap","Gash+1","Aggregate+1"],"picked":"Coolheaded","floor":44},{"not_picked":["Barrage+1","Stack","Hologram"],"picked":"Sunder","floor":45},{"not_picked":["Genetic Algorithm+1","Amplify","Barrage+1"],"picked":"Storm+1","floor":46},{"not_picked":["Gash","Chaos","Compile Driver+1"],"picked":"Sunder+1","floor":47},{"not_picked":["Beam Cell+1","Barrage+1","Rebound","Lockon"],"picked":"SKIP","floor":48}],"player_experience":99197,"relics_obtained":[{"floor":6,"key":"Kunai"},{"floor":9,"key":"Smiling Mask"},{"floor":23,"key":"Frozen Egg 2"},{"floor":26,"key":"Question Card"},{"floor":31,"key":"Letter Opener"},{"floor":43,"key":"Ancient Tea Set"},{"floor":47,"key":"Bronze Scales"}],"event_choices":[{"event_name":"Golden Idol","player_choice":"Take Damage","floor":3,"damage_taken":0},{"event_name":"Dead Adventurer","player_choice":"Searched \u00272\u0027 times","floor":10,"damage_taken":0},{"event_name":"Big Fish","player_choice":"Donut","floor":11,"damage_taken":0},{"event_name":"Drug Dealer","player_choice":"Ignored","floor":20,"damage_taken":0},{"event_name":"Forgotten Altar","player_choice":"Gave Idol","floor":21,"damage_taken":0},{"event_name":"The Library","player_choice":"Heal","floor":28,"damage_taken":0}],"boss_relics":[{"not_picked":["Tiny House","Ectoplasm"],"picked":"Coffee Dripper"},{"not_picked":["Inserter","Black Star"],"picked":"Orrery"}],"items_purged_floors":[13,19,37,41],"is_endless":false,"potions_floor_spawned":[6,8,12,16,22,27,30,31,33,35,38,39,45,48],"ascension_level":0}