{"gold_per_floor":[114,124,124,149,8,52,52,123,147,147,19,32,32,56,56,187,187,187],"floor_reached":18,"playtime":1253,"items_purged":["Defend_B"],"score":170,"play_id":"4456a8bd-2241-4a21-ad98-cc4692ba94ba","local_time":"20180701002917","is_ascension_mode":false,"campfire_choices":[{"floor":7,"key":"REST"},{"floor":10,"key":"REST"},{"floor":15,"key":"REST"}],"neow_cost":"NONE","seed_source_timestamp":1492185058999707,"circlet_count":0,"master_deck":["Strike_B","Strike_B","Strike_B","Strike_B","Defend_B","Defend_B","Defend_B","Zap","Dualcast","Conserve Battery","Genetic Algorithm","Doom and Gloom","Biased Cognition","Auto Shields","Redo","Redo","Melter","Hologram","Meteor Strike","Decay","Pain","Doubt"],"special_seed":17712,"relics":["Lizard Tail","Golden Idol","Bronze Scales","Tiny Chest","Bag of Preparation","Calling Bell","Vajra","Letter Opener","Ice Cream"],"potions_floor_usage":[14,16],"damage_taken":[{"damage":2,"enemies":"Small Slimes","floor":1,"turns":4},{"damage":0,"enemies":"2 Louse","floor":2,"turns":4},{"damage":0,"enemies":"Cultist","floor":4,"turns":5},{"damage":17,"enemies":"3 Sentries","floor":6,"turns":5},{"damage":15,"enemies":"Lagavulin","floor":8,"turns":6},{"damage":23,"enemies":"Exordium Thugs","floor":12,"turns":4},{"damage":7,"enemies":"Gremlin Gang","floor":14,"turns":3},{"damage":51,"enemies":"The Guardian","floor":16,"turns":9},{"damage":0,"enemies":"Shell Parasite","floor":18,"turns":1}],"seed_played":"6667808573646206300","potions_obtained":[{"floor":1,"key":"Explosive Potion"},{"floor":4,"key":"SteroidPotion"},{"floor":8,"key":"Fire Potion"},{"floor":16,"key":"Ancient Potion"}],"is_trial":false,"path_per_floor":["M","M","?","M","$","E","R","E","T","R","$","M","$","M","R","B",null],"character_chosen":"DEFECT","items_purchased":["Biased Cognition","Redo"],"campfire_rested":3,"item_purchase_floors":[5,11],"current_hp_per_floor":[73,73,55,55,55,38,60,45,45,67,67,44,44,37,59,8,75,75],"gold":187,"neow_bonus":"BOSS_RELIC","is_prod":false,"is_daily":false,"chose_seed":false,"campfire_upgraded":0,"win_rate":0,"timestamp":1530401357,"path_taken":["M","M","?","M","$","E","R","E","T","R","$","?","?","M","R","BOSS","M"],"build_version":"2018-06-28","purchased_purges":1,"victory":false,"max_hp_per_floor":[75,75,75,75,75,75,75,75,75,75,75,75,75,75,75,75,75,75],"card_choices":[{"not_picked":["Rip and Tear","Steam"],"picked":"Conserve Battery","floor":1},{"not_picked":["Lockon","BootSequence"],"picked":"Genetic Algorithm","floor":2},{"not_picked":["Beam Cell","Scrape"],"picked":"Doom and Gloom","floor":4},{"not_picked":["Leap","Barrage"],"picked":"Auto Shields","floor":6},{"not_picked":["Reinforced Body","Ball Lightning"],"picked":"Redo","floor":8},{"not_picked":["Skim","Turbo"],"picked":"Melter","floor":12},{"not_picked":["Barrage","Steam"],"picked":"Hologram","floor":14},{"not_picked":["Fission","Seek"],"picked":"Meteor Strike","floor":16}],"player_experience":53255,"relics_obtained":[{"floor":6,"key":"Bronze Scales"},{"floor":8,"key":"Tiny Chest"},{"floor":9,"key":"Bag of Preparation"},{"floor":17,"key":"Vajra"},{"floor":17,"key":"Letter Opener"},{"floor":17,"key":"Ice Cream"}],"event_choices":[{"event_name":"Golden Idol","player_choice":"Take Damage","floor":3,"damage_taken":0}],"boss_relics":[{"not_picked":["Astrolabe","Cursed Key"],"picked":"Calling Bell"}],"items_purged_floors":[11],"is_endless":false,"potions_floor_spawned":[1,4,8,12,16],"killed_by":"Shell Parasite","ascension_level":0}