{"gold_per_floor":[118,133,308,13,30,60,73,73,98,127,143,155,166,166,166,296,296,315,315,339,354,12,12,12,12,38,53,86,86,86,109,109,232,232,255,271,291,305,305,305,324,324,324,345,386,215,229,74,74,74],"floor_reached":51,"playtime":6855,"items_purged":["Doubt","Dualcast"],"score":713,"play_id":"5cd3af48-99a0-4e96-9582-0a9dd5d529e9","local_time":"20180630111224","is_ascension_mode":false,"campfire_choices":[{"floor":8,"key":"REST"},{"floor":15,"key":"REST"},{"floor":23,"key":"REST"},{"floor":25,"key":"REST"},{"floor":32,"key":"REST"},{"floor":40,"key":"REST"},{"floor":42,"key":"REST"},{"floor":49,"key":"REST"}],"neow_cost":"NONE","seed_source_timestamp":1438719382532374,"circlet_count":0,"master_deck":["Strike_B+1","Strike_B+1","Strike_B+1","Strike_B+1","Defend_B+1","Defend_B+1","Defend_B+1","Defend_B+1","Zap","Storm","Genetic Algorithm","Chaos","Doom and Gloom","Loop","Loop","Coolheaded","Creative AI","Ball Lightning","Redo","Storm","White Noise","Echo Form","Capacitor+1","Chaos+1","Sweeping Beam+1","Conserve Battery","Sweeping Beam","FTL","White Noise","Machine Learning","Genetic Algorithm+1","Barrage+1","BootSequence+1","Storm+1","Finesse","Hello World","Electrodynamics","Capacitor","Go for the Eyes+1"],"relics":["Fusion Hammer","Lantern","Bronze Scales","Pen Nib","Golden Idol","Sozu","Mango","Potion Belt","Peace Pipe","Happy Flower","Nuclear Battery","Blood Vial","Gremlin Horn","Anchor"],"potions_floor_usage":[16,28,47],"damage_taken":[{"damage":3,"enemies":"Jaw Worm","floor":1,"turns":3},{"damage":1,"enemies":"2 Louse","floor":2,"turns":2},{"damage":0,"enemies":"Small Slimes","floor":5,"turns":3},{"damage":26,"enemies":"Gremlin Nob","floor":6,"turns":4},{"damage":2,"enemies":"Gremlin Gang","floor":7,"turns":4},{"damage":10,"enemies":"3 Sentries","floor":10,"turns":5},{"damage":0,"enemies":"3 Louse","floor":11,"turns":3},{"damage":0,"enemies":"Large Slime","floor":12,"turns":4},{"damage":5,"enemies":"Looter","floor":13,"turns":2},{"damage":43,"enemies":"The Guardian","floor":16,"turns":5},{"damage":10,"enemies":"Chosen","floor":18,"turns":4},{"damage":25,"enemies":"2 Thieves","floor":20,"turns":4},{"damage":15,"enemies":"Centurion and Healer","floor":21,"turns":4},{"damage":10,"enemies":"3 Cultists","floor":27,"turns":4},{"damage":38,"enemies":"Slavers","floor":28,"turns":4},{"damage":7,"enemies":"Snake Plant","floor":31,"turns":3},{"damage":6,"enemies":"Collector","floor":33,"turns":5},{"damage":16,"enemies":"3 Darklings","floor":35,"turns":4},{"damage":0,"enemies":"Orb Walker","floor":36,"turns":4},{"damage":22,"enemies":"Maw","floor":37,"turns":6},{"damage":16,"enemies":"3 Darklings","floor":38,"turns":6},{"damage":19,"enemies":"4 Shapes","floor":41,"turns":4},{"damage":0,"enemies":"Maw","floor":44,"turns":5},{"damage":1,"enemies":"Giant Head","floor":45,"turns":5},{"damage":0,"enemies":"3 Darklings","floor":47,"turns":3},{"damage":35,"enemies":"Donu and Deca","floor":50,"turns":5}],"seed_played":"5365847340661451379","potions_obtained":[{"floor":1,"key":"PowerPotion"},{"floor":2,"key":"Strength Potion"},{"floor":10,"key":"Dexterity Potion"},{"floor":11,"key":"GamblersBrew"}],"is_trial":false,"path_per_floor":["M","M","?","$","M","E","M","R","T","E","M","M","M","?","R","B",null,"M","?","M","M","$","R","?","R","T","M","E","?","T","M","R","B",null,"M","M","M","M","?","R","M","R","T","M","E","$","M","$","R","B"],"character_chosen":"DEFECT","items_purchased":["Chaos","Doom and Gloom","Loop","Mango","Conserve Battery","Capacitor","Anchor"],"campfire_rested":8,"item_purchase_floors":[4,4,4,22,22,46,48],"current_hp_per_floor":[72,71,71,71,71,45,43,65,65,55,55,55,50,32,54,11,75,65,65,40,25,39,65,49,75,75,65,27,27,27,20,46,40,89,73,73,58,42,42,68,49,75,75,84,85,85,87,87,89,54],"gold":74,"neow_bonus":"BOSS_RELIC","is_prod":false,"is_daily":false,"chose_seed":false,"campfire_upgraded":0,"win_rate":0.0,"timestamp":1530353544,"path_taken":["M","M","?","$","?","E","M","R","T","E","?","M","M","?","R","BOSS","M","?","M","?","$","R","?","R","T","M","E","?","?","M","R","BOSS","M","M","M","?","?","R","M","R","T","M","E","$","M","$","R","BOSS"],"build_version":"2018-06-28","purchased_purges":2,"victory":true,"max_hp_per_floor":[75,75,75,75,75,75,75,75,75,75,75,75,75,75,75,75,75,75,75,75,75,89,89,89,89,89,89,89,89,89,89,89,89,89,89,89,89,89,89,89,89,89,89,89,89,89,89,89,89,89],"card_choices":[{"not_picked":["Conserve Battery","Redo"],"picked":"Storm","floor":1},{"not_picked":["Compile Driver","Doom and Gloom"],"picked":"Genetic Algorithm","floor":2},{"not_picked":["Fusion","Rebound"],"picked":"Loop","floor":5},{"not_picked":["Rip and Tear","Cold Snap"],"picked":"Coolheaded","floor":6},{"not_picked":["Aggregate","Gash"],"picked":"Creative AI","floor":7},{"not_picked":["Hologram","Capacitor"],"picked":"Ball Lightning","floor":10},{"not_picked":["Scrape","BootSequence"],"picked":"Redo","floor":11},{"not_picked":["Gash","Stack"],"picked":"Storm","floor":12},{"not_picked":["Conserve Battery","Beam Cell"],"picked":"White Noise","floor":13},{"not_picked":["All For One","Seek"],"picked":"Echo Form","floor":16},{"not_picked":["White Noise","Coolheaded+1"],"picked":"Capacitor+1","floor":18},{"not_picked":["Barrage+1","Streamline"],"picked":"Chaos+1","floor":20},{"not_picked":["Fission","Stack"],"picked":"Sweeping Beam+1","floor":21},{"not_picked":["Stack","Beam Cell"],"picked":"Sweeping Beam","floor":27},{"not_picked":["Conserve Battery","Chaos"],"picked":"FTL","floor":28},{"not_picked":["Coolheaded+1","Chaos"],"picked":"White Noise","floor":31},{"not_picked":["Thunder Strike","Rainbow"],"picked":"Machine Learning","floor":33},{"not_picked":["Steam","Gash"],"picked":"Genetic Algorithm+1","floor":35},{"not_picked":["Compile Driver","Ball Lightning+1"],"picked":"Barrage+1","floor":36},{"not_picked":["Lockon+1","Streamline"],"picked":"BootSequence+1","floor":37},{"not_picked":["Redo","Hello World"],"picked":"Storm+1","floor":38},{"not_picked":["Deep Breath","Madness"],"picked":"Finesse","floor":39},{"not_picked":["Barrage+1","Sweeping Beam+1"],"picked":"Hello World","floor":41},{"not_picked":["Rebound+1","Beam Cell"],"picked":"Electrodynamics","floor":44},{"not_picked":["Reinforced Body","Chaos","Genetic Algorithm"],"picked":"SKIP","floor":45},{"not_picked":["Gash","Hologram"],"picked":"Go for the Eyes+1","floor":47}],"player_experience":28376,"relics_obtained":[{"floor":6,"key":"Lantern"},{"floor":9,"key":"Bronze Scales"},{"floor":10,"key":"Pen Nib"},{"floor":26,"key":"Potion Belt"},{"floor":28,"key":"Peace Pipe"},{"floor":30,"key":"Happy Flower"},{"floor":43,"key":"Blood Vial"},{"floor":45,"key":"Gremlin Horn"}],"event_choices":[{"event_name":"Liars Game","player_choice":"agreed","floor":3,"damage_taken":0},{"event_name":"Golden Idol","player_choice":"Take Damage","floor":14,"damage_taken":0},{"event_name":"Back to Basics","player_choice":"Simplicity","floor":19,"damage_taken":0},{"event_name":"Cursed Tome","player_choice":"Obtained Book","floor":24,"damage_taken":0},{"event_name":"Drug Dealer","player_choice":"Ignored","floor":29,"damage_taken":0},{"event_name":"SensoryStone","player_choice":"Memory 1","floor":39,"damage_taken":0}],"boss_relics":[{"not_picked":["Calling Bell","Philosopher\u0027s Stone"],"picked":"Sozu"},{"not_picked":["Cursed Key","Busted Crown"],"picked":"Nuclear Battery"}],"items_purged_floors":[4,46],"is_endless":false,"potions_floor_spawned":[1,2,10,11,21,31,33,36,41,44,45,47],"ascension_level":0}