{"gold_per_floor":[110,120,134,148,21,21,56,56,56,70,70,102,119,132,132,231,231,250,262,279,279,529,529,10,29,78,88,88,119,119,130,130,130],"floor_reached":33,"playtime":2430,"items_purged":["Defend_B","Regret"],"score":281,"play_id":"165fda78-3fe5-4bc2-ad15-c8d79a2bda0c","local_time":"20180702003404","is_ascension_mode":false,"campfire_choices":[{"data":"Conserve Battery","floor":6,"key":"SMITH"},{"data":"Consume","floor":15,"key":"SMITH"},{"floor":23,"key":"REST"},{"floor":28,"key":"REST"},{"floor":32,"key":"REST"}],"neow_cost":"NONE","seed_source_timestamp":1577696052722135,"circlet_count":0,"master_deck":["Strike_B","Strike_B","Strike_B","Defend_B","Defend_B","Zap","Dualcast","Conserve Battery+1","Cold Snap","BootSequence","White Noise+1","Ball Lightning","Sunder","Ball Lightning","Consume+1","Tempest","Capacitor","Thunder Strike","Leap","Beam Cell+1","Go for the Eyes","Seek","Tempest","Capacitor+1","Hello World","Barrage","Conserve Battery+1"],"relics":["Cracked Core","Torii","Shuriken","Mercury Hourglass","Philosopher\u0027s Stone","Bottled Lightning","Bag of Marbles","Gremlin Horn"],"potions_floor_usage":[7,12,12,16,16,31,31],"damage_taken":[{"damage":0,"enemies":"2 Louse","floor":1,"turns":1},{"damage":0,"enemies":"Cultist","floor":2,"turns":3},{"damage":4,"enemies":"Jaw Worm","floor":3,"turns":4},{"damage":8,"enemies":"Exordium Thugs","floor":4,"turns":5},{"damage":1,"enemies":"3 Sentries","floor":7,"turns":6},{"damage":1,"enemies":"Red Slaver","floor":10,"turns":2},{"damage":1,"enemies":"Gremlin Nob","floor":12,"turns":3},{"damage":1,"enemies":"Blue Slaver","floor":13,"turns":2},{"damage":0,"enemies":"Looter","floor":14,"turns":3},{"damage":6,"enemies":"Hexaghost","floor":16,"turns":6},{"damage":8,"enemies":"3 Byrds","floor":18,"turns":3},{"damage":10,"enemies":"Spheric Guardian","floor":19,"turns":3},{"damage":20,"enemies":"Chosen and Byrds","floor":20,"turns":4},{"damage":7,"enemies":"Sentry and Sphere","floor":25,"turns":3},{"damage":0,"enemies":"Snake Plant","floor":27,"turns":2},{"damage":31,"enemies":"Gremlin Leader","floor":29,"turns":5},{"damage":21,"enemies":"Slaver and Parasite","floor":31,"turns":4},{"damage":50,"enemies":"Collector","floor":33,"turns":3}],"seed_played":"-394957169996928690","potions_obtained":[{"floor":1,"key":"Strength Potion"},{"floor":10,"key":"Poison Potion"},{"floor":11,"key":"Strength Potion"},{"floor":11,"key":"Poison Potion"},{"floor":12,"key":"FocusPotion"},{"floor":25,"key":"Explosive Potion"},{"floor":27,"key":"SpeedPotion"}],"is_trial":false,"path_per_floor":["M","M","M","M","$","R","E","?","T","M","?","E","M","M","R","B",null,"M","M","M","?","?","R","$","M","T","M","R","E","?","M","R"],"character_chosen":"DEFECT","items_purchased":["Ball Lightning","Seek","Bottled Lightning"],"campfire_rested":3,"item_purchase_floors":[5,24,24],"current_hp_per_floor":[75,75,71,63,63,63,62,55,55,54,54,53,52,52,52,46,75,67,57,37,37,37,59,59,52,52,52,74,43,43,22,44,0],"gold":130,"neow_bonus":"REMOVE_CARD","is_prod":false,"is_daily":false,"chose_seed":false,"campfire_upgraded":2,"win_rate":0,"timestamp":1530488044,"path_taken":["M","M","M","M","$","R","E","?","T","M","?","E","M","M","R","BOSS","M","M","M","?","?","R","$","M","T","M","R","E","?","M","R","BOSS"],"build_version":"2018-06-28","purchased_purges":2,"victory":false,"max_hp_per_floor":[75,75,75,75,75,75,75,75,75,75,75,75,75,75,75,75,75,75,75,75,75,75,75,75,75,75,75,75,75,75,75,75,75],"card_choices":[{"not_picked":["Hello World","Steam"],"picked":"Conserve Battery","floor":1},{"not_picked":["Gash","Sweeping Beam"],"picked":"Cold Snap","floor":2},{"not_picked":["Recycle","Gash"],"picked":"BootSequence","floor":3},{"not_picked":["Steam","Gash"],"picked":"White Noise","floor":4},{"not_picked":["Recycle","Meteor Strike"],"picked":"Sunder","floor":7},{"not_picked":["Beam Cell","Heatsinks"],"picked":"Ball Lightning","floor":10},{"not_picked":["Cold Snap","Aggregate"],"picked":"Consume","floor":12},{"not_picked":["Ball Lightning","Sunder"],"picked":"Tempest","floor":13},{"not_picked":["Turbo","Streamline"],"picked":"Capacitor","floor":14},{"not_picked":["Amplify","Machine Learning"],"picked":"Thunder Strike","floor":16},{"not_picked":["Sunder","Redo"],"picked":"Leap","floor":18},{"not_picked":["BootSequence+1","Ball Lightning"],"picked":"Beam Cell+1","floor":19},{"not_picked":["Glacier","Streamline"],"picked":"Go for the Eyes","floor":20},{"not_picked":["Scrape","Rip and Tear"],"picked":"Tempest","floor":25},{"not_picked":["Reboot","Leap"],"picked":"Capacitor+1","floor":27},{"not_picked":["Beam Cell","Fusion"],"picked":"Hello World","floor":29},{"not_picked":["Steam Power","Turbo"],"picked":"Conserve Battery+1","floor":31}],"player_experience":78384,"relics_obtained":[{"floor":7,"key":"Torii"},{"floor":9,"key":"Shuriken"},{"floor":12,"key":"Mercury Hourglass"},{"floor":26,"key":"Bag of Marbles"},{"floor":29,"key":"Gremlin Horn"}],"event_choices":[{"event_name":"Golden Wing","player_choice":"Card Removal","floor":8,"damage_taken":0},{"event_name":"The Lab","player_choice":"Got Potions","floor":11,"damage_taken":0},{"event_name":"Accursed Blacksmith","player_choice":"Forge","floor":21,"damage_taken":0},{"event_name":"Golden Shrine","player_choice":"Desecrate","floor":22,"damage_taken":0},{"event_name":"The Library","player_choice":"Read","floor":30,"damage_taken":0}],"boss_relics":[{"not_picked":["Coffee Dripper","Runic Dome"],"picked":"Philosopher\u0027s Stone"}],"items_purged_floors":[5,24],"is_endless":false,"potions_floor_spawned":[1,10,12,25,27],"killed_by":"Collector","ascension_level":0}