{"gold_per_floor":[118,132,7,7,26,56,56,72,96,51,65,65,82,96,96,194,194,205,225,236,247,0,0,26,26,76,0,10,10],"floor_reached":29,"playtime":3777,"items_purged":["Doubt"],"score":249,"play_id":"e11dddf8-c935-4c1f-b031-557385ef36c1","local_time":"20180629234652","is_ascension_mode":false,"campfire_choices":[{"data":"Loop","floor":7,"key":"SMITH"},{"data":"Double Energy","floor":12,"key":"SMITH"},{"floor":15,"key":"REST"},{"floor":23,"key":"REST"},{"floor":25,"key":"REST"}],"neow_cost":"CURSE","seed_source_timestamp":1400709755437531,"circlet_count":0,"master_deck":["Strike_B","Strike_B","Strike_B","Strike_B","Defend_B","Defend_B","Defend_B","Zap","Dualcast","Rainbow","Genetic Algorithm","Loop+1","Cold Snap","Compile Driver","Redo","Double Energy+1","Capacitor","Go for the Eyes","Steam","All For One","Barrage","Defragment+1","Defragment+1","Heatsinks+1","Lockon","Ball Lightning"],"relics":["Cracked Core","Anchor","Juzu Bracelet","Eternal Feather","Pantograph","Happy Flower","Blood Vial"],"potions_floor_usage":[20,29,29,29],"damage_taken":[{"damage":2,"enemies":"Small Slimes","floor":1,"turns":4},{"damage":1,"enemies":"2 Louse","floor":2,"turns":2},{"damage":2,"enemies":"Cultist","floor":5,"turns":4},{"damage":8,"enemies":"3 Sentries","floor":6,"turns":6},{"damage":0,"enemies":"Looter","floor":8,"turns":3},{"damage":4,"enemies":"Large Slime","floor":11,"turns":5},{"damage":5,"enemies":"3 Louse","floor":13,"turns":4},{"damage":4,"enemies":"Exordium Thugs","floor":14,"turns":5},{"damage":10,"enemies":"Hexaghost","floor":16,"turns":8},{"damage":3,"enemies":"3 Byrds","floor":18,"turns":6},{"damage":14,"enemies":"Spheric Guardian","floor":19,"turns":5},{"damage":27,"enemies":"Cultist and Chosen","floor":20,"turns":7},{"damage":21,"enemies":"Snake Plant","floor":21,"turns":4},{"damage":28,"enemies":"Gremlin Leader","floor":24,"turns":12},{"damage":15,"enemies":"Snecko","floor":28,"turns":6},{"damage":41,"enemies":"Slavers","floor":29,"turns":3}],"seed_played":"6839282842795765712","potions_obtained":[{"floor":1,"key":"FearPotion"},{"floor":6,"key":"Strength Potion"},{"floor":11,"key":"GamblersBrew"},{"floor":13,"key":"PowerPotion"},{"floor":20,"key":"FocusPotion"}],"is_trial":false,"path_per_floor":["M","M","$","?","M","E","R","M","T","?","M","R","M","M","R","B",null,"M","M","M","M","$","R","E","R","T","?","M"],"character_chosen":"DEFECT","items_purchased":["Cold Snap","Pantograph"],"campfire_rested":3,"item_purchase_floors":[3,22],"current_hp_per_floor":[73,72,72,65,63,55,55,55,55,55,51,51,46,42,64,54,75,72,58,31,10,10,40,12,44,44,44,31,0],"gold":10,"neow_bonus":"THREE_RARE_CARDS","is_prod":false,"is_daily":false,"chose_seed":false,"campfire_upgraded":2,"win_rate":0.0,"timestamp":1530312412,"path_taken":["M","M","$","?","M","E","R","M","T","?","M","R","M","M","R","BOSS","M","M","M","M","$","R","E","R","T","?","M","E"],"build_version":"2018-06-28","purchased_purges":1,"victory":false,"max_hp_per_floor":[75,75,75,75,75,75,75,75,75,75,75,75,75,75,75,75,75,75,75,75,75,75,75,75,75,75,75,75,75],"card_choices":[{"not_picked":["Multi-Cast","Biased Cognition"],"picked":"Rainbow","floor":0},{"not_picked":["Barrage","Conserve Battery"],"picked":"Genetic Algorithm","floor":1},{"not_picked":["Coolheaded","Darkness"],"picked":"Loop","floor":2},{"not_picked":["Stack","Beam Cell"],"picked":"Compile Driver","floor":5},{"not_picked":["Skim","Steam"],"picked":"Redo","floor":6},{"not_picked":["Rainbow","Gash"],"picked":"Double Energy","floor":8},{"not_picked":["Steam","Sweeping Beam"],"picked":"Capacitor","floor":11},{"not_picked":["Cold Snap","Chaos"],"picked":"Go for the Eyes","floor":13},{"not_picked":["Coolheaded","Gash"],"picked":"Steam","floor":14},{"not_picked":["Biased Cognition","Rainbow"],"picked":"All For One","floor":16},{"not_picked":["Stack+1","Compile Driver"],"picked":"Barrage","floor":18},{"not_picked":["Consume+1","Hologram"],"picked":"Defragment+1","floor":19},{"not_picked":["Ball Lightning+1","Barrage"],"picked":"Defragment+1","floor":20},{"not_picked":["Hologram","Cold Snap"],"picked":"Heatsinks+1","floor":21},{"not_picked":["Blizzard","Scrape"],"picked":"Lockon","floor":24},{"not_picked":["Compile Driver","Stack"],"picked":"Ball Lightning","floor":28}],"player_experience":21419,"relics_obtained":[{"floor":6,"key":"Anchor"},{"floor":9,"key":"Juzu Bracelet"},{"floor":24,"key":"Happy Flower"},{"floor":26,"key":"Blood Vial"}],"event_choices":[{"event_name":"Golden Wing","player_choice":"Card Removal","floor":4,"damage_taken":0},{"event_name":"World of Goop","player_choice":"Left","floor":10,"damage_taken":0},{"event_name":"Masked Bandits","player_choice":"Paid Bandits 76 gold","floor":27,"damage_taken":0}],"boss_relics":[{"not_picked":["Lizard Tail","Sozu"],"picked":"Eternal Feather"}],"items_purged_floors":[3],"is_endless":false,"potions_floor_spawned":[1,6,11,13,20,21,28],"killed_by":"Slavers","ascension_level":0}