{"gold_per_floor":[115,130,149,163,65,65,75,107,107,138,138,150,150,0,0,105,105,118,131,86,101,101,101,133,133,187,201,201,215,241,241,241,338,338,357,372,86,101,114,146,146,146,146,146,171,171,201,59,59,59],"floor_reached":51,"playtime":8049,"items_purged":["Strike_B"],"score":1202,"play_id":"b6d8cbda-b4dd-4af9-9d76-aeb88a214e42","local_time":"20180717233550","is_ascension_mode":true,"campfire_choices":[{"data":"Zap","floor":6,"key":"SMITH"},{"data":"Scrape","floor":13,"key":"SMITH"},{"floor":15,"key":"REST"},{"data":"Go for the Eyes","floor":23,"key":"SMITH"},{"data":"Chill","floor":25,"key":"SMITH"},{"data":"Seek","floor":28,"key":"SMITH"},{"data":"Hologram","floor":32,"key":"SMITH"},{"data":"Beam Cell","floor":42,"key":"SMITH"},{"data":"Gash","floor":44,"key":"SMITH"},{"data":"Steam","floor":49,"key":"SMITH"}],"neow_cost":"NONE","seed_source_timestamp":2950983106892466,"circlet_count":0,"master_deck":["Zap+1","Melter","Scrape+1","Gash+1","Gash","Leap","Self Repair","Hologram+1","Chill+1","Seek+1","Conserve Battery","Hello World","Compile Driver","Undo","Reprogram","Leap","Self Repair","Glacier","Beam Cell+1","Go for the Eyes+1","Scrape+1","Gash+1","Go for the Eyes+1","FTL+1","Echo Form","BootSequence","Hologram+1","Finesse","Conserve Battery+1","Stack+1","Hologram+1","Rebound+1","Loop","Gash+1","Flash of Steel+1","Steam+1"],"relics":["Cracked Core","Orichalcum","Darkstone Periapt","Vajra","Pandora\u0027s Box","Mummified Hand","Calipers","Bag of Preparation","Dream Catcher","Empty Cage","Sling","Happy Flower","Torii","Blue Candle","Molten Egg 2","Omamori"],"potions_floor_usage":[24,33,33,50,50,50],"damage_taken":[{"damage":1,"enemies":"Cultist","floor":1,"turns":4},{"damage":6,"enemies":"2 Louse","floor":2,"turns":3},{"damage":7,"enemies":"Jaw Worm","floor":3,"turns":3},{"damage":1,"enemies":"2 Fungi Beasts","floor":4,"turns":3},{"damage":6,"enemies":"Blue Slaver","floor":7,"turns":3},{"damage":21,"enemies":"Lagavulin","floor":8,"turns":5},{"damage":14,"enemies":"3 Sentries","floor":10,"turns":5},{"damage":5,"enemies":"Exordium Thugs","floor":12,"turns":3},{"damage":48,"enemies":"The Guardian","floor":16,"turns":10},{"damage":0,"enemies":"Spheric Guardian","floor":18,"turns":3},{"damage":4,"enemies":"Shell Parasite","floor":19,"turns":5},{"damage":0,"enemies":"Sentry and Sphere","floor":21,"turns":3},{"damage":15,"enemies":"Slavers","floor":24,"turns":6},{"damage":12,"enemies":"Snake Plant","floor":27,"turns":4},{"damage":9,"enemies":"Slaver and Parasite","floor":29,"turns":5},{"damage":0,"enemies":"Gremlin Leader","floor":30,"turns":5},{"damage":3,"enemies":"Automaton","floor":33,"turns":6},{"damage":14,"enemies":"3 Darklings","floor":35,"turns":3},{"damage":0,"enemies":"3 Shapes","floor":36,"turns":5},{"damage":0,"enemies":"3 Darklings","floor":38,"turns":5},{"damage":1,"enemies":"Spire Growth","floor":39,"turns":4},{"damage":2,"enemies":"2 Orb Walkers","floor":40,"turns":4},{"damage":1,"floor":41,"turns":6},{"damage":1,"enemies":"Nemesis","floor":45,"turns":3},{"damage":10,"enemies":"Giant Head","floor":47,"turns":6},{"damage":22,"enemies":"Awakened One","floor":50,"turns":11}],"seed_played":"6660290884587193209","potions_obtained":[{"floor":8,"key":"GamblersBrew"},{"floor":10,"key":"Ancient Potion"},{"floor":12,"key":"Swift Potion"},{"floor":16,"key":"FocusPotion"},{"floor":27,"key":"LiquidBronze"},{"floor":31,"key":"EssenceOfSteel"},{"floor":38,"key":"Fire Potion"},{"floor":39,"key":"SkillPotion"},{"floor":41,"key":"FearPotion"}],"is_trial":false,"path_per_floor":["M","M","M","M","$","R","M","E","T","E","?","M","R","$","R","B",null,"M","M","$","M","?","R","E","R","T","M","R","M","E","?","R","B",null,"M","M","$","M","M","E","?","R","T","R","E","?","E","$","R","B"],"character_chosen":"DEFECT","items_purchased":["Gash","Leap","Chill","Beam Cell","Finesse","Sling","Flash of Steel+1","Steam"],"campfire_rested":1,"item_purchase_floors":[5,5,14,20,37,37,48,48],"current_hp_per_floor":[74,68,61,60,60,60,54,40,40,33,26,28,28,28,50,9,75,75,75,75,75,75,75,67,67,67,69,69,74,75,75,75,75,75,75,75,75,75,75,75,75,75,75,75,74,74,75,75,75,60],"gold":59,"neow_bonus":"REMOVE_CARD","is_prod":false,"is_daily":false,"chose_seed":false,"campfire_upgraded":9,"win_rate":0,"timestamp":1531866950,"path_taken":["M","M","M","M","$","R","M","E","T","E","?","M","R","$","R","BOSS","M","M","$","M","?","R","E","R","T","?","R","M","E","?","R","BOSS","M","M","$","M","M","E","?","R","T","R","E","?","E","$","R","BOSS"],"build_version":"2018-07-12","purchased_purges":1,"victory":true,"max_hp_per_floor":[75,75,75,75,75,75,75,75,75,75,75,75,75,75,75,75,75,75,75,75,75,75,75,75,75,75,75,75,75,75,75,75,75,75,75,75,75,75,75,75,75,75,75,75,75,75,75,75,75,75],"card_choices":[{"not_picked":["Steam","Turbo"],"picked":"Ball Lightning","floor":1},{"not_picked":["Beam Cell","Hologram"],"picked":"Melter","floor":2},{"not_picked":["Hologram","Double Energy"],"picked":"Scrape","floor":3},{"not_picked":["Steam Power","Redo"],"picked":"Gash","floor":4},{"not_picked":["Electrodynamics","Stack"],"picked":"Self Repair","floor":7},{"not_picked":["Recycle","Sweeping Beam","Auto Shields"],"picked":"SKIP","floor":8},{"not_picked":["Stack","Beam Cell"],"picked":"Hologram","floor":10},{"not_picked":["Aggregate","Amplify"],"picked":"Turbo","floor":12},{"not_picked":["Fission","Hyperbeam"],"picked":"Seek","floor":16},{"not_picked":["Reprogram+1","Coolheaded"],"picked":"Glacier","floor":18},{"not_picked":["Reinforced Body","Leap","Redo"],"picked":"SKIP","floor":19},{"not_picked":["Stack","Turbo"],"picked":"Go for the Eyes","floor":21},{"not_picked":["Thunder Strike","Steam Power"],"picked":"Scrape+1","floor":24},{"not_picked":["Hologram","Melter"],"picked":"Gash+1","floor":27},{"not_picked":["Chaos","Coolheaded"],"picked":"Go for the Eyes+1","floor":29},{"not_picked":["Genetic Algorithm","Hologram"],"picked":"FTL+1","floor":30},{"not_picked":["Biased Cognition","Hyperbeam"],"picked":"Echo Form","floor":33},{"not_picked":["Go for the Eyes","Streamline+1"],"picked":"BootSequence","floor":35},{"not_picked":["Fusion+1","Coolheaded+1"],"picked":"Hologram+1","floor":36},{"not_picked":["Skim","Undo"],"picked":"Conserve Battery+1","floor":38},{"not_picked":["Rip and Tear","Turbo","Capacitor+1"],"picked":"SKIP","floor":39},{"not_picked":["Streamline+1","Turbo+1"],"picked":"Stack+1","floor":40},{"not_picked":["Ball Lightning+1","Hyperbeam"],"picked":"Hologram+1","floor":41},{"not_picked":["Skim","Go for the Eyes"],"picked":"Rebound+1","floor":45},{"not_picked":["Turbo+1","Reinforced Body"],"picked":"Gash+1","floor":47}],"player_experience":322765,"relics_obtained":[{"floor":8,"key":"Orichalcum"},{"floor":9,"key":"Darkstone Periapt"},{"floor":24,"key":"Calipers"},{"floor":26,"key":"Bag of Preparation"},{"floor":30,"key":"Dream Catcher"},{"floor":40,"key":"Happy Flower"},{"floor":41,"key":"Torii"},{"floor":43,"key":"Blue Candle"},{"floor":45,"key":"Molten Egg 2"},{"floor":47,"key":"Omamori"}],"event_choices":[{"event_name":"Scrap Ooze","player_choice":"success","floor":11,"damage_taken":7},{"event_name":"The Mausoleum","player_choice":"Yes","floor":22,"damage_taken":0},{"event_name":"The Lab","player_choice":"Got Potions","floor":31,"damage_taken":0},{"event_name":"MindBloom","player_choice":"Fight","floor":41,"damage_taken":0},{"event_name":"Match and Keep!","player_choice":"1 cards matched","floor":46,"damage_taken":0}],"boss_relics":[{"not_picked":["Philosopher\u0027s Stone","Calling Bell"],"picked":"Pandora\u0027s Box"},{"not_picked":["Velvet Choker","Eternal Feather"],"picked":"Empty Cage"}],"items_purged_floors":[14],"is_endless":false,"potions_floor_spawned":[8,10,12,16,18,27,29,30,38,39,41,47],"ascension_level":4}