{"gold_per_floor":[113,130,130,130,130,130,159,169,169,188,213,213,228,244,244,340,340,358,376,204,219,230,230,261,261,288,288,303,313,328,338,338,338],"floor_reached":33,"playtime":2831,"items_purged":["Strike_B"],"score":340,"play_id":"e475728b-9452-414a-9b20-0ea6858bd68f","local_time":"20180715083021","is_ascension_mode":true,"campfire_choices":[{"data":"Zap","floor":6.0,"key":"SMITH"},{"data":"Go for the Eyes","floor":12.0,"key":"SMITH"},{"data":"Streamline","floor":15.0,"key":"SMITH"},{"data":"Multi-Cast","floor":23.0,"key":"SMITH"},{"floor":25.0,"key":"REST"},{"data":"Electrodynamics","floor":27.0,"key":"SMITH"},{"floor":32,"key":"REST"}],"neow_cost":"","seed_source_timestamp":0,"circlet_count":0,"master_deck":["Strike_B","Strike_B","Defend_B","Defend_B","Defend_B","Defend_B","Zap+1","Dualcast","Coolheaded","Coolheaded","Conserve Battery","Leap","Go for the Eyes+1","Electrodynamics+1","Streamline+1","Conserve Battery","Multi-Cast+1","Hologram+1","Cold Snap","Skim+1","Melter+1","Conserve Battery+1","Cold Snap+1","Glacier"],"special_seed":0,"relics":["FrozenCore","Letter Opener","Blood Vial","Regal Pillow","The Courier","Bronze Scales"],"potions_floor_usage":[33],"damage_taken":[{"damage":2.0,"enemies":"Jaw Worm","floor":1.0,"turns":3.0},{"damage":5.0,"enemies":"Small Slimes","floor":2.0,"turns":3.0},{"damage":3.0,"enemies":"Lagavulin","floor":7.0,"turns":8.0},{"damage":1.0,"enemies":"Cultist","floor":8.0,"turns":3.0},{"damage":2.0,"enemies":"Blue Slaver","floor":10.0,"turns":3.0},{"damage":7.0,"enemies":"3 Sentries","floor":11.0,"turns":8.0},{"damage":4.0,"enemies":"Lots of Slimes","floor":13.0,"turns":2.0},{"damage":1.0,"enemies":"Looter","floor":14.0,"turns":3.0},{"damage":11.0,"enemies":"The Guardian","floor":16.0,"turns":10.0},{"damage":12.0,"enemies":"2 Thieves","floor":18.0,"turns":3.0},{"damage":17.0,"enemies":"Spheric Guardian","floor":19.0,"turns":4.0},{"damage":18.0,"enemies":"Cultist and Chosen","floor":21.0,"turns":7.0},{"damage":1.0,"enemies":"3 Cultists","floor":22.0,"turns":3.0},{"damage":39.0,"enemies":"Slavers","floor":24.0,"turns":6.0},{"damage":12.0,"enemies":"Snake Plant","floor":28.0,"turns":4.0},{"damage":10.0,"enemies":"Chosen and Byrds","floor":29.0,"turns":4.0},{"damage":3,"enemies":"Centurion and Healer","floor":30,"turns":7},{"damage":15,"enemies":"Snake Plant","floor":31,"turns":4},{"damage":79,"enemies":"Automaton","floor":33,"turns":12}],"seed_played":"8505008548173035236","potions_obtained":[{"floor":1.0,"key":"FearPotion"},{"floor":4.0,"key":"Fruit Juice"},{"floor":4.0,"key":"FocusPotion"},{"floor":8.0,"key":"SpeedPotion"},{"floor":10.0,"key":"Poison Potion"},{"floor":14.0,"key":"LiquidBronze"},{"floor":18.0,"key":"FairyPotion"},{"floor":19.0,"key":"Regen Potion"},{"floor":24.0,"key":"Regen Potion"},{"floor":30,"key":"Explosive Potion"},{"floor":31,"key":"GamblersBrew"}],"is_trial":false,"path_per_floor":["M","M","?","?","?","R","E","M","T","M","E","R","M","M","R","B",null,"M","M","$","M","M","R","E","R","T","R","M","M","M","M","R"],"character_chosen":"DEFECT","items_purchased":["Cold Snap","FocusPotion"],"campfire_rested":2,"item_purchase_floors":[20,20],"current_hp_per_floor":[73,68,61,61,61,61,63,62,62,62,57,57,55,56,56,47,80,68,53,53,51,52,52,15,54,54,54,44,48,47,34,73,0],"gold":338,"neow_bonus":"","is_prod":false,"is_daily":false,"chose_seed":false,"campfire_upgraded":5,"win_rate":0,"timestamp":1531639821,"path_taken":["M","M","?","?","?","R","E","M","T","M","E","R","?","?","R","BOSS","M","M","$","M","M","R","E","R","T","R","M","M","M","M","R","BOSS"],"build_version":"2018-07-12","purchased_purges":1,"victory":false,"max_hp_per_floor":[75,75,75,75,75,75,80,80,80,80,80,80,80,80,80,80,80,80,80,80,80,80,80,80,80,80,80,80,80,80,80,80,80],"card_choices":[{"not_picked":["Heatsinks","Barrage"],"picked":"Coolheaded","floor":1.0},{"not_picked":["Fusion","Sweeping Beam"],"picked":"Coolheaded","floor":2.0},{"not_picked":["Core Surge","Compile Driver"],"picked":"Conserve Battery","floor":7.0},{"not_picked":["Scrape","Stack"],"picked":"Leap","floor":8.0},{"not_picked":["Stack","Gash"],"picked":"Go for the Eyes","floor":10.0},{"not_picked":["Sunder","Beam Cell"],"picked":"Electrodynamics","floor":11.0},{"not_picked":["Hologram","Sweeping Beam"],"picked":"Streamline","floor":13.0},{"not_picked":["Leap","Stack"],"picked":"Conserve Battery","floor":14.0},{"not_picked":["Core Surge","Hyperbeam"],"picked":"Multi-Cast","floor":16.0},{"not_picked":["Sweeping Beam","Cold Snap"],"picked":"Hologram+1","floor":18.0},{"not_picked":["Conserve Battery","Hologram","Genetic Algorithm"],"picked":"SKIP","floor":19.0},{"not_picked":["Undo","Fusion+1"],"picked":"Skim+1","floor":21.0},{"not_picked":["Recycle+1","Sweeping Beam","Leap"],"picked":"SKIP","floor":22.0},{"not_picked":["Cold Snap","Aggregate+1"],"picked":"Melter+1","floor":24.0},{"not_picked":["Aggregate","Recycle+1","Force Field"],"picked":"SKIP","floor":28.0},{"not_picked":["Storm","Skim+1"],"picked":"Conserve Battery+1","floor":29.0},{"not_picked":["Hologram","Leap"],"picked":"Cold Snap+1","floor":30},{"not_picked":["Go for the Eyes","Ball Lightning"],"picked":"Glacier","floor":31}],"player_experience":295813,"relics_obtained":[{"floor":7.0,"key":"Letter Opener"},{"floor":9.0,"key":"Blood Vial"},{"floor":11.0,"key":"Regal Pillow"},{"floor":24.0,"key":"The Courier"},{"floor":26.0,"key":"Bronze Scales"}],"event_choices":[{"event_name":"Golden Wing","player_choice":"Card Removal","floor":3.0,"damage_taken":0.0},{"event_name":"The Lab","player_choice":"Got Potions","floor":4.0,"damage_taken":0.0},{"event_name":"Liars Game","player_choice":"disagreed","floor":5.0,"damage_taken":0.0}],"boss_relics":[{"not_picked":["Empty Cage","Fusion Hammer"],"picked":"FrozenCore"}],"items_purged_floors":[20],"is_endless":false,"potions_floor_spawned":[1,8,10,14,18,19,24,30,31],"killed_by":"Automaton","ascension_level":4}