{"gold_per_floor":[109,129,129,129,129,129,155,155,203,223,235,235,32,32,32,137,137,154,171,186,186,197,197,223,223,248,248,248,50,50,70,70,171,171,186,186,240,251,266,266,297,309,309,321,340,340,366,40,40,40],"floor_reached":51,"playtime":3847,"items_purged":["Strike_B","Strike_B","Defend_B"],"score":825,"play_id":"971f80e1-89f1-4a96-9829-2a5d447c8053","local_time":"20180710092134","is_ascension_mode":false,"campfire_choices":[{"data":"Chill","floor":6,"key":"SMITH"},{"data":"Gash","floor":8,"key":"SMITH"},{"data":"Go for the Eyes","floor":12,"key":"SMITH"},{"data":"Leap","floor":15,"key":"SMITH"},{"data":"All For One","floor":23,"key":"SMITH"},{"data":"Hologram","floor":25,"key":"SMITH"},{"data":"Coolheaded","floor":27,"key":"SMITH"},{"data":"Turbo","floor":30,"key":"SMITH"},{"floor":32,"key":"REST"},{"data":"Beam Cell","floor":40,"key":"SMITH"},{"data":"Conserve Battery","floor":46,"key":"SMITH"},{"floor":49,"key":"REST"}],"neow_cost":"NONE","seed_source_timestamp":2299129109830594,"circlet_count":0,"master_deck":["Defend_B","Defend_B","Zap+1","Dualcast","Chill+1","Leap+1","Gash+1","Go for the Eyes+1","Leap+1","All For One+1","Gash","All For One+1","FTL+1","Coolheaded+1","Hologram+1","Steam+1","Conserve Battery+1","Turbo+1","Beam Cell+1","Reboot","Rebound+1","Finesse","Steam Power+1","Steam+1","Turbo+1","Panache"],"relics":["Cracked Core","Vajra","Bronze Scales","White Beast Statue","Dodecahedron","Pen Nib","Sozu","Unceasing Top","Oddly Smooth Stone","Mercury Hourglass","DataDisk"],"potions_floor_usage":[24,33,33,50],"damage_taken":[{"damage":0,"enemies":"2 Louse","floor":1,"turns":2},{"damage":1,"enemies":"Small Slimes","floor":2,"turns":3},{"damage":14,"enemies":"3 Sentries","floor":7,"turns":10},{"damage":4,"enemies":"Jaw Worm","floor":10,"turns":2},{"damage":0,"enemies":"Blue Slaver","floor":11,"turns":2},{"damage":7,"enemies":"Slime Boss","floor":16,"turns":4},{"damage":0,"enemies":"3 Byrds","floor":18,"turns":3},{"damage":0,"enemies":"Spheric Guardian","floor":19,"turns":2},{"damage":7,"enemies":"Cultist and Chosen","floor":20,"turns":6},{"damage":8,"enemies":"Sentry and Sphere","floor":22,"turns":4},{"damage":1,"enemies":"Book of Stabbing","floor":24,"turns":4},{"damage":9,"enemies":"Centurion and Healer","floor":31,"turns":5},{"damage":0,"enemies":"Collector","floor":33,"turns":4},{"damage":0,"enemies":"3 Shapes","floor":35,"turns":5},{"damage":0,"floor":37,"turns":4},{"damage":0,"enemies":"Orb Walker","floor":38,"turns":2},{"damage":0,"enemies":"4 Shapes","floor":39,"turns":4},{"damage":3,"enemies":"2 Orb Walkers","floor":41,"turns":4},{"damage":0,"enemies":"3 Darklings","floor":42,"turns":2},{"damage":0,"enemies":"Sphere and 2 Shapes","floor":44,"turns":3},{"damage":0,"enemies":"Maw","floor":45,"turns":4},{"damage":0,"enemies":"Nemesis","floor":47,"turns":5},{"damage":0,"enemies":"Donu and Deca","floor":50,"turns":3}],"seed_played":"1522663178504152533","potions_obtained":[{"floor":1,"key":"FearPotion"},{"floor":7,"key":"LiquidBronze"},{"floor":11,"key":"SkillPotion"},{"floor":18,"key":"AttackPotion"},{"floor":19,"key":"Regen Potion"},{"floor":24,"key":"GamblersBrew"},{"floor":31,"key":"SteroidPotion"},{"floor":33,"key":"GamblersBrew"}],"is_trial":false,"path_per_floor":["M","M","?","?","?","R","E","R","T","M","M","R","$","?","R","B",null,"M","M","M","?","M","R","E","R","T","R","?","$","R","M","R","B",null,"M","?","?","M","M","R","E","M","T","M","M","R","E","$","R","B"],"character_chosen":"DEFECT","items_purchased":["All For One","Gash","Turbo","Strength Potion","Panache"],"campfire_rested":2,"item_purchase_floors":[13,13,29,29,48],"current_hp_per_floor":[75,74,74,67,67,67,53,53,53,49,49,49,49,49,49,42,75,75,75,68,54,46,46,57,57,57,57,57,57,57,48,72,72,80,80,80,80,80,80,80,77,77,77,77,77,77,77,77,80,80],"gold":40,"neow_bonus":"UPGRADE_CARD","is_prod":false,"is_daily":false,"chose_seed":false,"campfire_upgraded":10,"win_rate":0,"timestamp":1531210894,"path_taken":["M","M","?","?","?","R","E","R","T","M","M","R","$","?","R","BOSS","M","M","M","?","M","R","E","R","T","R","?","$","R","M","R","BOSS","M","?","?","?","M","R","E","M","T","M","M","R","E","$","R","BOSS"],"build_version":"2018-07-05","purchased_purges":3,"victory":true,"max_hp_per_floor":[75,75,75,75,75,75,75,75,75,75,75,75,75,75,75,75,75,75,75,75,80,80,80,80,80,80,80,80,80,80,80,80,80,80,80,80,80,80,80,80,80,80,80,80,80,80,80,80,80,80],"card_choices":[{"not_picked":["White Noise","Skim"],"picked":"Chill","floor":1},{"not_picked":["Stack","Consume"],"picked":"Leap","floor":2},{"not_picked":["Redo","Compile Driver"],"picked":"Gash","floor":7},{"not_picked":["Sweeping Beam","Streamline"],"picked":"Go for the Eyes","floor":10},{"not_picked":["Heatsinks","BootSequence"],"picked":"Leap","floor":11},{"not_picked":["Buffer","Reboot"],"picked":"All For One","floor":16},{"not_picked":["Tempest+1","Stack"],"picked":"FTL+1","floor":18},{"not_picked":["Chaos","Darkness"],"picked":"Coolheaded","floor":19},{"not_picked":["Reinforced Body","Force Field"],"picked":"Hologram","floor":20},{"not_picked":["Tempest","Glacier"],"picked":"Steam+1","floor":22},{"not_picked":["Darkness","White Noise"],"picked":"Conserve Battery","floor":24},{"not_picked":["Streamline","Sweeping Beam"],"picked":"Beam Cell","floor":31},{"not_picked":["Creative AI","Biased Cognition"],"picked":"Reboot","floor":33},{"not_picked":["Streamline","Loop"],"picked":"Rebound+1","floor":35},{"not_picked":["Dark Shackles","Purity"],"picked":"Finesse","floor":36},{"not_picked":["BootSequence","FTL"],"picked":"Steam Power+1","floor":38},{"not_picked":["Storm+1","Undo","Barrage+1"],"picked":"SKIP","floor":39},{"not_picked":["Thunder Strike","Stack","Compile Driver+1"],"picked":"SKIP","floor":41},{"not_picked":["Ball Lightning","Hologram"],"picked":"Steam+1","floor":42},{"not_picked":["Sweeping Beam","Barrage+1"],"picked":"Turbo+1","floor":44},{"not_picked":["Ball Lightning","Go for the Eyes+1","Loop"],"picked":"SKIP","floor":45},{"not_picked":["Core Surge","Self Repair","Defragment"],"picked":"SKIP","floor":47}],"player_experience":214350,"relics_obtained":[{"floor":7,"key":"Vajra"},{"floor":9,"key":"Bronze Scales"},{"floor":24,"key":"Dodecahedron"},{"floor":26,"key":"Pen Nib"},{"floor":37,"key":"Unceasing Top"},{"floor":41,"key":"Oddly Smooth Stone"},{"floor":43,"key":"Mercury Hourglass"},{"floor":47,"key":"DataDisk"}],"event_choices":[{"event_name":"Living Wall","player_choice":"Grow","floor":3,"damage_taken":0},{"event_name":"Golden Wing","player_choice":"Card Removal","floor":4,"damage_taken":0},{"event_name":"Bonfire Elementals","player_choice":"BASIC","floor":5,"damage_taken":0},{"event_name":"Accursed Blacksmith","player_choice":"Forge","floor":14,"damage_taken":0},{"event_name":"Forgotten Altar","player_choice":"Shed Blood","floor":21,"damage_taken":0},{"event_name":"Back to Basics","player_choice":"Elegance","floor":28,"damage_taken":0},{"event_name":"SensoryStone","player_choice":"Memory 1","floor":36,"damage_taken":0},{"event_name":"Mysterious Sphere","player_choice":"Fight","floor":37,"damage_taken":0}],"boss_relics":[{"not_picked":["Runic Pyramid","Busted Crown"],"picked":"White Beast Statue"},{"not_picked":["Runic Dome","Snecko Eye"],"picked":"Sozu"}],"items_purged_floors":[13,29,48],"is_endless":false,"potions_floor_spawned":[1,7,11,18,19,20,22,24,31,33,35,37,38,39,41,42,44,45,47],"ascension_level":0}