{"gold_per_floor":[118,118,128,142,142,142,155,155,179,212,92,92,112,128,128,226,226,236,256,84,94,109,208,208,123,123,142,156,156,169,186,186,281,281,299,319,44,44,58,58,68,68,68,85,111,111,124,134,134,134],"floor_reached":51,"playtime":5515,"items_purged":["Strike_B","Defend_B","Gash"],"score":662,"play_id":"e35d24a7-70b6-4976-8e67-a898fd03e3db","local_time":"20180709200340","is_ascension_mode":false,"campfire_choices":[{"data":"Coolheaded","floor":6.0,"key":"SMITH"},{"data":"Capacitor","floor":8.0,"key":"SMITH"},{"data":"Leap","floor":12.0,"key":"SMITH"},{"data":"Ball Lightning","floor":15.0,"key":"SMITH"},{"floor":24,"key":"REST"},{"data":"Defragment","floor":29,"key":"SMITH"},{"floor":32,"key":"REST"},{"data":"Defragment","floor":40,"key":"SMITH"},{"data":"Chill","floor":42,"key":"SMITH"},{"floor":49,"key":"REST"}],"neow_cost":"NONE","seed_source_timestamp":0,"circlet_count":0,"master_deck":["Zap+1","Dualcast","Coolheaded+1","Rebound","Leap+1","Redo","Capacitor+1","Chill+1","Ball Lightning+1","Leap","Rebound","Echo Form","Hologram","Leap","Defragment+1","Defragment+1","Skim","Conserve Battery+1","Ball Lightning+1","Chaos+1","Go for the Eyes+1","Rainbow","Cold Snap","Cold Snap","Redo","Glacier","Barrage","Blizzard+1","Defragment+1","Coolheaded+1","BootSequence","Defragment","Blizzard+1"],"special_seed":0,"relics":["Cracked Core","Happy Flower","Centennial Puzzle","Du-Vu Doll","Nuclear Battery","Prayer Wheel","Ancient Tea Set","Pandora\u0027s Box","Letter Opener","Bag of Marbles"],"potions_floor_usage":[28,33,50,50,50],"damage_taken":[{"damage":0.0,"enemies":"2 Louse","floor":1.0,"turns":2.0},{"damage":0.0,"enemies":"Cultist","floor":3.0,"turns":4.0},{"damage":6.0,"enemies":"Jaw Worm","floor":4.0,"turns":2.0},{"damage":3.0,"enemies":"Large Slime","floor":7.0,"turns":3.0},{"damage":6.0,"enemies":"Gremlin Nob","floor":10.0,"turns":5.0},{"damage":7.0,"enemies":"Exordium Thugs","floor":13.0,"turns":4.0},{"damage":2.0,"enemies":"Blue Slaver","floor":14.0,"turns":3.0},{"damage":23.0,"enemies":"The Guardian","floor":16.0,"turns":10.0},{"damage":10.0,"enemies":"Shell Parasite","floor":18.0,"turns":5.0},{"damage":16.0,"enemies":"Chosen","floor":19.0,"turns":6.0},{"damage":10,"enemies":"Snake Plant","floor":21,"turns":6},{"damage":10,"enemies":"Snecko","floor":22,"turns":5},{"damage":11,"enemies":"Centurion and Healer","floor":27,"turns":6},{"damage":5,"enemies":"Snake Plant","floor":28,"turns":4},{"damage":18,"enemies":"3 Cultists","floor":30,"turns":7},{"damage":1,"enemies":"Snecko","floor":31,"turns":4},{"damage":28,"enemies":"Champ","floor":33,"turns":10},{"damage":16,"enemies":"3 Darklings","floor":35,"turns":6},{"damage":2,"enemies":"3 Shapes","floor":36,"turns":6},{"damage":2,"enemies":"Sphere and 2 Shapes","floor":39,"turns":7},{"damage":0,"enemies":"4 Shapes","floor":41,"turns":7},{"damage":7,"enemies":"3 Darklings","floor":44,"turns":3},{"damage":26,"enemies":"2 Orb Walkers","floor":45,"turns":5},{"damage":0,"enemies":"Maw","floor":47,"turns":8},{"damage":9,"enemies":"Sphere and 2 Shapes","floor":48,"turns":6},{"damage":6,"enemies":"Time Eater","floor":50,"turns":7}],"seed_played":"5007546622244040826","potions_obtained":[{"floor":3.0,"key":"PowerPotion"},{"floor":4.0,"key":"Weak Potion"},{"floor":21,"key":"LiquidBronze"},{"floor":27,"key":"GamblersBrew"},{"floor":30,"key":"GamblersBrew"},{"floor":39,"key":"Swift Potion"},{"floor":41,"key":"FocusPotion"},{"floor":45,"key":"FocusPotion"}],"is_trial":false,"path_per_floor":["M","?","M","M","?","R","M","R","T","E","$","R","M","M","R","B",null,"M","M","$","M","M","?","R","?","T","M","M","R","M","M","R","B",null,"M","M","$","?","M","R","M","R","T","M","E","?","M","M","R","B"],"character_chosen":"DEFECT","items_purchased":["Ball Lightning","Defragment","Defragment","EssenceOfSteel"],"campfire_rested":3,"item_purchase_floors":[11,20,37,37],"current_hp_per_floor":[75,75,75,69,57,57,54,54,54,48,48,48,41,39,39,16,75,65,49,49,39,29,29,51,51,51,40,35,35,17,16,38,10,75,59,57,57,75,73,73,73,73,73,66,40,40,40,31,53,47],"gold":134,"neow_bonus":"THREE_CARDS","is_prod":false,"is_daily":false,"chose_seed":false,"campfire_upgraded":7,"win_rate":0,"timestamp":1531163020,"path_taken":["M","?","M","M","?","R","M","R","T","E","$","R","?","M","R","BOSS","M","M","$","M","M","?","R","?","T","M","M","R","M","M","R","BOSS","M","M","$","?","M","R","M","R","T","?","E","?","M","M","R","BOSS"],"build_version":"2018-07-05","purchased_purges":3,"victory":true,"max_hp_per_floor":[75,75,75,75,75,75,75,75,75,75,75,75,75,75,75,75,75,75,75,75,75,75,75,75,75,75,75,75,75,75,75,75,75,75,75,75,75,75,75,75,75,75,75,75,75,75,75,75,75,75],"card_choices":[{"not_picked":["Chaos","Compile Driver"],"picked":"Coolheaded","floor":0.0},{"not_picked":["Ball Lightning","Static Discharge"],"picked":"Rebound","floor":1.0},{"not_picked":["Sunder","Beam Cell"],"picked":"Leap","floor":3.0},{"not_picked":["Streamline","Stack"],"picked":"Redo","floor":4.0},{"not_picked":["Gash","Compile Driver"],"picked":"Capacitor","floor":7.0},{"not_picked":["Hello World","Electrodynamics"],"picked":"Chill","floor":10.0},{"not_picked":["Undo","Steam"],"picked":"Leap","floor":13.0},{"not_picked":["Streamline","Turbo"],"picked":"Rebound","floor":14.0},{"not_picked":["Biased Cognition","Reboot"],"picked":"Echo Form","floor":16.0},{"not_picked":["Rip and Tear","Cold Snap"],"picked":"Hologram","floor":18.0},{"not_picked":["Turbo","Steam"],"picked":"Leap","floor":19.0},{"not_picked":["Conserve Battery","FTL"],"picked":"Defragment+1","floor":21},{"not_picked":["Compile Driver","Hologram","Core Surge"],"picked":"SKIP","floor":22},{"not_picked":["Go for the Eyes","Redo"],"picked":"Skim","floor":27},{"not_picked":["Rebound","Conserve Battery","Stack"],"picked":"SKIP","floor":27},{"not_picked":["Cold Snap","Loop"],"picked":"Conserve Battery+1","floor":28},{"not_picked":["Amplify","Beam Cell"],"picked":"Ball Lightning+1","floor":28},{"not_picked":["Reprogram","Beam Cell"],"picked":"Chaos+1","floor":30},{"not_picked":["Leap","Beam Cell","Stack"],"picked":"SKIP","floor":30},{"not_picked":["Heatsinks+1","Leap"],"picked":"Go for the Eyes+1","floor":31},{"not_picked":["Steam Power","Undo","Chill"],"picked":"SKIP","floor":31},{"not_picked":["Meteor Strike","Thunder Strike"],"picked":"Rainbow","floor":33},{"not_picked":["Sweeping Beam","Turbo","Coolheaded+1"],"picked":"SKIP","floor":35},{"not_picked":["Ball Lightning+1","Barrage+1","Turbo"],"picked":"SKIP","floor":35},{"not_picked":["Hologram","Cold Snap"],"picked":"Blizzard+1","floor":36},{"not_picked":["Scrape","Fusion","Coolheaded+1"],"picked":"SKIP","floor":36},{"not_picked":["Streamline","Hologram+1","Rip and Tear+1"],"picked":"SKIP","floor":39},{"not_picked":["Echo Form","Chill","Cold Snap+1"],"picked":"SKIP","floor":39},{"not_picked":["Genetic Algorithm+1","Turbo"],"picked":"Coolheaded+1","floor":41},{"not_picked":["Gash+1","Turbo","Cold Snap+1"],"picked":"SKIP","floor":41},{"not_picked":["Darkness","Stack"],"picked":"BootSequence","floor":44},{"not_picked":["Stack","Genetic Algorithm","Reprogram+1"],"picked":"SKIP","floor":44},{"not_picked":["Conserve Battery+1","Lockon+1"],"picked":"Defragment","floor":45},{"not_picked":["Barrage","Hologram","Lockon"],"picked":"SKIP","floor":47},{"not_picked":["Leap+1","Ball Lightning","Redo"],"picked":"SKIP","floor":47},{"not_picked":["Amplify","White Noise"],"picked":"Blizzard+1","floor":48},{"not_picked":["Ball Lightning+1","Reprogram+1","Go for the Eyes"],"picked":"SKIP","floor":48}],"player_experience":196745,"relics_obtained":[{"floor":9.0,"key":"Centennial Puzzle"},{"floor":10.0,"key":"Du-Vu Doll"},{"floor":26,"key":"Ancient Tea Set"},{"floor":43,"key":"Letter Opener"},{"floor":45,"key":"Bag of Marbles"}],"event_choices":[{"event_name":"Upgrade Shrine","player_choice":"Upgraded","floor":2.0,"damage_taken":0.0},{"event_name":"Scrap Ooze","player_choice":"success","floor":5.0,"damage_taken":12.0},{"event_name":"Nest","player_choice":"Stole From Cult","floor":23,"damage_taken":0},{"event_name":"Addict","player_choice":"Obtained Relic","floor":25,"damage_taken":0},{"event_name":"Winding Halls","player_choice":"Writhe","floor":38,"damage_taken":0},{"event_name":"Fountain of Cleansing","player_choice":"Removed Curse","floor":46,"damage_taken":0}],"boss_relics":[{"not_picked":["Tiny House","Lizard Tail"],"picked":"Nuclear Battery"},{"not_picked":["Philosopher\u0027s Stone","Inserter"],"picked":"Pandora\u0027s Box"}],"items_purged_floors":[11,20,37],"is_endless":false,"potions_floor_spawned":[3,4,21,27,30,39,41,45,47],"ascension_level":0}