{"gold_per_floor":[110,123,140,160,176,176,203,217,217,232,252,177,177,194,194,295,295,314,330,178,190,203,215,215,228,228,228,259,271,271,290,290,290],"floor_reached":33,"playtime":3196,"items_purged":["Strike_B","Strike_B"],"score":279,"play_id":"cef2f160-b88b-4fbf-be27-bdbde6c8651e","local_time":"20180708191417","is_ascension_mode":false,"campfire_choices":[{"data":"Streamline","floor":6,"key":"SMITH"},{"floor":13,"key":"REST"},{"floor":15,"key":"REST"},{"data":"Conserve Battery","floor":24,"key":"SMITH"},{"floor":27,"key":"REST"},{"data":"Conserve Battery","floor":30,"key":"SMITH"},{"floor":32,"key":"REST"}],"neow_cost":"NONE","seed_source_timestamp":2162555246622837,"circlet_count":0,"master_deck":["Strike_B","Strike_B","Defend_B","Defend_B","Defend_B","Defend_B","Zap+1","Dualcast","Rebound","Streamline+1","Conserve Battery+1","Rebound","Melter","Reboot","Darkness","Redo","Doom and Gloom","Electrodynamics","Rainbow","Barrage+1","Conserve Battery+1","Ball Lightning","Beam Cell","Cold Snap","Glacier","Chill","All For One","Conserve Battery"],"relics":["Cracked Core","Dead Branch","Emotion Chip","Nuclear Battery","Letter Opener","Du-Vu Doll"],"potions_floor_usage":[11,16,16,22,28,31,33],"damage_taken":[{"damage":1,"enemies":"Cultist","floor":1,"turns":3},{"damage":3,"enemies":"2 Louse","floor":2,"turns":2},{"damage":3,"enemies":"Jaw Worm","floor":3,"turns":3},{"damage":1,"enemies":"Red Slaver","floor":4,"turns":3},{"damage":7,"enemies":"Blue Slaver","floor":5,"turns":3},{"damage":21,"enemies":"Lagavulin","floor":7,"turns":5},{"damage":6,"enemies":"3 Louse","floor":8,"turns":3},{"damage":23,"enemies":"Exordium Wildlife","floor":10,"turns":4},{"damage":5,"enemies":"Looter","floor":11,"turns":3},{"damage":0,"enemies":"Large Slime","floor":14,"turns":3},{"damage":19,"enemies":"Hexaghost","floor":16,"turns":6},{"damage":0,"enemies":"Spheric Guardian","floor":18,"turns":2},{"damage":11,"enemies":"Shell Parasite","floor":19,"turns":3},{"damage":11,"enemies":"Centurion and Healer","floor":21,"turns":5},{"damage":10,"enemies":"Slaver and Parasite","floor":22,"turns":4},{"damage":4,"enemies":"Snake Plant","floor":23,"turns":2},{"damage":0,"enemies":"3 Cultists","floor":25,"turns":4},{"damage":17,"enemies":"Slavers","floor":28,"turns":4},{"damage":3,"enemies":"Chosen and Byrds","floor":29,"turns":2},{"damage":11,"enemies":"Snake Plant","floor":31,"turns":2},{"damage":59,"enemies":"Champ","floor":33,"turns":8}],"seed_played":"7225889687027504135","potions_obtained":[{"floor":1,"key":"SteroidPotion"},{"floor":10,"key":"Swift Potion"},{"floor":11,"key":"EssenceOfSteel"},{"floor":14,"key":"Block Potion"},{"floor":21,"key":"Weak Potion"},{"floor":23,"key":"FocusPotion"},{"floor":25,"key":"Swift Potion"},{"floor":29,"key":"PowerPotion"}],"is_trial":false,"path_per_floor":["M","M","M","M","M","R","E","M","T","M","M","$","R","M","R","B",null,"M","M","$","M","M","M","R","M","T","R","E","M","R","M","R"],"character_chosen":"DEFECT","items_purchased":["Ball Lightning"],"campfire_rested":4,"item_purchase_floors":[20],"current_hp_per_floor":[74,71,68,67,60,60,39,33,33,10,5,5,27,27,49,30,75,75,64,64,53,43,39,39,39,39,61,44,41,41,30,52,0],"gold":290,"neow_bonus":"UPGRADE_CARD","is_prod":false,"is_daily":false,"chose_seed":false,"campfire_upgraded":3,"win_rate":0,"timestamp":1531073657,"path_taken":["M","M","M","M","?","R","E","M","T","M","M","$","R","M","R","BOSS","M","M","$","M","M","M","R","M","T","R","E","M","R","?","R","BOSS"],"build_version":"2018-07-05","purchased_purges":2,"victory":false,"max_hp_per_floor":[75,75,75,75,75,75,75,75,75,75,75,75,75,75,75,75,75,75,75,75,75,75,75,75,75,75,75,75,75,75,75,75,75],"card_choices":[{"not_picked":["Steam Power","Chaos"],"picked":"Rebound","floor":1},{"not_picked":["Skim","Sweeping Beam"],"picked":"Streamline","floor":2},{"not_picked":["Ball Lightning","Coolheaded"],"picked":"Conserve Battery","floor":3},{"not_picked":["Sweeping Beam","Gash"],"picked":"Rebound","floor":4},{"not_picked":["Stack","Hologram"],"picked":"Melter","floor":5},{"not_picked":["FTL","Rebound"],"picked":"Reboot","floor":7},{"not_picked":["Rebound","Aggregate"],"picked":"Darkness","floor":8},{"not_picked":["Reprogram","Stack"],"picked":"Redo","floor":10},{"not_picked":["Streamline","Recycle"],"picked":"Doom and Gloom","floor":11},{"not_picked":["Coolheaded","Redo"],"picked":"Electrodynamics","floor":14},{"not_picked":["Fission","Electrodynamics"],"picked":"Rainbow","floor":16},{"not_picked":["Redo","Stack"],"picked":"Barrage+1","floor":18},{"not_picked":["Skim+1","Steam+1"],"picked":"Conserve Battery","floor":19},{"not_picked":["Hologram","Compile Driver"],"picked":"Beam Cell","floor":21},{"not_picked":["White Noise","Skim"],"picked":"Cold Snap","floor":22},{"not_picked":["Barrage","Redo"],"picked":"Glacier","floor":23},{"not_picked":["Beam Cell","Rebound+1"],"picked":"Chill","floor":25},{"not_picked":["Steam","Recycle"],"picked":"All For One","floor":28},{"not_picked":["Skim","Recycle","Hologram"],"picked":"SKIP","floor":29},{"not_picked":["Gash","Stack"],"picked":"Conserve Battery","floor":31}],"player_experience":180663,"relics_obtained":[{"floor":7,"key":"Dead Branch"},{"floor":9,"key":"Emotion Chip"},{"floor":26,"key":"Letter Opener"},{"floor":28,"key":"Du-Vu Doll"}],"event_choices":[],"boss_relics":[{"not_picked":["Busted Crown","Empty Cage"],"picked":"Nuclear Battery"}],"items_purged_floors":[12,20],"is_endless":false,"potions_floor_spawned":[1,10,11,14,21,23,25,29],"killed_by":"Champ","ascension_level":0}