{"gold_per_floor":[311,327,338,357,357,357,418,418,418,438,466,466,466,484,484,585,585,603,616,616,373,388,414,428,447,474,474,474,474,485,498,498,595,595,614,614,371,387,4,4,14,14,14,27,47,64,64,116,116,116],"floor_reached":51,"playtime":4238,"items_purged":["Strike_B","Strike_B"],"score":673,"play_id":"2893880c-1511-492e-b58c-1d1fe2bf8a4a","local_time":"20180709211559","is_ascension_mode":false,"campfire_choices":[{"data":"Zap","floor":6,"key":"SMITH"},{"data":"Ball Lightning","floor":8,"key":"SMITH"},{"data":"Conserve Battery","floor":12,"key":"SMITH"},{"data":"Melter","floor":15,"key":"SMITH"},{"floor":29,"key":"REST"},{"data":"Defragment","floor":32,"key":"SMITH"},{"data":"Storm","floor":40,"key":"SMITH"},{"data":"Buffer","floor":42,"key":"SMITH"},{"floor":47,"key":"REST"},{"data":"Turbo","floor":49,"key":"SMITH"}],"neow_cost":"NO_GOLD","seed_source_timestamp":0,"circlet_count":0,"master_deck":["Defend_B+1","Defend_B","Zap+1","Dualcast","Steam+1","Ball Lightning+1","Glacier","Conserve Battery+1","Seek","Turbo+1","Melter+1","Thunder Strike+1","Chaos+1","Beam Cell+1","Conserve Battery+1","Glacier","Chill","Defragment+1","White Noise","Ball Lightning+1","Buffer+1","Ball Lightning+1","Echo Form","Double Energy+1","Storm+1","Glacier","Electrodynamics","Chill+1","Loop+1","Echo Form"],"special_seed":17721,"relics":["Cracked Core","Old Coin","Tiny Chest","Ornamental Fan","Odd Mushroom","Astrolabe","Dead Branch","Torii","Bag of Preparation","Cursed Key","Calipers","Thread and Needle"],"potions_floor_usage":[10,16,44,50,50],"damage_taken":[{"damage":5,"enemies":"Small Slimes","floor":1,"turns":2},{"damage":1,"enemies":"Jaw Worm","floor":2,"turns":3},{"damage":6,"enemies":"2 Louse","floor":3,"turns":2},{"damage":0,"enemies":"Large Slime","floor":4,"turns":3},{"damage":0,"enemies":"3 Sentries","floor":7,"turns":7},{"damage":7,"enemies":"Exordium Thugs","floor":10,"turns":4},{"damage":8,"floor":11,"turns":5},{"damage":0,"enemies":"3 Louse","floor":14,"turns":4},{"damage":25,"enemies":"Hexaghost","floor":16,"turns":12},{"damage":10,"enemies":"2 Thieves","floor":18,"turns":4},{"damage":0,"enemies":"Spheric Guardian","floor":19,"turns":3},{"damage":2,"enemies":"Snake Plant","floor":22,"turns":3},{"damage":33,"enemies":"Slavers","floor":23,"turns":7},{"damage":9,"enemies":"Slaver and Parasite","floor":24,"turns":7},{"damage":0,"enemies":"Snecko","floor":25,"turns":4},{"damage":0,"enemies":"Sentry and Sphere","floor":30,"turns":2},{"damage":0,"enemies":"3 Cultists","floor":31,"turns":5},{"damage":1,"enemies":"Champ","floor":33,"turns":9},{"damage":0,"enemies":"Orb Walker","floor":35,"turns":2},{"damage":0,"enemies":"3 Shapes","floor":38,"turns":4},{"damage":0,"enemies":"Maw","floor":41,"turns":5},{"damage":33,"enemies":"3 Darklings","floor":44,"turns":3},{"damage":0,"enemies":"Sphere and 2 Shapes","floor":45,"turns":3},{"damage":0,"enemies":"4 Shapes","floor":46,"turns":2},{"damage":0,"floor":48,"turns":2},{"damage":18,"enemies":"Time Eater","floor":50,"turns":6}],"seed_played":"2365577451791200373","potions_obtained":[{"floor":1,"key":"Block Potion"},{"floor":2,"key":"FairyPotion"},{"floor":7,"key":"Fire Potion"},{"floor":18,"key":"FearPotion"},{"floor":22,"key":"FearPotion"},{"floor":25,"key":"Block Potion"},{"floor":41,"key":"Regen Potion"},{"floor":44,"key":"Energy Potion"}],"is_trial":false,"path_per_floor":["M","M","M","M","?","R","E","R","T","M","?","R","?","M","R","B",null,"M","M","T","$","M","E","M","M","T","?","?","R","M","M","R","B",null,"M","?","$","M","$","R","M","R","T","M","M","M","R","?","R","B"],"character_chosen":"DEFECT","items_purchased":["Ball Lightning","Chill","Defragment","Echo Form","Calipers","Storm"],"campfire_rested":2,"item_purchase_floors":[21,21,21,37,39,39],"current_hp_per_floor":[70,69,63,63,68,68,68,68,68,61,53,53,37,37,37,12,80,70,70,70,70,68,35,26,26,26,26,26,50,50,50,50,49,80,80,80,80,80,80,80,80,80,80,52,52,52,76,76,76,58],"gold":116,"neow_bonus":"ONE_RARE_RELIC","is_prod":false,"is_daily":false,"chose_seed":false,"campfire_upgraded":8,"win_rate":0,"timestamp":1531167359,"path_taken":["M","M","M","M","?","R","E","R","T","M","?","R","?","M","R","BOSS","M","M","?","$","M","E","M","?","T","?","?","R","M","M","R","BOSS","M","?","$","?","$","R","M","R","T","?","M","M","R","?","R","BOSS"],"build_version":"2018-07-05","purchased_purges":2,"victory":true,"max_hp_per_floor":[75,75,75,75,80,80,80,80,80,80,80,80,80,80,80,80,80,80,80,80,80,80,80,80,80,80,80,80,80,80,80,80,80,80,80,80,80,80,80,80,80,80,80,80,80,80,80,80,80,80],"card_choices":[{"not_picked":["Reinforced Body","Redo"],"picked":"Steam","floor":1},{"not_picked":["BootSequence","Redo"],"picked":"Ball Lightning","floor":2},{"not_picked":["Turbo","Barrage"],"picked":"Glacier","floor":3},{"not_picked":["Steam","Compile Driver","Sweeping Beam"],"picked":"SKIP","floor":4},{"not_picked":["Heatsinks","Steam"],"picked":"Conserve Battery","floor":7},{"not_picked":["Rip and Tear","Compile Driver"],"picked":"Seek","floor":10},{"not_picked":["Fusion","Steam"],"picked":"Turbo","floor":11},{"not_picked":["Recycle","Redo"],"picked":"Melter","floor":14},{"not_picked":["Biased Cognition","Meteor Strike"],"picked":"Thunder Strike","floor":16},{"not_picked":["Rebound","Stack","Gash"],"picked":"SKIP","floor":18},{"not_picked":["Consume","Hello World"],"picked":"Glacier","floor":19},{"not_picked":["Compile Driver","Lockon","Turbo"],"picked":"SKIP","floor":22},{"not_picked":["Aggregate+1","Gash","Doom and Gloom"],"picked":"SKIP","floor":23},{"not_picked":["Turbo+1","Rebound"],"picked":"White Noise","floor":24},{"not_picked":["Streamline","Leap"],"picked":"Ball Lightning+1","floor":25},{"not_picked":["Leap","Meteor Strike","Aggregate+1"],"picked":"SKIP","floor":30},{"not_picked":["Melter","Barrage","Doom and Gloom"],"picked":"SKIP","floor":31},{"not_picked":["Meteor Strike","Fission"],"picked":"Buffer","floor":33},{"not_picked":["Sweeping Beam","Hello World"],"picked":"Ball Lightning+1","floor":35},{"not_picked":["Self Repair+1","Barrage+1"],"picked":"Double Energy+1","floor":38},{"not_picked":["Rebound","Conserve Battery+1"],"picked":"Glacier","floor":41},{"not_picked":["Doom and Gloom+1","Sweeping Beam"],"picked":"Electrodynamics","floor":44},{"not_picked":["Conserve Battery+1","Turbo+1"],"picked":"Chill+1","floor":45},{"not_picked":["Conserve Battery","Compile Driver"],"picked":"Loop+1","floor":46},{"not_picked":["Cold Snap+1","Conserve Battery"],"picked":"Echo Form","floor":48}],"player_experience":202260,"relics_obtained":[{"floor":7,"key":"Tiny Chest"},{"floor":9,"key":"Ornamental Fan"},{"floor":11,"key":"Odd Mushroom"},{"floor":20,"key":"Dead Branch"},{"floor":23,"key":"Torii"},{"floor":26,"key":"Bag of Preparation"},{"floor":48,"key":"Thread and Needle"}],"event_choices":[{"event_name":"Big Fish","player_choice":"Donut","floor":5,"damage_taken":0},{"event_name":"Mushrooms","player_choice":"Fought Mushrooms","floor":11,"damage_taken":0},{"event_name":"Shining Light","player_choice":"Entered Light","floor":13,"damage_taken":0},{"event_name":"Back to Basics","player_choice":"Elegance","floor":27,"damage_taken":0},{"event_name":"Upgrade Shrine","player_choice":"Upgraded","floor":28,"damage_taken":0},{"event_name":"Falling","player_choice":"Removed Attack","floor":36,"damage_taken":0},{"event_name":"Mysterious Sphere","player_choice":"Fight","floor":48,"damage_taken":0}],"boss_relics":[{"not_picked":["Snecko Eye","Eternal Feather"],"picked":"Astrolabe"},{"not_picked":["Orrery","Velvet Choker"],"picked":"Cursed Key"}],"items_purged_floors":[21,37],"is_endless":false,"potions_floor_spawned":[1,2,7,18,22,25,38,41,44,45],"ascension_level":0}