{"gold_per_floor":[115,79,95,111,186,186,186,186,186,186,111,141,159,220,220,315,315,326,326,158,178,194,194,228,228,253,288,303,218,229,258,258,356,356,375,388,4,16,16,41,41,52,52,52,71,71,71,87,87,87],"floor_reached":51,"playtime":6315,"items_purged":["Strike_B","Strike_B","Defend_B"],"score":994,"play_id":"820adb66-3fde-4df5-9a7e-b044e9190d60","local_time":"20180718220321","is_ascension_mode":true,"campfire_choices":[{"data":"Sunder","floor":6,"key":"SMITH"},{"data":"Dualcast","floor":8,"key":"SMITH"},{"floor":10,"key":"REST"},{"floor":15,"key":"REST"},{"data":"Consume","floor":23,"key":"SMITH"},{"data":"Go for the Eyes","floor":25,"key":"SMITH"},{"floor":32,"key":"REST"},{"floor":41,"key":"REST"},{"floor":47,"key":"REST"},{"floor":49,"key":"REST"}],"neow_cost":"NONE","seed_source_timestamp":37912149717983,"circlet_count":0,"master_deck":["Strike_B+1","Defend_B","Defend_B","Defend_B","Zap+1","Dualcast+1","Leap+1","Doom and Gloom+1","Darkness+1","Sunder+1","Seek","Consume+1","Coolheaded","Machine Learning","BootSequence","Chill+1","Conserve Battery","Go for the Eyes+1","Coolheaded+1","Reinforced Body+1","Undo+1","Seek","Cold Snap+1","Glacier","Double Energy+1","Skim+1","Madness","Turbo+1"],"relics":["Cracked Core","Centennial Puzzle","Torii","Strawberry","Tiny Chest","Inserter","War Paint","Whetstone","Lantern","Anchor","Bag of Marbles","Fusion Hammer","Letter Opener","Calipers","Question Card"],"potions_floor_usage":[28,40],"damage_taken":[{"damage":4,"enemies":"Jaw Worm","floor":1,"turns":4},{"damage":4,"enemies":"Small Slimes","floor":3,"turns":3},{"damage":11,"enemies":"2 Louse","floor":4,"turns":2},{"damage":16,"enemies":"Lagavulin","floor":12,"turns":6},{"damage":1,"enemies":"2 Fungi Beasts","floor":13,"turns":2},{"damage":36,"enemies":"Gremlin Nob","floor":14,"turns":4},{"damage":22,"enemies":"Hexaghost","floor":16,"turns":9},{"damage":22,"enemies":"3 Byrds","floor":18,"turns":3},{"damage":13,"enemies":"Spheric Guardian","floor":21,"turns":5},{"damage":12,"enemies":"3 Cultists","floor":22,"turns":4},{"damage":10,"enemies":"Book of Stabbing","floor":24,"turns":7},{"damage":6,"enemies":"Gremlin Leader","floor":27,"turns":7},{"damage":0,"enemies":"Chosen and Byrds","floor":28,"turns":6},{"damage":1,"enemies":"Centurion and Healer","floor":30,"turns":7},{"damage":0,"enemies":"Book of Stabbing","floor":31,"turns":6},{"damage":18,"enemies":"Champ","floor":33,"turns":11},{"damage":19,"enemies":"3 Shapes","floor":35,"turns":5},{"damage":9,"enemies":"Flame Bruiser 1 Orb","floor":36,"turns":6},{"damage":1,"enemies":"3 Darklings","floor":38,"turns":5},{"damage":6,"enemies":"2 Orb Walkers","floor":40,"turns":5},{"damage":0,"enemies":"Sphere and 2 Shapes","floor":42,"turns":6},{"damage":0,"enemies":"Maw","floor":45,"turns":8},{"damage":0,"enemies":"Spire Growth","floor":48,"turns":6},{"damage":0,"enemies":"Awakened One","floor":50,"turns":16}],"seed_played":"2683306116371656681","potions_obtained":[{"floor":4,"key":"SpeedPotion"},{"floor":13,"key":"SmokeBomb"},{"floor":14,"key":"EssenceOfSteel"},{"floor":18,"key":"FearPotion"},{"floor":27,"key":"FearPotion"},{"floor":31,"key":"Energy Potion"},{"floor":40,"key":"Weak Potion"}],"is_trial":false,"path_per_floor":["M","$","M","M","?","R","?","R","T","R","$","E","M","E","R","B",null,"M","?","$","M","M","R","E","R","T","E","M","?","M","E","R","B",null,"M","M","$","M","?","E","R","M","T","?","M","?","R","M","R","B"],"character_chosen":"DEFECT","items_purchased":["Doom and Gloom","BootSequence","Letter Opener"],"campfire_rested":6,"item_purchase_floors":[2,20,37],"current_hp_per_floor":[71,71,67,56,45,45,38,38,38,60,60,51,50,14,38,16,66,44,82,82,69,57,57,47,47,47,41,41,41,40,40,64,46,73,54,45,45,44,44,38,62,62,62,62,62,62,82,82,82,82],"gold":87,"neow_bonus":"RANDOM_COMMON_RELIC","is_prod":false,"is_daily":false,"chose_seed":false,"campfire_upgraded":4,"win_rate":0,"timestamp":1531947801,"path_taken":["M","$","M","M","?","R","?","R","T","R","$","E","?","E","R","BOSS","M","?","$","M","M","R","E","R","T","E","M","?","M","E","R","BOSS","M","M","$","M","?","E","R","M","T","?","?","?","R","M","R","BOSS"],"build_version":"2018-07-12","purchased_purges":3,"victory":true,"max_hp_per_floor":[75,75,75,75,75,75,75,75,75,75,75,82,82,82,82,82,82,82,82,82,82,82,82,82,82,82,82,82,82,82,82,82,82,82,82,82,82,82,82,82,82,82,82,82,82,82,82,82,82,82],"card_choices":[{"not_picked":["Stack","Compile Driver"],"picked":"Leap","floor":1},{"not_picked":["Streamline","Sweeping Beam"],"picked":"Darkness","floor":3},{"not_picked":["Hologram","Leap"],"picked":"Sunder","floor":4},{"not_picked":["Fusion","Force Field"],"picked":"Seek","floor":12},{"not_picked":["Skim","Compile Driver"],"picked":"Consume","floor":13},{"not_picked":["Leap","Gash"],"picked":"Coolheaded","floor":14},{"not_picked":["Meteor Strike","Thunder Strike"],"picked":"Machine Learning","floor":16},{"not_picked":["Turbo","Ball Lightning","Sunder"],"picked":"SKIP","floor":18},{"not_picked":["Storm","Stack"],"picked":"Chill+1","floor":21},{"not_picked":["Hologram","Stack"],"picked":"Conserve Battery","floor":22},{"not_picked":["Echo Form","Ball Lightning"],"picked":"Go for the Eyes","floor":24},{"not_picked":["Cold Snap","Reinforced Body"],"picked":"Coolheaded+1","floor":27},{"not_picked":["Hologram","Steam+1"],"picked":"Reinforced Body+1","floor":28},{"not_picked":["Creative AI","Beam Cell"],"picked":"Undo+1","floor":30},{"not_picked":["Compile Driver","Reinforced Body","Steam"],"picked":"SKIP","floor":31},{"not_picked":["Echo Form","Core Surge"],"picked":"Seek","floor":33},{"not_picked":["Stack","Streamline"],"picked":"Cold Snap+1","floor":35},{"not_picked":["Rebound+1","Conserve Battery"],"picked":"Glacier","floor":36},{"not_picked":["Gash+1","Compile Driver","Beam Cell"],"picked":"SKIP","floor":38},{"not_picked":["Heatsinks","Steam Power"],"picked":"Double Energy+1","floor":40},{"not_picked":["Streamline","Consume","Steam"],"picked":"SKIP","floor":42},{"not_picked":["Ball Lightning","Steam","Beam Cell"],"picked":"Skim+1","floor":45},{"not_picked":["Dramatic Entrance","Swift Strike","Deep Breath"],"picked":"Madness","floor":46},{"not_picked":["Compile Driver","Genetic Algorithm","Steam"],"picked":"Turbo+1","floor":48}],"player_experience":344569,"relics_obtained":[{"floor":9,"key":"Torii"},{"floor":12,"key":"Strawberry"},{"floor":14,"key":"Tiny Chest"},{"floor":24,"key":"War Paint"},{"floor":26,"key":"Whetstone"},{"floor":27,"key":"Lantern"},{"floor":31,"key":"Bag of Marbles"},{"floor":40,"key":"Calipers"},{"floor":43,"key":"Question Card"}],"event_choices":[{"event_name":"World of Goop","player_choice":"Gather Gold","floor":5,"damage_taken":0},{"event_name":"Golden Wing","player_choice":"Card Removal","floor":7,"damage_taken":0},{"event_name":"Wheel of Change","player_choice":"Full Heal","floor":19,"damage_taken":0},{"event_name":"Addict","player_choice":"Obtained Relic","floor":29,"damage_taken":0},{"event_name":"Upgrade Shrine","player_choice":"Upgraded","floor":39,"damage_taken":0},{"event_name":"Tomb of Lord Red Mask","player_choice":"Ignored","floor":44,"damage_taken":0},{"event_name":"SensoryStone","player_choice":"Memory 1","floor":46,"damage_taken":0}],"boss_relics":[{"not_picked":["White Beast Statue","Velvet Choker"],"picked":"Inserter"},{"not_picked":["Calling Bell","Black Star"],"picked":"Fusion Hammer"}],"items_purged_floors":[11,20,37],"is_endless":false,"potions_floor_spawned":[4,13,14,18,27,31,40,42,45],"ascension_level":5}