{"gold_per_floor":[110,121,140,152,170,245,245,302,302,302,127,141,141,141,141,239,239,254,10,22,22,34,60,60,92,92,92,107,124,124,149,149,244,244,258,258,558,568,585,610,610,630,630,642,660,66,66,83,83,83],"floor_reached":51,"playtime":6184,"items_purged":["Parasite","Defend_B"],"score":731,"play_id":"df9af6af-a48e-43f0-8ad1-7b159da9538c","local_time":"20180708235207","is_ascension_mode":false,"campfire_choices":[{"floor":7,"key":"REST"},{"floor":13,"key":"REST"},{"floor":15,"key":"REST"},{"floor":27,"key":"REST"},{"data":"Go for the Eyes","floor":30,"key":"SMITH"},{"floor":32,"key":"REST"},{"floor":47,"key":"DIG"},{"floor":49,"key":"DIG"}],"neow_cost":"NONE","seed_source_timestamp":2176230905328762,"circlet_count":0,"master_deck":["Strike_B+1","Strike_B","Defend_B","Zap","Dualcast","Aggregate","Sweeping Beam+1","Hologram","Chaos","Darkness","Leap","Redo","Glacier+1","Conserve Battery+1","Coolheaded+1","Biased Cognition","Self Repair","Apotheosis+1","Conserve Battery+1","Conserve Battery+1","Melter+1","Genetic Algorithm+1","Biased Cognition","Go for the Eyes+1","Static Discharge+1","Compile Driver+1","Streamline+1","Redo+1","Redo+1","Hologram+1","Turbo+1"],"relics":["Cracked Core","Bottled Lightning","Toxic Egg 2","Blue Candle","Black Star","Mummified Hand","Ornamental Fan","Potion Belt","Singing Bowl","Ice Cream","Meat on the Bone","Letter Opener","Astrolabe","Boot","Whetstone","Shovel","Matryoshka","DataDisk","Mercury Hourglass","Juzu Bracelet","Molten Egg 2"],"potions_floor_usage":[16,18,18,18,18,25,25,31,33,38,50,50,50,50,50],"damage_taken":[{"damage":3,"enemies":"Small Slimes","floor":1,"turns":2},{"damage":8,"enemies":"2 Louse","floor":2,"turns":3},{"damage":5,"enemies":"Jaw Worm","floor":3,"turns":4},{"damage":15,"enemies":"Exordium Wildlife","floor":4,"turns":6},{"damage":10,"enemies":"Looter","floor":5,"turns":2},{"damage":42,"enemies":"Lagavulin Event","floor":8,"turns":6},{"damage":1,"enemies":"2 Fungi Beasts","floor":12,"turns":6},{"damage":40,"enemies":"Hexaghost","floor":16,"turns":11},{"damage":24,"enemies":"2 Thieves","floor":18,"turns":5},{"damage":3,"enemies":"Shell Parasite","floor":20,"turns":7},{"damage":0,"enemies":"Centurion and Healer","floor":22,"turns":6},{"damage":4,"enemies":"Book of Stabbing","floor":23,"turns":5},{"damage":28,"enemies":"Gremlin Leader","floor":25,"turns":11},{"damage":2,"enemies":"Snake Plant","floor":28,"turns":5},{"damage":0,"enemies":"3 Cultists","floor":29,"turns":7},{"damage":44,"enemies":"Slavers","floor":31,"turns":5},{"damage":58,"enemies":"Collector","floor":33,"turns":13},{"damage":6,"enemies":"3 Shapes","floor":35,"turns":4},{"damage":0,"enemies":"3 Darklings","floor":38,"turns":7},{"damage":6,"enemies":"Maw","floor":39,"turns":6},{"damage":28,"enemies":"Giant Head","floor":40,"turns":10},{"damage":0,"floor":41,"turns":4},{"damage":0,"enemies":"Sphere and 2 Shapes","floor":42,"turns":4},{"damage":10,"enemies":"4 Shapes","floor":44,"turns":5},{"damage":14,"enemies":"Maw","floor":45,"turns":8},{"damage":0,"enemies":"Sphere and 2 Shapes","floor":48,"turns":4},{"damage":62,"enemies":"Awakened One","floor":50,"turns":12}],"seed_played":"-2910014708365926021","potions_obtained":[{"floor":1,"key":"SteroidPotion"},{"floor":8,"key":"Strength Potion"},{"floor":12,"key":"Swift Potion"},{"floor":16,"key":"EntropicBrew"},{"floor":20,"key":"Ancient Potion"},{"floor":24,"key":"FocusPotion"},{"floor":31,"key":"EssenceOfSteel"},{"floor":33,"key":"Strength Potion"},{"floor":35,"key":"AttackPotion"},{"floor":42,"key":"Block Potion"},{"floor":44,"key":"Explosive Potion"}],"is_trial":false,"path_per_floor":["M","M","M","M","M","?","R","?","T","?","$","M","R","?","R","B",null,"M","$","M","?","M","E","?","E","T","R","M","M","R","E","R","B",null,"M","?","?","M","M","E","?","M","T","M","M","$","R","M","R","B"],"character_chosen":"DEFECT","items_purchased":["Glacier+1","Conserve Battery+1","Apotheosis+1","Conserve Battery+1","DataDisk","SkillPotion","Mercury Hourglass","Explosive Potion"],"campfire_rested":5,"item_purchase_floors":[11,11,19,19,46,46,46,46],"current_hp_per_floor":[72,64,59,44,34,23,45,3,3,21,21,20,41,38,59,19,72,48,48,55,55,55,61,61,43,43,64,72,74,74,42,64,30,78,80,80,80,82,82,66,75,75,75,65,60,60,60,70,70,30],"gold":83,"neow_bonus":"TRANSFORM_CARD","is_prod":false,"is_daily":false,"chose_seed":false,"campfire_upgraded":1,"win_rate":0,"timestamp":1531090327,"path_taken":["M","M","M","M","M","?","R","?","T","?","$","M","R","?","R","BOSS","M","$","M","?","M","E","?","E","T","R","M","M","R","E","R","BOSS","M","?","?","M","M","E","?","M","T","?","?","$","R","M","R","BOSS"],"build_version":"2018-07-05","purchased_purges":2,"victory":true,"max_hp_per_floor":[75,75,75,75,75,75,75,75,75,75,72,72,72,72,72,72,72,72,72,72,72,72,72,72,72,72,72,72,74,74,76,76,78,78,80,80,80,82,82,84,86,86,86,86,88,88,88,88,88,88],"card_choices":[{"not_picked":["Tempest","Compile Driver"],"picked":"Sweeping Beam","floor":1},{"not_picked":["Stack","Coolheaded"],"picked":"Hologram","floor":2},{"not_picked":["Scrape","Streamline"],"picked":"Chaos","floor":3},{"not_picked":["Genetic Algorithm","Ball Lightning"],"picked":"Darkness","floor":4},{"not_picked":["Darkness","Ball Lightning"],"picked":"Leap","floor":5},{"not_picked":["Double Energy","Streamline"],"picked":"Redo","floor":8},{"not_picked":["Turbo+1","Storm"],"picked":"Coolheaded+1","floor":12},{"not_picked":["Machine Learning","All For One"],"picked":"Biased Cognition","floor":16},{"not_picked":["Streamline","Rip and Tear+1"],"picked":"Self Repair","floor":18},{"not_picked":["Turbo+1","Tempest+1"],"picked":"Conserve Battery+1","floor":20},{"not_picked":["Leap+1","Auto Shields+1"],"picked":"Melter+1","floor":22},{"not_picked":["Turbo+1","Stack+1"],"picked":"Genetic Algorithm+1","floor":23},{"not_picked":["Leap+1","Loop"],"picked":"Biased Cognition","floor":25},{"not_picked":["Conserve Battery+1","Rebound"],"picked":"Go for the Eyes","floor":28},{"not_picked":["Go for the Eyes","Cold Snap","Compile Driver"],"picked":"Singing Bowl","floor":29},{"not_picked":["Scrape","Steam+1","Turbo+1"],"picked":"Singing Bowl","floor":31},{"not_picked":["Amplify+1","Meteor Strike","All For One"],"picked":"Singing Bowl","floor":33},{"not_picked":["Steam+1","Sweeping Beam","Stack+1"],"picked":"Singing Bowl","floor":35},{"not_picked":["Stack+1","Barrage+1","Streamline+1"],"picked":"Singing Bowl","floor":38},{"not_picked":["Consume+1","Storm+1"],"picked":"Redo+1","floor":39},{"not_picked":["Fusion+1","Leap+1","Tempest+1"],"picked":"Singing Bowl","floor":40},{"not_picked":["Cold Snap+1","Streamline","Static Discharge"],"picked":"Singing Bowl","floor":41},{"not_picked":["Tempest+1","Force Field+1"],"picked":"Redo+1","floor":42},{"not_picked":["Redo+1","Go for the Eyes+1"],"picked":"Hologram+1","floor":44},{"not_picked":["Genetic Algorithm+1","Tempest+1","Ball Lightning+1"],"picked":"Singing Bowl","floor":45},{"not_picked":["Stack+1","Sweeping Beam"],"picked":"Turbo+1","floor":48}],"player_experience":190561,"relics_obtained":[{"floor":8,"key":"Bottled Lightning"},{"floor":9,"key":"Toxic Egg 2"},{"floor":23,"key":"Mummified Hand"},{"floor":23,"key":"Ornamental Fan"},{"floor":25,"key":"Potion Belt"},{"floor":25,"key":"Singing Bowl"},{"floor":26,"key":"Ice Cream"},{"floor":31,"key":"Meat on the Bone"},{"floor":31,"key":"Letter Opener"},{"floor":40,"key":"Boot"},{"floor":40,"key":"Whetstone"},{"floor":41,"key":"Shovel"},{"floor":43,"key":"Matryoshka"},{"floor":47,"key":"Juzu Bracelet"},{"floor":49,"key":"Molten Egg 2"}],"event_choices":[{"event_name":"World of Goop","player_choice":"Gather Gold","floor":6,"damage_taken":0},{"event_name":"Dead Adventurer","player_choice":"Searched \u00272\u0027 times","floor":8,"damage_taken":0},{"event_name":"Mushrooms","player_choice":"Healed and dodged fight","floor":10,"damage_taken":0},{"event_name":"Scrap Ooze","player_choice":"success","floor":14,"damage_taken":3},{"event_name":"Vampires","player_choice":"Ignored","floor":21,"damage_taken":0},{"event_name":"The Lab","player_choice":"Got Potions","floor":24,"damage_taken":0},{"event_name":"Tomb of Lord Red Mask","player_choice":"Ignored","floor":36,"damage_taken":0},{"event_name":"Wheel of Change","player_choice":"Gold","floor":37,"damage_taken":0},{"event_name":"MindBloom","player_choice":"Fight","floor":41,"damage_taken":0}],"boss_relics":[{"not_picked":["Lizard Tail","Tiny House"],"picked":"Black Star"},{"not_picked":["Empty Cage","Calling Bell"],"picked":"Astrolabe"}],"items_purged_floors":[11,46],"is_endless":false,"potions_floor_spawned":[1,8,12,16,20,22,31,33,35,42,44,48],"ascension_level":0}