{"gold_per_floor":[118,132,150,162,162,162,172,198,225,239,239,255,255,255,255,353,353,369,294,294,320,320,346,346,346,373,388,406,406,46,56,56,160,160,173,188,203,213,225,225,225,254,254,95,105,105,105,121,121,121],"floor_reached":51,"playtime":6702,"items_purged":["Defend_B","Strike_B","Defend_B"],"score":676,"play_id":"5244e3e3-c43d-4193-93e1-f1328b63e83a","local_time":"20180708220350","is_ascension_mode":false,"campfire_choices":[{"data":"Defragment","floor":6,"key":"SMITH"},{"data":"Capacitor","floor":11,"key":"SMITH"},{"data":"Capacitor","floor":13,"key":"SMITH"},{"data":"Conserve Battery","floor":15,"key":"SMITH"},{"floor":29,"key":"REST"},{"data":"Go for the Eyes","floor":32,"key":"SMITH"},{"data":"Double Energy","floor":40,"key":"SMITH"},{"data":"Ball Lightning","floor":46,"key":"SMITH"},{"data":"Tempest","floor":49,"key":"SMITH"}],"neow_cost":"TEN_PERCENT_HP_LOSS","seed_source_timestamp":2169210015560671,"circlet_count":0,"master_deck":["Strike_B+1","Strike_B","Defend_B+1","Zap","Dualcast","Melter+1","Glacier+1","Leap","Go for the Eyes+1","Genetic Algorithm","Defragment+1","Tempest+1","Chill","Capacitor+1","Capacitor+1","Conserve Battery+1","Reboot","Ball Lightning+1","Skim","Tempest+1","Darkness+1","Self Repair","Coolheaded","Doom and Gloom+1","Fusion+1","Darkness+1","Double Energy+1","Tempest+1","Writhe","White Noise","Ball Lightning+1"],"relics":["Cracked Core","Prayer Wheel","Juzu Bracelet","Oddly Smooth Stone","Eternal Feather","Red Mask","Centennial Puzzle","Potion Belt","Pantograph","Cursed Key","Whetstone","Darkstone Periapt"],"potions_floor_usage":[16,16,16,31,33,42,45,45,50,50],"damage_taken":[{"damage":2,"enemies":"2 Louse","floor":1,"turns":2},{"damage":1,"enemies":"Cultist","floor":2,"turns":3},{"damage":1,"enemies":"Jaw Worm","floor":3,"turns":4},{"damage":2,"enemies":"Looter","floor":4,"turns":2},{"damage":4,"enemies":"Blue Slaver","floor":7,"turns":4},{"damage":0,"enemies":"3 Sentries","floor":8,"turns":8},{"damage":5,"enemies":"3 Louse","floor":10,"turns":4},{"damage":0,"enemies":"2 Fungi Beasts","floor":12,"turns":4},{"damage":12,"enemies":"Slime Boss","floor":16,"turns":8},{"damage":2,"enemies":"3 Byrds","floor":18,"turns":6},{"damage":27,"floor":21,"turns":7},{"damage":17,"enemies":"Gremlin Leader","floor":23,"turns":10},{"damage":0,"enemies":"2 Thieves","floor":27,"turns":5},{"damage":4,"enemies":"Snake Plant","floor":28,"turns":3},{"damage":10,"enemies":"Snecko","floor":31,"turns":5},{"damage":25,"enemies":"Collector","floor":33,"turns":11},{"damage":0,"enemies":"3 Shapes","floor":35,"turns":4},{"damage":7,"enemies":"Orb Walker","floor":36,"turns":5},{"damage":7,"enemies":"3 Darklings","floor":37,"turns":5},{"damage":1,"enemies":"4 Shapes","floor":38,"turns":4},{"damage":6,"enemies":"Sphere and 2 Shapes","floor":39,"turns":3},{"damage":9,"enemies":"2 Orb Walkers","floor":42,"turns":6},{"damage":3,"enemies":"Maw","floor":45,"turns":7},{"damage":17,"enemies":"3 Darklings","floor":48,"turns":6},{"damage":25,"enemies":"Time Eater","floor":50,"turns":9}],"seed_played":"-5482902234028074574","potions_obtained":[{"floor":7,"key":"FearPotion"},{"floor":8,"key":"Block Potion"},{"floor":12,"key":"SpeedPotion"},{"floor":21,"key":"FairyPotion"},{"floor":23,"key":"Strength Potion"},{"floor":27,"key":"Block Potion"},{"floor":28,"key":"FairyPotion"},{"floor":37,"key":"Poison Potion"},{"floor":38,"key":"Block Potion"},{"floor":41,"key":"Block Potion"},{"floor":41,"key":"Ancient Potion"},{"floor":41,"key":"Block Potion"},{"floor":42,"key":"SkillPotion"}],"is_trial":false,"path_per_floor":["M","M","M","M","?","R","M","E","T","M","R","M","R","?","R","B",null,"M","$","?","?","?","E","?","?","T","M","M","R","$","M","R","B",null,"M","M","M","M","M","R","?","E","T","$","M","R","?","M","R","B"],"character_chosen":"DEFECT","items_purchased":["Pantograph","White Noise"],"campfire_rested":1,"item_purchase_floors":[30,44],"current_hp_per_floor":[66,65,64,62,67,67,63,63,63,58,58,58,58,43,43,31,73,71,71,71,44,44,27,27,27,27,27,23,52,52,49,57,48,73,73,66,66,72,73,73,73,71,71,71,73,73,73,63,73,55],"gold":121,"neow_bonus":"ONE_RARE_RELIC","is_prod":false,"is_daily":false,"chose_seed":false,"campfire_upgraded":8,"win_rate":0,"timestamp":1531083830,"path_taken":["M","M","M","M","?","R","M","E","T","M","R","M","R","?","R","BOSS","M","$","?","?","?","E","?","?","T","M","M","R","?","M","R","BOSS","M","M","M","M","M","R","?","E","T","$","M","R","?","M","R","BOSS"],"build_version":"2018-07-05","purchased_purges":3,"victory":true,"max_hp_per_floor":[68,68,68,68,73,73,73,73,73,73,73,73,73,73,73,73,73,73,73,73,73,73,73,73,73,73,73,73,73,73,73,73,73,73,73,73,73,73,73,73,73,73,73,73,73,73,73,73,73,73],"card_choices":[{"not_picked":["Steam","Streamline"],"picked":"Melter","floor":1},{"not_picked":["Steam","Turbo"],"picked":"Glacier","floor":1},{"not_picked":["BootSequence","Recycle"],"picked":"Leap","floor":2},{"not_picked":["Streamline","Barrage","Turbo"],"picked":"SKIP","floor":2},{"not_picked":["Rebound","Chaos"],"picked":"Go for the Eyes","floor":3},{"not_picked":["Recycle","Static Discharge","Gash"],"picked":"SKIP","floor":3},{"not_picked":["Recycle","Static Discharge","Gash"],"picked":"SKIP","floor":3},{"not_picked":["Creative AI","Ball Lightning"],"picked":"Genetic Algorithm","floor":4},{"not_picked":["Conserve Battery","Sweeping Beam"],"picked":"Defragment","floor":4},{"not_picked":["Redo","Auto Shields"],"picked":"Tempest","floor":7},{"not_picked":["Heatsinks","Sweeping Beam","Rebound"],"picked":"SKIP","floor":7},{"not_picked":["Aggregate","FTL"],"picked":"Chill","floor":8},{"not_picked":["Rebound","Turbo"],"picked":"Capacitor","floor":10},{"not_picked":["Streamline","Consume"],"picked":"Capacitor","floor":10},{"not_picked":["Rebound","Leap"],"picked":"Conserve Battery","floor":12},{"not_picked":["Leap","Sweeping Beam","Stack"],"picked":"SKIP","floor":12},{"not_picked":["Machine Learning","Rainbow"],"picked":"Reboot","floor":16},{"not_picked":["Genetic Algorithm","Stack","Reprogram"],"picked":"SKIP","floor":18},{"not_picked":["Force Field+1","BootSequence","Steam"],"picked":"SKIP","floor":18},{"not_picked":["Stack+1","Streamline"],"picked":"Ball Lightning","floor":21},{"not_picked":["Steam+1","Gash+1","Streamline"],"picked":"SKIP","floor":23},{"not_picked":["Hologram","Barrage"],"picked":"Tempest+1","floor":27},{"not_picked":["Conserve Battery","Hologram+1"],"picked":"Darkness+1","floor":27},{"not_picked":["Genetic Algorithm+1","Coolheaded"],"picked":"Self Repair","floor":28},{"not_picked":["Gash","Storm","Recycle"],"picked":"SKIP","floor":28},{"not_picked":["Conserve Battery","Chaos"],"picked":"Coolheaded","floor":31},{"not_picked":["Compile Driver","Stack","BootSequence"],"picked":"SKIP","floor":31},{"not_picked":["Steam","Stack+1"],"picked":"Doom and Gloom+1","floor":35},{"not_picked":["Scrape","Coolheaded","Sweeping Beam"],"picked":"SKIP","floor":35},{"not_picked":["Hello World","Loop"],"picked":"Fusion+1","floor":36},{"not_picked":["Undo+1","Steam Power+1","Hello World+1"],"picked":"SKIP","floor":36},{"not_picked":["Steam","Gash","Ball Lightning"],"picked":"SKIP","floor":37},{"not_picked":["Creative AI","Leap+1","Coolheaded"],"picked":"SKIP","floor":37},{"not_picked":["Lockon+1","Turbo+1"],"picked":"Darkness+1","floor":38},{"not_picked":["Capacitor+1","Hologram","Doom and Gloom"],"picked":"SKIP","floor":38},{"not_picked":["Hologram","Undo"],"picked":"Double Energy","floor":39},{"not_picked":["Coolheaded","Steam","Gash"],"picked":"SKIP","floor":39},{"not_picked":["Steam","Scrape"],"picked":"Tempest+1","floor":42},{"not_picked":["Sweeping Beam+1","BootSequence"],"picked":"Ball Lightning+1","floor":45},{"not_picked":["Ball Lightning","Coolheaded","Hyperbeam"],"picked":"SKIP","floor":45},{"not_picked":["Conserve Battery","Chill+1","Ball Lightning"],"picked":"SKIP","floor":48},{"not_picked":["Barrage","Sweeping Beam+1","FTL"],"picked":"SKIP","floor":48}],"player_experience":183859,"relics_obtained":[{"floor":8,"key":"Juzu Bracelet"},{"floor":9,"key":"Oddly Smooth Stone"},{"floor":21,"key":"Red Mask"},{"floor":23,"key":"Centennial Puzzle"},{"floor":26,"key":"Potion Belt"},{"floor":42,"key":"Whetstone"},{"floor":43,"key":"Darkstone Periapt"}],"event_choices":[{"event_name":"Big Fish","player_choice":"Donut","floor":5,"damage_taken":0},{"event_name":"Shining Light","player_choice":"Entered Light","floor":14,"damage_taken":0},{"event_name":"Back to Basics","player_choice":"Elegance","floor":20,"damage_taken":0},{"event_name":"Masked Bandits","player_choice":"Fought over 294 gold","floor":21,"damage_taken":0},{"event_name":"Ghosts","player_choice":"Ignored","floor":22,"damage_taken":0},{"event_name":"Transmorgrifier","player_choice":"Transform","floor":24,"damage_taken":0},{"event_name":"Drug Dealer","player_choice":"Ignored","floor":25,"damage_taken":0},{"event_name":"The Lab","player_choice":"Got Potions","floor":41,"damage_taken":0},{"event_name":"Mysterious Sphere","player_choice":"Ignore","floor":47,"damage_taken":0}],"boss_relics":[{"not_picked":["Runic Dome","Orrery"],"picked":"Eternal Feather"},{"not_picked":["Tiny House","Snecko Eye"],"picked":"Cursed Key"}],"items_purged_floors":[19,30,44],"is_endless":false,"potions_floor_spawned":[7,8,12,21,23,27,28,37,38,42],"ascension_level":0}