{"gold_per_floor":[20,45,65,65,80,80,96,96,96,136,159,159,179,179,179,299,299,320,320,345,360,360,393,393,414,439,439,459,459,483,183,183,311,311,334,357,421,25,25,60,60,85,85,85,105,128,143,143,143,143],"floor_reached":51,"playtime":4746,"items_purged":["Strike_B","Defend_B"],"score":726,"play_id":"619be3b8-c862-4115-a119-1aa405505d0e","local_time":"20180710000802","is_ascension_mode":false,"campfire_choices":[{"data":"Zap","floor":6,"key":"SMITH"},{"data":"Consume","floor":8,"key":"SMITH"},{"data":"Biased Cognition","floor":12,"key":"SMITH"},{"data":"Hello World","floor":15,"key":"SMITH"},{"floor":24,"key":"REST"},{"data":"Leap","floor":27,"key":"SMITH"},{"data":"Defragment","floor":32,"key":"SMITH"},{"data":"Force Field","floor":41,"key":"SMITH"},{"data":"Echo Form","floor":44,"key":"SMITH"},{"floor":49,"key":"REST"}],"neow_cost":"NO_GOLD","seed_source_timestamp":2265016474714102,"circlet_count":0,"master_deck":["Strike_B+1","Strike_B+1","Defend_B+1","Defend_B+1","Defend_B+1","Zap+1","Dualcast+1","Consume+1","Hologram+1","Coolheaded+1","Leap+1","Biased Cognition+1","Hello World+1","Echo Form+1","Steam+1","Coolheaded+1","Amplify+1","White Noise+1","Seek+1","Defragment+1","BootSequence+1","Electrodynamics+1","Ball Lightning+1","Conserve Battery+1","Force Field+1","Heatsinks+1","Madness+1","Madness+1","Turbo+1","White Noise+1"],"relics":["Cracked Core","Bird Faced Urn","Whetstone","Golden Idol","Pantograph","Pear","Inserter","Juzu Bracelet","Singing Bowl","Sozu","Ice Cream","DataDisk","Incense Burner","Vajra","Mark of the Bloom"],"potions_floor_usage":[10,21,23,25,33,33],"damage_taken":[{"damage":1,"enemies":"Cultist","floor":1,"turns":3},{"damage":0,"enemies":"2 Louse","floor":3,"turns":2},{"damage":3,"enemies":"Jaw Worm","floor":5,"turns":4},{"damage":5,"enemies":"Looter","floor":7,"turns":4},{"damage":13,"enemies":"Lagavulin","floor":10,"turns":6},{"damage":5,"enemies":"3 Louse","floor":11,"turns":3},{"damage":1,"enemies":"Large Slime","floor":13,"turns":2},{"damage":0,"enemies":"Slime Boss","floor":16,"turns":7},{"damage":7,"enemies":"Shell Parasite","floor":18,"turns":5},{"damage":3,"enemies":"Chosen","floor":20,"turns":4},{"damage":19,"enemies":"3 Cultists","floor":21,"turns":5},{"damage":24,"enemies":"Book of Stabbing","floor":23,"turns":7},{"damage":15,"enemies":"Centurion and Healer","floor":25,"turns":7},{"damage":10,"enemies":"Sentry and Sphere","floor":28,"turns":4},{"damage":18,"enemies":"Snake Plant","floor":30,"turns":5},{"damage":34,"enemies":"Collector","floor":33,"turns":11},{"damage":23,"enemies":"3 Darklings","floor":35,"turns":4},{"damage":19,"enemies":"3 Shapes","floor":36,"turns":2},{"damage":8,"floor":37,"turns":5},{"damage":7,"enemies":"2 Orb Walkers","floor":40,"turns":4},{"damage":19,"enemies":"3 Darklings","floor":42,"turns":2},{"damage":23,"enemies":"4 Shapes","floor":45,"turns":2},{"damage":0,"enemies":"Maw","floor":46,"turns":6},{"damage":0,"enemies":"Sphere and 2 Shapes","floor":47,"turns":4},{"damage":59,"enemies":"Time Eater","floor":50,"turns":6}],"seed_played":"3479916597291192641","potions_obtained":[{"floor":1,"key":"PowerPotion"},{"floor":5,"key":"Fire Potion"},{"floor":11,"key":"Ancient Potion"},{"floor":13,"key":"SpeedPotion"},{"floor":21,"key":"SteroidPotion"},{"floor":23,"key":"Swift Potion"}],"is_trial":false,"path_per_floor":["M","T","M","?","M","R","M","R","T","E","M","R","M","?","R","B",null,"M","?","M","M","?","E","R","M","T","R","M","?","M","$","R","B",null,"M","M","?","$","?","E","R","M","T","R","M","M","M","?","R","B"],"character_chosen":"DEFECT","items_purchased":["Defragment","EssenceOfSteel","BootSequence","Force Field","DataDisk","Heatsinks"],"campfire_rested":2,"item_purchase_floors":[31,31,31,38,38,38],"current_hp_per_floor":[74,74,74,69,66,66,61,61,61,60,55,55,56,49,49,78,79,74,59,60,45,45,29,54,47,47,47,41,41,31,31,31,32,84,67,58,70,70,59,68,68,59,59,59,48,72,88,88,88,29],"gold":143,"neow_bonus":"ONE_RARE_RELIC","is_prod":false,"is_daily":false,"chose_seed":false,"campfire_upgraded":8,"win_rate":0,"timestamp":1531177682,"path_taken":["M","?","M","?","M","R","M","R","T","E","M","R","M","?","R","BOSS","M","?","M","M","?","E","R","M","T","R","M","?","M","$","R","BOSS","M","M","?","$","?","E","R","M","T","R","M","M","M","?","R","BOSS"],"build_version":"2018-07-05","purchased_purges":2,"victory":true,"max_hp_per_floor":[75,75,75,69,69,69,69,69,69,79,79,79,79,79,79,79,79,79,84,84,84,84,84,84,84,84,84,84,84,84,84,84,84,84,84,86,86,86,86,88,88,88,88,88,90,92,92,92,92,92],"card_choices":[{"not_picked":["Steam Power","Undo"],"picked":"Consume","floor":1},{"not_picked":["Sweeping Beam","Barrage"],"picked":"Hologram","floor":3},{"not_picked":["FTL","Stack","Gash"],"picked":"SKIP","floor":5},{"not_picked":["Doom and Gloom","Hello World"],"picked":"Coolheaded","floor":7},{"not_picked":["Steam","Beam Cell"],"picked":"Leap","floor":10},{"not_picked":["Heatsinks","Compile Driver"],"picked":"Biased Cognition","floor":11},{"not_picked":["Compile Driver","Go for the Eyes"],"picked":"Hello World","floor":13},{"not_picked":["Buffer","All For One"],"picked":"Echo Form","floor":16},{"not_picked":["Stack","Compile Driver"],"picked":"Steam","floor":18},{"not_picked":["Gash","Redo+1","Stack"],"picked":"SKIP","floor":20},{"not_picked":["Gash","Redo+1","Stack"],"picked":"SKIP","floor":20},{"not_picked":["Gash","Sweeping Beam+1"],"picked":"Coolheaded+1","floor":21},{"not_picked":["Force Field","Sunder"],"picked":"Amplify","floor":23},{"not_picked":["Coolheaded","Stack","Scrape"],"picked":"SKIP","floor":25},{"not_picked":["Stack","Streamline"],"picked":"White Noise","floor":28},{"not_picked":["Cold Snap","Fusion+1"],"picked":"Seek","floor":30},{"not_picked":["Reboot","Buffer"],"picked":"Electrodynamics","floor":33},{"not_picked":["Auto Shields+1","Genetic Algorithm"],"picked":"Ball Lightning+1","floor":35},{"not_picked":["Hologram+1","Rebound+1","Go for the Eyes"],"picked":"Singing Bowl","floor":36},{"not_picked":["Fusion","Sunder"],"picked":"Conserve Battery","floor":37},{"not_picked":["Meteor Strike","Steam","Rip and Tear+1"],"picked":"Singing Bowl","floor":40},{"not_picked":["Cold Snap+1","Sweeping Beam+1"],"picked":"Turbo","floor":42},{"not_picked":["Redo+1","Compile Driver","Steam"],"picked":"Singing Bowl","floor":45},{"not_picked":["Cold Snap+1","Steam","Redo+1"],"picked":"Singing Bowl","floor":46},{"not_picked":["Static Discharge+1","Sweeping Beam"],"picked":"White Noise+1","floor":47}],"player_experience":209604,"relics_obtained":[{"floor":2,"key":"Whetstone"},{"floor":9,"key":"Pantograph"},{"floor":10,"key":"Pear"},{"floor":23,"key":"Juzu Bracelet"},{"floor":26,"key":"Singing Bowl"},{"floor":37,"key":"Ice Cream"},{"floor":40,"key":"Incense Burner"},{"floor":43,"key":"Vajra"}],"event_choices":[{"event_name":"Golden Idol","player_choice":"Lose Max HP","floor":4,"damage_taken":0},{"event_name":"Golden Wing","player_choice":"Card Removal","floor":14,"damage_taken":0},{"event_name":"Forgotten Altar","player_choice":"Shed Blood","floor":19,"damage_taken":0},{"event_name":"Vampires","player_choice":"Ignored","floor":22,"damage_taken":0},{"event_name":"The Mausoleum","player_choice":"No","floor":29,"damage_taken":0},{"event_name":"Mysterious Sphere","player_choice":"Fight","floor":37,"damage_taken":0},{"event_name":"Winding Halls","player_choice":"Embrace Madness","floor":39,"damage_taken":0},{"event_name":"MindBloom","player_choice":"Upgrade","floor":48,"damage_taken":0}],"boss_relics":[{"not_picked":["Snecko Eye","Pandora\u0027s Box"],"picked":"Inserter"},{"not_picked":["White Beast Statue","Fusion Hammer"],"picked":"Sozu"}],"items_purged_floors":[31,38],"is_endless":false,"potions_floor_spawned":[1,5,11,13,16,21,23,35,40,46],"ascension_level":0}