{"gold_per_floor":[115,125,143,143,159,191,191,222,222,241,241,241,241,241,241,337,337,355,134,151,151,166,166,193,193,220,220],"floor_reached":27,"playtime":2286,"items_purged":["Strike_B"],"score":289,"play_id":"4cf826f3-e378-4210-97dc-4d38bf9bf803","local_time":"20180717210252","is_ascension_mode":true,"campfire_choices":[{"data":"Go for the Eyes","floor":7,"key":"SMITH"},{"floor":11,"key":"REST"},{"data":"Blizzard","floor":13,"key":"SMITH"},{"data":"Zap","floor":15,"key":"SMITH"},{"data":"Rainbow","floor":23,"key":"SMITH"},{"data":"Consume","floor":25,"key":"SMITH"}],"neow_cost":"TEN_PERCENT_HP_LOSS","seed_source_timestamp":2947590039183495,"circlet_count":0,"master_deck":["Strike_B","Strike_B","Strike_B","Defend_B","Defend_B","Defend_B","Defend_B","Zap+1","Dualcast","Seek","Barrage","Go for the Eyes+1","Steam","Genetic Algorithm","Auto Shields","Blizzard+1","Melter","Rainbow+1","Redo","Self Repair","Doom and Gloom","Self Repair+1","Core Surge","Consume+1"],"relics":["Cracked Core","Centennial Puzzle","Bottled Lightning","Shovel","Bird Faced Urn","Letter Opener","Sozu","Ice Cream","Oddly Smooth Stone"],"potions_floor_usage":[8,20],"damage_taken":[{"damage":2,"enemies":"Jaw Worm","floor":1,"turns":3},{"damage":1,"enemies":"Cultist","floor":2,"turns":3},{"damage":2,"enemies":"Small Slimes","floor":3,"turns":2},{"damage":3,"enemies":"Blue Slaver","floor":5,"turns":3},{"damage":14,"enemies":"Lagavulin","floor":6,"turns":7},{"damage":14,"enemies":"Gremlin Nob","floor":8,"turns":4},{"damage":15,"enemies":"Exordium Thugs","floor":10,"turns":5},{"damage":51,"enemies":"The Guardian","floor":16,"turns":13},{"damage":12,"enemies":"2 Thieves","floor":18,"turns":3},{"damage":13,"enemies":"3 Byrds","floor":20,"turns":2},{"damage":26,"enemies":"Cultist and Chosen","floor":22,"turns":6},{"damage":35,"enemies":"Slavers","floor":24,"turns":6},{"damage":36,"enemies":"Gremlin Leader","floor":27,"turns":4}],"seed_played":"-3995888667182692506","potions_obtained":[{"floor":6,"key":"Block Potion"},{"floor":16,"key":"LiquidBronze"}],"is_trial":false,"path_per_floor":["M","M","M","?","M","E","R","E","T","M","R","?","R","T","R","B",null,"M","$","M","?","M","R","E","R","T"],"character_chosen":"DEFECT","items_purchased":["Self Repair","Doom and Gloom"],"campfire_rested":1,"item_purchase_floors":[19,19],"current_hp_per_floor":[66,65,63,60,57,43,43,29,29,14,34,56,56,56,56,5,68,56,56,52,52,47,47,33,33,33,0],"gold":220,"neow_bonus":"THREE_RARE_CARDS","is_prod":false,"is_daily":false,"chose_seed":false,"campfire_upgraded":5,"win_rate":0,"timestamp":1531857772,"path_taken":["M","M","M","?","M","E","R","E","T","M","R","?","R","?","R","BOSS","M","$","M","?","M","R","E","R","T","E"],"build_version":"2018-07-12","purchased_purges":1,"victory":false,"max_hp_per_floor":[68,68,68,68,68,68,68,68,68,68,68,68,68,68,68,68,68,68,68,68,68,68,68,68,68,68,68],"card_choices":[{"not_picked":["Core Surge","Biased Cognition"],"picked":"Seek","floor":0},{"not_picked":["Coolheaded","Beam Cell"],"picked":"Barrage","floor":1},{"not_picked":["Skim","Cold Snap"],"picked":"Go for the Eyes","floor":2},{"not_picked":["Redo","Barrage"],"picked":"Steam","floor":3},{"not_picked":["Hello World","Turbo"],"picked":"Genetic Algorithm","floor":5},{"not_picked":["Coolheaded","Loop"],"picked":"Auto Shields","floor":6},{"not_picked":["Recycle","Streamline"],"picked":"Blizzard","floor":8},{"not_picked":["Compile Driver","Recycle"],"picked":"Melter","floor":10},{"not_picked":["Machine Learning","Biased Cognition"],"picked":"Rainbow","floor":16},{"not_picked":["Sunder","Steam Power"],"picked":"Redo","floor":18},{"not_picked":["Ball Lightning","Rebound"],"picked":"Self Repair+1","floor":20},{"not_picked":["Rebound","Gash+1"],"picked":"Core Surge","floor":22},{"not_picked":["Reboot","Steam"],"picked":"Consume","floor":24}],"player_experience":320479,"relics_obtained":[{"floor":6,"key":"Bottled Lightning"},{"floor":8,"key":"Shovel"},{"floor":9,"key":"Bird Faced Urn"},{"floor":14,"key":"Letter Opener"},{"floor":24,"key":"Ice Cream"},{"floor":26,"key":"Oddly Smooth Stone"}],"event_choices":[{"event_name":"Scrap Ooze","player_choice":"success","floor":4,"damage_taken":3},{"event_name":"Big Fish","player_choice":"Banana","floor":12,"damage_taken":0},{"event_name":"Vampires","player_choice":"Ignored","floor":21,"damage_taken":0}],"boss_relics":[{"not_picked":["Empty Cage","White Beast Statue"],"picked":"Sozu"}],"items_purged_floors":[19],"is_endless":false,"potions_floor_spawned":[6,16,22],"killed_by":"Gremlin Leader","ascension_level":4}