{"gold_per_floor":[139,154,229,246,120,120,137,137,137,170,186,186,286,303,303,399,399,409,18,30,30,41,41,41,41,41,41,76,90,90,109,109,214,214,228,282,282,293,193,193,212,212,212,212,92,52,52,71,71,71],"floor_reached":51,"playtime":4479,"items_purged":["Strike_B","Strike_B","Defend_B","Strike_B"],"score":615,"play_id":"568da232-e6ca-4990-848c-f19a04e66c5f","local_time":"20180708122842","is_ascension_mode":false,"campfire_choices":[{"data":"Streamline","floor":6,"key":"SMITH"},{"floor":8,"key":"REST"},{"data":"Hologram","floor":12,"key":"SMITH"},{"data":"Beam Cell","floor":15,"key":"SMITH"},{"floor":23,"key":"REST"},{"data":"Sunder","floor":25,"key":"SMITH"},{"data":"Rebound","floor":27,"key":"SMITH"},{"floor":30,"key":"REST"},{"data":"Streamline","floor":32,"key":"SMITH"},{"data":"Rebound","floor":40,"key":"SMITH"},{"data":"Leap","floor":42,"key":"SMITH"},{"data":"Leap","floor":44,"key":"SMITH"},{"data":"Ball Lightning","floor":47,"key":"SMITH"},{"data":"Ball Lightning","floor":49,"key":"SMITH"}],"neow_cost":"NONE","seed_source_timestamp":0,"circlet_count":0,"master_deck":["Strike_B+1","Defend_B","Defend_B","Defend_B","Zap+1","Dualcast","Streamline+1","Cold Snap","Ball Lightning+1","Beam Cell+1","Hologram+1","Ball Lightning+1","Rebound+1","Coolheaded+1","Rebound+1","Seek+1","FTL+1","Sunder+1","Go for the Eyes+1","Reboot","Leap+1","Streamline+1","BootSequence","Leap+1"],"special_seed":17720,"relics":["Tiny House","Oddly Smooth Stone","Blue Candle","Inserter","Membership Card","War Paint","Letter Opener","Happy Flower","Cursed Key","Gambling Chip"],"potions_floor_usage":[10,11,16,16,16,18,22,29,33,33,36,50,50],"damage_taken":[{"damage":2,"enemies":"2 Louse","floor":1,"turns":3},{"damage":0,"enemies":"Cultist","floor":2,"turns":4},{"damage":0,"enemies":"Small Slimes","floor":4,"turns":3},{"damage":8,"enemies":"Looter","floor":7,"turns":2},{"damage":4,"enemies":"Lagavulin","floor":10,"turns":5},{"damage":14,"enemies":"Gremlin Gang","floor":11,"turns":5},{"damage":2,"enemies":"Blue Slaver","floor":14,"turns":2},{"damage":7,"enemies":"Slime Boss","floor":16,"turns":6},{"damage":24,"enemies":"2 Thieves","floor":18,"turns":4},{"damage":0,"enemies":"Chosen","floor":20,"turns":3},{"damage":28,"enemies":"Slaver and Parasite","floor":22,"turns":5},{"damage":25,"enemies":"Gremlin Leader","floor":28,"turns":5},{"damage":4,"enemies":"Sentry and Sphere","floor":29,"turns":3},{"damage":4,"enemies":"Centurion and Healer","floor":31,"turns":5},{"damage":33,"enemies":"Champ","floor":33,"turns":9},{"damage":8,"enemies":"3 Darklings","floor":35,"turns":3},{"damage":20,"floor":36,"turns":4},{"damage":0,"enemies":"Orb Walker","floor":38,"turns":2},{"damage":0,"enemies":"4 Shapes","floor":41,"turns":4},{"damage":5,"enemies":"Sphere and 2 Shapes","floor":48,"turns":5},{"damage":55,"enemies":"Time Eater","floor":50,"turns":10}],"seed_played":"5952392564398475268","potions_obtained":[{"floor":0,"key":"EntropicBrew"},{"floor":2,"key":"LiquidBronze"},{"floor":4,"key":"Weak Potion"},{"floor":7,"key":"EssenceOfSteel"},{"floor":10,"key":"SkillPotion"},{"floor":16,"key":"LiquidBronze"},{"floor":18,"key":"Swift Potion"},{"floor":28,"key":"Fire Potion"},{"floor":33,"key":"Fire Potion"},{"floor":36,"key":"Swift Potion"},{"floor":38,"key":"Block Potion"},{"floor":41,"key":"AttackPotion"},{"floor":46,"key":"FairyPotion"}],"is_trial":false,"path_per_floor":["M","M","?","M","$","R","M","R","T","E","M","R","?","M","R","B",null,"M","$","M","?","M","R","?","R","T","R","E","M","R","M","R","B",null,"M","?","?","M","$","R","M","R","T","R","$","?","R","M","R","B"],"character_chosen":"DEFECT","items_purchased":["Hologram","Membership Card","War Paint"],"campfire_rested":3,"item_purchase_floors":[5,19,19],"current_hp_per_floor":[78,78,67,67,67,67,59,80,80,76,62,62,62,60,60,53,80,56,56,56,56,42,66,66,66,66,66,41,37,61,57,57,24,80,72,52,80,80,80,80,80,80,80,80,80,80,80,75,75,20],"gold":71,"neow_bonus":"BOSS_RELIC","is_prod":false,"is_daily":false,"chose_seed":false,"campfire_upgraded":11,"win_rate":0,"timestamp":1531049322,"path_taken":["M","M","?","M","$","R","M","R","T","E","M","R","?","M","R","BOSS","M","$","?","?","M","R","?","R","T","R","E","M","R","M","R","BOSS","M","?","?","M","$","R","M","R","T","R","$","?","R","M","R","BOSS"],"build_version":"2018-07-05","purchased_purges":4,"victory":true,"max_hp_per_floor":[80,80,80,80,80,80,80,80,80,80,80,80,80,80,80,80,80,80,80,80,80,80,80,80,80,80,80,80,80,80,80,80,80,80,80,80,80,80,80,80,80,80,80,80,80,80,80,80,80,80],"card_choices":[{"not_picked":["Gash","Rip and Tear"],"picked":"Streamline","floor":0},{"not_picked":["Coolheaded","Compile Driver"],"picked":"Cold Snap","floor":1},{"not_picked":["Loop","Redo"],"picked":"Ball Lightning","floor":2},{"not_picked":["Blizzard","Chaos"],"picked":"Beam Cell","floor":4},{"not_picked":["Defragment","Steam Power"],"picked":"Ball Lightning","floor":7},{"not_picked":["Blizzard","Rainbow"],"picked":"Rebound","floor":10},{"not_picked":["Ball Lightning","Turbo"],"picked":"Coolheaded","floor":11},{"not_picked":["Force Field","Turbo"],"picked":"Rebound","floor":14},{"not_picked":["Thunder Strike","Echo Form"],"picked":"Seek","floor":16},{"not_picked":["Tempest","Force Field"],"picked":"FTL+1","floor":18},{"not_picked":["Chaos","Sweeping Beam"],"picked":"Sunder","floor":20},{"not_picked":["Redo","Hologram"],"picked":"Go for the Eyes+1","floor":22},{"not_picked":["Static Discharge","Gash"],"picked":"Reboot","floor":28},{"not_picked":["Chill+1","Go for the Eyes"],"picked":"Leap","floor":29},{"not_picked":["Beam Cell","Stack+1"],"picked":"Streamline","floor":31},{"not_picked":["Redo+1","Genetic Algorithm+1"],"picked":"BootSequence","floor":35},{"not_picked":["Chill+1","Steam+1"],"picked":"Leap","floor":38},{"not_picked":["Compile Driver+1","Ball Lightning+1","Redo+1"],"picked":"SKIP","floor":41},{"not_picked":["Self Repair","Leap","Double Energy"],"picked":"SKIP","floor":48}],"player_experience":168463,"relics_obtained":[{"floor":9,"key":"Oddly Smooth Stone"},{"floor":10,"key":"Blue Candle"},{"floor":26,"key":"Letter Opener"},{"floor":28,"key":"Happy Flower"},{"floor":36,"key":"Gambling Chip"}],"event_choices":[{"event_name":"World of Goop","player_choice":"Gather Gold","floor":3,"damage_taken":0},{"event_name":"Golden Shrine","player_choice":"Pray","floor":13,"damage_taken":0},{"event_name":"Accursed Blacksmith","player_choice":"Forge","floor":21,"damage_taken":0},{"event_name":"Drug Dealer","player_choice":"Ignored","floor":24,"damage_taken":0},{"event_name":"Mysterious Sphere","player_choice":"Fight","floor":36,"damage_taken":0},{"event_name":"Wheel of Change","player_choice":"Full Heal","floor":37,"damage_taken":0},{"event_name":"The Woman in Blue","player_choice":"Bought 3 Potions","floor":46,"damage_taken":0}],"boss_relics":[{"not_picked":["Runic Dome","Fusion Hammer"],"picked":"Inserter"},{"not_picked":["White Beast Statue","Coffee Dripper"],"picked":"Cursed Key"}],"items_purged_floors":[5,19,39,45],"is_endless":false,"potions_floor_spawned":[2,4,7,10,16,18,28,33,36,38,41],"ascension_level":0}