{"gold_per_floor":[17,36,51,51,66,66,91,91,139,174,191,206,217,246,246,344,344,362,378,397,413,182,182,212,212,212,227,252,263,296,315,315,420,420,436,446,458,84,99,99,119,130,130,130,130,79,79,105,105,105],"floor_reached":51,"playtime":6004,"items_purged":["Strike_B","Strike_B"],"score":1210,"play_id":"3b86b227-e6a6-464d-a989-9681a3dd2f9b","local_time":"20180712225411","is_ascension_mode":true,"campfire_choices":[{"data":"Go for the Eyes","floor":6,"key":"SMITH"},{"data":"Zap","floor":8,"key":"SMITH"},{"data":"Defragment","floor":15,"key":"SMITH"},{"data":"Capacitor","floor":23,"key":"SMITH"},{"data":"Consume","floor":32,"key":"SMITH"},{"data":"Defragment","floor":40,"key":"SMITH"},{"data":"Loop","floor":44,"key":"SMITH"},{"data":"White Noise","floor":47,"key":"SMITH"},{"data":"Ball Lightning","floor":49,"key":"SMITH"}],"neow_cost":"NO_GOLD","seed_source_timestamp":2518530181469849,"circlet_count":0,"master_deck":["Strike_B","Strike_B","Defend_B","Defend_B","Defend_B","Defend_B","Zap+1","Dualcast","Go for the Eyes+1","Auto Shields","Ball Lightning","Sunder","Ball Lightning+1","Cold Snap","Undo","All For One","Consume+1","Rebound","Self Repair","Loop+1","White Noise+1","Defragment+1","Fission","Capacitor+1","Coolheaded+1","Ball Lightning+1","Self Repair+1","Defragment+1","Capacitor+1","Electrodynamics","Conserve Battery","FTL","Glacier","Conserve Battery+1","Hologram+1","Defragment+1","Glacier","Force Field+1","Force Field+1","Defragment+1","White Noise+1","Glacier+1","White Noise+1","FTL+1"],"relics":["Cracked Core","Prayer Wheel","Meat on the Bone","Orichalcum","Singing Bowl","Strawberry","Coffee Dripper","DataDisk","Shuriken","Dodecahedron","Torii","Bronze Scales","Philosopher\u0027s Stone","Toy Ornithopter","Pantograph","Incense Burner","Anchor"],"potions_floor_usage":[14,16,16,24,28,28,28,45,48,50,50],"damage_taken":[{"damage":0,"enemies":"Small Slimes","floor":1,"turns":3},{"damage":7,"enemies":"Jaw Worm","floor":2,"turns":3},{"damage":0,"enemies":"2 Louse","floor":3,"turns":2},{"damage":15,"enemies":"Gremlin Gang","floor":5,"turns":3},{"damage":8,"enemies":"Lagavulin","floor":7,"turns":7},{"damage":16,"enemies":"Gremlin Nob","floor":10,"turns":5},{"damage":10,"enemies":"Blue Slaver","floor":11,"turns":3},{"damage":1,"enemies":"3 Louse","floor":12,"turns":2},{"damage":0,"enemies":"Exordium Wildlife","floor":13,"turns":3},{"damage":24,"enemies":"Lagavulin","floor":14,"turns":6},{"damage":26,"enemies":"Hexaghost","floor":16,"turns":7},{"damage":16,"enemies":"2 Thieves","floor":18,"turns":2},{"damage":10,"enemies":"Chosen","floor":19,"turns":5},{"damage":6,"enemies":"Snake Plant","floor":20,"turns":4},{"damage":15,"enemies":"Centurion and Healer","floor":21,"turns":6},{"damage":24,"enemies":"Book of Stabbing","floor":24,"turns":4},{"damage":7,"enemies":"Snecko","floor":27,"turns":4},{"damage":17,"enemies":"Slavers","floor":28,"turns":4},{"damage":8,"enemies":"Snake Plant","floor":29,"turns":3},{"damage":18,"enemies":"Gremlin Leader","floor":30,"turns":4},{"damage":10,"enemies":"Centurion and Healer","floor":31,"turns":4},{"damage":11,"enemies":"Champ","floor":33,"turns":11},{"damage":1,"enemies":"3 Shapes","floor":35,"turns":3},{"damage":24,"enemies":"3 Darklings","floor":36,"turns":5},{"damage":1,"enemies":"Maw","floor":37,"turns":8},{"damage":0,"enemies":"4 Shapes","floor":39,"turns":5},{"damage":2,"enemies":"Sphere and 2 Shapes","floor":41,"turns":6},{"damage":0,"enemies":"Maw","floor":42,"turns":7},{"damage":46,"floor":45,"turns":7},{"damage":2,"enemies":"2 Orb Walkers","floor":48,"turns":5},{"damage":0,"enemies":"Donu and Deca","floor":50,"turns":8}],"seed_played":"3746000956013914270","potions_obtained":[{"floor":3,"key":"Block Potion"},{"floor":10,"key":"Swift Potion"},{"floor":11,"key":"LiquidBronze"},{"floor":12,"key":"SkillPotion"},{"floor":14,"key":"AttackPotion"},{"floor":18,"key":"Strength Potion"},{"floor":20,"key":"SkillPotion"},{"floor":27,"key":"Weak Potion"},{"floor":30,"key":"FocusPotion"},{"floor":31,"key":"Weak Potion"},{"floor":36,"key":"Strength Potion"},{"floor":48,"key":"Energy Potion"}],"is_trial":false,"path_per_floor":["M","M","M","$","M","R","E","R","T","E","M","M","M","E","R","B",null,"M","M","M","M","$","R","E","?","T","M","E","M","E","M","R","B",null,"M","M","M","$","M","R","M","M","T","R","?","$","R","E","R","B"],"character_chosen":"DEFECT","items_purchased":["DataDisk","Glacier","Toy Ornithopter","Weak Potion"],"campfire_rested":0,"item_purchase_floors":[22,38,38,46],"current_hp_per_floor":[75,68,68,68,53,53,45,45,45,41,45,44,46,48,48,41,86,79,76,79,78,78,78,64,45,45,69,62,63,57,69,69,60,105,107,102,113,113,115,115,115,115,115,115,86,86,86,87,87,115],"gold":105,"neow_bonus":"ONE_RARE_RELIC","is_prod":false,"is_daily":false,"chose_seed":false,"campfire_upgraded":9,"win_rate":0,"timestamp":1531432451,"path_taken":["M","M","M","$","M","R","E","R","T","E","M","M","M","E","R","BOSS","M","M","M","M","$","R","E","?","T","M","E","M","E","M","R","BOSS","M","M","M","$","?","R","M","M","T","R","?","?","R","E","R","BOSS"],"build_version":"2018-07-05","purchased_purges":2,"victory":true,"max_hp_per_floor":[75,75,75,75,75,75,75,75,75,75,77,77,79,86,86,86,86,88,88,90,94,94,94,94,99,99,101,101,103,103,103,103,105,105,107,109,113,113,115,115,115,115,115,115,115,115,115,115,115,115],"card_choices":[{"not_picked":["Hologram","Skim"],"picked":"Go for the Eyes","floor":1},{"not_picked":["Stack","Steam"],"picked":"Auto Shields","floor":1},{"not_picked":["BootSequence","Compile Driver"],"picked":"Ball Lightning","floor":2},{"not_picked":["Compile Driver","Stack","Chaos"],"picked":"SKIP","floor":2},{"not_picked":["Ball Lightning","Aggregate"],"picked":"Sunder","floor":3},{"not_picked":["Gash","Stack"],"picked":"Ball Lightning","floor":3},{"not_picked":["Turbo","Aggregate"],"picked":"Cold Snap","floor":5},{"not_picked":["Loop","Sweeping Beam"],"picked":"Undo","floor":5},{"not_picked":["Sweeping Beam","Barrage"],"picked":"All For One","floor":7},{"not_picked":["Sweeping Beam","Reprogram"],"picked":"Consume","floor":10},{"not_picked":["Barrage","Streamline","Chaos"],"picked":"Singing Bowl","floor":11},{"not_picked":["Redo","Coolheaded"],"picked":"Rebound","floor":11},{"not_picked":["Leap","Sweeping Beam"],"picked":"Self Repair","floor":12},{"not_picked":["Darkness","Aggregate"],"picked":"Loop","floor":12},{"not_picked":["Beam Cell","Go for the Eyes","Darkness"],"picked":"Singing Bowl","floor":13},{"not_picked":["Barrage","Redo"],"picked":"White Noise","floor":13},{"not_picked":["Leap","Steam"],"picked":"Defragment","floor":14},{"not_picked":["Buffer","Core Surge"],"picked":"Fission","floor":16},{"not_picked":["Reprogram","Leap"],"picked":"Capacitor","floor":18},{"not_picked":["Redo+1","Beam Cell+1","Aggregate"],"picked":"Singing Bowl","floor":18},{"not_picked":["Undo","Gash+1"],"picked":"Coolheaded+1","floor":19},{"not_picked":["Hologram","Gash"],"picked":"Ball Lightning+1","floor":19},{"not_picked":["Coolheaded","Hyperbeam","Static Discharge+1"],"picked":"Singing Bowl","floor":20},{"not_picked":["Undo","Rip and Tear+1"],"picked":"Self Repair+1","floor":20},{"not_picked":["Turbo","Rebound","Steam Power+1"],"picked":"Singing Bowl","floor":21},{"not_picked":["Coolheaded","Turbo+1","Compile Driver"],"picked":"Singing Bowl","floor":21},{"not_picked":["Lockon+1","Redo"],"picked":"Defragment+1","floor":24},{"not_picked":["Undo","Double Energy+1","Hologram"],"picked":"Singing Bowl","floor":27},{"not_picked":["Streamline","Stack+1"],"picked":"Capacitor+1","floor":27},{"not_picked":["Ball Lightning+1","Sunder"],"picked":"Electrodynamics","floor":28},{"not_picked":["Barrage","Streamline"],"picked":"Conserve Battery","floor":29},{"not_picked":["Turbo","Sunder","Conserve Battery"],"picked":"Singing Bowl","floor":29},{"not_picked":["Rebound","Biased Cognition"],"picked":"FTL","floor":30},{"not_picked":["Rebound","Fusion"],"picked":"Glacier","floor":31},{"not_picked":["Recycle","Redo"],"picked":"Conserve Battery+1","floor":31},{"not_picked":["Fission","Buffer","Core Surge"],"picked":"Singing Bowl","floor":33},{"not_picked":["Compile Driver","Self Repair+1","Steam Power"],"picked":"Singing Bowl","floor":35},{"not_picked":["Loop","Steam"],"picked":"Hologram+1","floor":35},{"not_picked":["Compile Driver+1","Sweeping Beam"],"picked":"Defragment","floor":36},{"not_picked":["Rebound+1","Leap","Aggregate+1"],"picked":"Singing Bowl","floor":36},{"not_picked":["Barrage+1","Rebound+1","Leap"],"picked":"Singing Bowl","floor":37},{"not_picked":["Sweeping Beam+1","Barrage","Capacitor+1"],"picked":"Singing Bowl","floor":37},{"not_picked":["Rebound+1","Turbo"],"picked":"Force Field+1","floor":39},{"not_picked":["Leap","BootSequence","Gash+1"],"picked":"Singing Bowl","floor":39},{"not_picked":["Reinforced Body+1","Leap+1"],"picked":"Force Field+1","floor":41},{"not_picked":["Electrodynamics","Compile Driver"],"picked":"Defragment+1","floor":41},{"not_picked":["Turbo","Steam"],"picked":"White Noise+1","floor":42},{"not_picked":["Stack+1","Steam Power"],"picked":"Glacier+1","floor":42},{"not_picked":["Sunder+1","Streamline+1"],"picked":"White Noise+1","floor":45},{"not_picked":["Tempest+1","Hyperbeam"],"picked":"FTL+1","floor":48}],"player_experience":259375,"relics_obtained":[{"floor":7,"key":"Meat on the Bone"},{"floor":9,"key":"Orichalcum"},{"floor":10,"key":"Singing Bowl"},{"floor":14,"key":"Strawberry"},{"floor":24,"key":"Shuriken"},{"floor":26,"key":"Dodecahedron"},{"floor":28,"key":"Torii"},{"floor":30,"key":"Bronze Scales"},{"floor":43,"key":"Pantograph"},{"floor":45,"key":"Incense Burner"},{"floor":48,"key":"Anchor"}],"event_choices":[{"event_name":"Forgotten Altar","player_choice":"Shed Blood","floor":25,"damage_taken":0},{"event_name":"MindBloom","player_choice":"Fight","floor":45,"damage_taken":0}],"boss_relics":[{"not_picked":["Black Star","Inserter"],"picked":"Coffee Dripper"},{"not_picked":["Fusion Hammer","Calling Bell"],"picked":"Philosopher\u0027s Stone"}],"items_purged_floors":[22,38],"is_endless":false,"potions_floor_spawned":[3,10,11,12,14,18,20,21,27,30,31,36,37,39,48],"ascension_level":3}