{"gold_per_floor":[110,121,136,154,79,95,123,139,139,169,169,201,201,216,216,321,321,338,328,37,55,55,55,84,84,111,111,138,154,154,154,154,256,256,273,291,291,302,302,302,319,347,374,159,159,187,203,251,251,251],"floor_reached":51,"playtime":6310,"items_purged":["Strike_B","Strike_B","Strike_B"],"score":1144,"play_id":"c49de8f7-8b60-4b30-8154-5d96f24f605a","local_time":"20180712085325","is_ascension_mode":true,"campfire_choices":[{"data":"Chill","floor":11.0,"key":"SMITH"},{"data":"Hologram","floor":15.0,"key":"SMITH"},{"data":"Sunder","floor":23.0,"key":"SMITH"},{"data":"Self Repair","floor":25.0,"key":"SMITH"},{"data":"Conserve Battery","floor":27.0,"key":"SMITH"},{"data":"White Noise","floor":32.0,"key":"SMITH"},{"data":"Buffer","floor":40,"key":"SMITH"},{"data":"Zap","floor":45,"key":"SMITH"},{"data":"Stack","floor":49,"key":"SMITH"}],"neow_cost":"NONE","seed_source_timestamp":0,"circlet_count":0,"master_deck":["Defend_B","Defend_B","Defend_B","Zap+1","Rebound+1","Double Energy+1","Darkness+1","Hologram+1","Chill+1","Genetic Algorithm","Go for the Eyes","Echo Form","Melter","Cold Snap","Multi-Cast","Conserve Battery+1","Reboot","White Noise+1","Self Repair+1","Sunder+1","Ball Lightning+1","Stack+1","Steam+1","Leap","Glacier","Buffer+1","Skim+1","Steam+1","Chill+1","Conserve Battery+1","Loop+1","Deep Breath","Redo","Turbo+1"],"special_seed":0,"relics":["Astrolabe","Pear","Meat on the Bone","Bottled Tornado","Question Card","Orrery","Strawberry","Dream Catcher","Vajra","Pantograph","Sozu","Ice Cream","Orichalcum","Bag of Preparation","Regal Pillow","Gambling Chip"],"potions_floor_usage":[50],"damage_taken":[{"damage":0.0,"enemies":"Cultist","floor":1.0,"turns":3.0},{"damage":2.0,"enemies":"Jaw Worm","floor":2.0,"turns":3.0},{"damage":4.0,"enemies":"Small Slimes","floor":3.0,"turns":3.0},{"damage":0.0,"enemies":"3 Louse","floor":4.0,"turns":3.0},{"damage":6.0,"enemies":"Blue Slaver","floor":6.0,"turns":3.0},{"damage":7.0,"enemies":"3 Sentries","floor":7.0,"turns":6.0},{"damage":12.0,"enemies":"Exordium Wildlife","floor":8.0,"turns":5.0},{"damage":14.0,"enemies":"Gremlin Nob","floor":10.0,"turns":5.0},{"damage":14.0,"enemies":"3 Sentries","floor":12.0,"turns":7.0},{"damage":13.0,"enemies":"Large Slime","floor":14.0,"turns":4.0},{"damage":24.0,"enemies":"Slime Boss","floor":16.0,"turns":8.0},{"damage":13.0,"enemies":"Spheric Guardian","floor":18.0,"turns":5.0},{"damage":31.0,"enemies":"2 Thieves","floor":19.0,"turns":4.0},{"damage":0.0,"enemies":"Sentry and Sphere","floor":21.0,"turns":5.0},{"damage":41.0,"enemies":"Slavers","floor":24.0,"turns":6.0},{"damage":1.0,"enemies":"Gremlin Leader","floor":28.0,"turns":8.0},{"damage":0.0,"enemies":"Snecko","floor":29.0,"turns":3.0},{"damage":19.0,"enemies":"Champ","floor":33.0,"turns":15.0},{"damage":0,"enemies":"3 Darklings","floor":35,"turns":4},{"damage":0,"enemies":"3 Shapes","floor":36,"turns":5},{"damage":0,"floor":37,"turns":4},{"damage":1,"enemies":"Sphere and 2 Shapes","floor":38,"turns":5},{"damage":6,"enemies":"4 Shapes","floor":41,"turns":6},{"damage":6,"enemies":"2 Orb Walkers","floor":42,"turns":7},{"damage":0,"enemies":"Giant Head","floor":46,"turns":5},{"damage":0,"enemies":"Maw","floor":47,"turns":9},{"damage":11,"floor":48,"turns":7},{"damage":3,"enemies":"Awakened One","floor":50,"turns":11}],"seed_played":"-5546768483016979718","potions_obtained":[{"floor":2.0,"key":"SpeedPotion"},{"floor":6.0,"key":"Weak Potion"},{"floor":7.0,"key":"EssenceOfSteel"},{"floor":18.0,"key":"EssenceOfSteel"},{"floor":24.0,"key":"Block Potion"},{"floor":28.0,"key":"Block Potion"},{"floor":29.0,"key":"Energy Potion"},{"floor":33.0,"key":"Swift Potion"}],"is_trial":false,"path_per_floor":["M","M","M","M","$","M","E","M","T","E","R","E","?","M","R","B",null,"M","M","$","M","?","R","E","R","T","R","E","M","?","?","R","B",null,"M","M","?","M","?","R","M","E","T","$","R","E","M","?","R","B"],"character_chosen":"DEFECT","items_purchased":["Cold Snap","Strawberry","Deep Breath"],"campfire_rested":0,"item_purchase_floors":[20,20,44],"current_hp_per_floor":[75,73,69,69,69,63,66,54,54,52,52,50,50,49,49,37,85,79,55,62,76,76,76,61,61,61,61,80,80,80,92,92,83,92,92,92,92,92,92,92,92,92,92,92,92,92,92,81,81,89],"gold":251,"neow_bonus":"BOSS_RELIC","is_prod":false,"is_daily":false,"chose_seed":false,"campfire_upgraded":9,"win_rate":0,"timestamp":1531382005,"path_taken":["M","M","M","M","$","M","E","?","T","E","R","E","?","M","R","BOSS","M","M","$","M","?","R","E","R","T","R","E","M","?","?","R","BOSS","M","M","?","M","?","R","M","E","T","$","R","E","M","?","R","BOSS"],"build_version":"2018-07-05","purchased_purges":3,"victory":true,"max_hp_per_floor":[75,75,75,75,75,75,85,85,85,85,85,85,85,85,85,85,85,85,85,92,92,92,92,92,92,92,92,92,92,92,92,92,92,92,92,92,92,92,92,92,92,92,92,92,92,92,92,92,92,92],"card_choices":[{"not_picked":["Compile Driver","Stack"],"picked":"Hologram","floor":1.0},{"not_picked":["Stack","Beam Cell","Rebound"],"picked":"SKIP","floor":2.0},{"not_picked":["Beam Cell","Skim"],"picked":"Chill","floor":3.0},{"not_picked":["Hello World","Stack"],"picked":"Genetic Algorithm","floor":4.0},{"not_picked":["Rebound","Sweeping Beam"],"picked":"Go for the Eyes","floor":6.0},{"not_picked":["Reprogram","Heatsinks"],"picked":"Echo Form","floor":7.0},{"not_picked":["Go for the Eyes","Compile Driver","Sweeping Beam"],"picked":"SKIP","floor":8.0},{"not_picked":["Recycle","Gash","Loop"],"picked":"SKIP","floor":10.0},{"not_picked":["Go for the Eyes","Turbo"],"picked":"Melter","floor":12.0},{"not_picked":["Coolheaded","Beam Cell","Compile Driver"],"picked":"Cold Snap","floor":14.0},{"not_picked":["Creative AI","All For One","Thunder Strike"],"picked":"Multi-Cast","floor":16.0},{"not_picked":["Loop","Cold Snap","Turbo"],"picked":"Conserve Battery","floor":17.0},{"not_picked":["Stack","Barrage","Auto Shields"],"picked":"Reboot","floor":17.0},{"not_picked":["Coolheaded","Compile Driver","Streamline"],"picked":"White Noise","floor":17.0},{"not_picked":["Turbo","Rebound","Skim"],"picked":"Self Repair","floor":18.0},{"not_picked":["Skim","Hello World","Redo"],"picked":"Sunder","floor":19.0},{"not_picked":["Coolheaded","Melter","Chaos"],"picked":"Ball Lightning+1","floor":21.0},{"not_picked":["Hello World","Fusion","Hyperbeam","Beam Cell"],"picked":"SKIP","floor":24.0},{"not_picked":["Rebound","Redo","Cold Snap"],"picked":"Steam+1","floor":28.0},{"not_picked":["Redo+1","Cold Snap","Conserve Battery"],"picked":"Leap","floor":29.0},{"not_picked":["Hyperbeam","Seek","Machine Learning"],"picked":"Buffer","floor":33.0},{"not_picked":["Stack","Conserve Battery","Reprogram+1"],"picked":"Skim+1","floor":35},{"not_picked":["Sweeping Beam","Cold Snap","Undo"],"picked":"Steam+1","floor":36},{"not_picked":["Sunder+1","Barrage","Ball Lightning+1"],"picked":"Chill+1","floor":37},{"not_picked":["Hologram","Go for the Eyes+1","FTL"],"picked":"Conserve Battery+1","floor":38},{"not_picked":["Fission","Hologram","Recycle+1","Chill"],"picked":"SKIP","floor":41},{"not_picked":["Go for the Eyes+1","Turbo","Genetic Algorithm"],"picked":"Loop+1","floor":42},{"not_picked":["Tempest+1","Beam Cell","Consume"],"picked":"Redo","floor":46},{"not_picked":["Genetic Algorithm","Coolheaded","Go for the Eyes+1","Streamline+1"],"picked":"SKIP","floor":47},{"not_picked":["Gash+1","Cold Snap+1","Machine Learning"],"picked":"Turbo+1","floor":48}],"player_experience":253065,"relics_obtained":[{"floor":7.0,"key":"Pear"},{"floor":9.0,"key":"Meat on the Bone"},{"floor":10.0,"key":"Bottled Tornado"},{"floor":12.0,"key":"Question Card"},{"floor":24.0,"key":"Dream Catcher"},{"floor":26.0,"key":"Vajra"},{"floor":28.0,"key":"Pantograph"},{"floor":37,"key":"Ice Cream"},{"floor":42,"key":"Orichalcum"},{"floor":43,"key":"Bag of Preparation"},{"floor":46,"key":"Regal Pillow"},{"floor":48,"key":"Gambling Chip"}],"event_choices":[{"event_name":"FaceTrader","player_choice":"Leave","floor":13.0,"damage_taken":0.0},{"event_name":"Match and Keep!","player_choice":"1 cards matched","floor":22.0,"damage_taken":0.0},{"event_name":"The Library","player_choice":"Read","floor":30.0,"damage_taken":0.0},{"event_name":"Wheel of Change","player_choice":"Full Heal","floor":31.0,"damage_taken":0.0},{"event_name":"MindBloom","player_choice":"Fight","floor":37,"damage_taken":0},{"event_name":"Falling","player_choice":"Removed Attack","floor":39,"damage_taken":0},{"event_name":"Mysterious Sphere","player_choice":"Fight","floor":48,"damage_taken":0}],"boss_relics":[{"not_picked":["Calling Bell","Velvet Choker"],"picked":"Orrery"},{"not_picked":["Pandora\u0027s Box","Black Star"],"picked":"Sozu"}],"items_purged_floors":[5,20,44],"is_endless":false,"potions_floor_spawned":[2,6,7,8,18,24,28,29,33,35,38,42,46,48],"ascension_level":2}