{"gold_per_floor":[212,223,223,52,52,88,88,103,157,197,218,140,140,176,176,306,306,324,348,366,38,74,112,9,9,9,9,9,40,53,88,88,211,211,234,234,2,21,21,21,52,3,3,3,28,28,28,28,28,28],"floor_reached":51,"playtime":4488,"items_purged":["Strike_B"],"score":986,"play_id":"3d8191d2-5e8c-409a-9530-7afd29db650c","local_time":"20180719002726","is_ascension_mode":true,"campfire_choices":[{"data":"Barrage","floor":7,"key":"SMITH"},{"data":"Consume","floor":13,"key":"SMITH"},{"data":"Capacitor","floor":15,"key":"SMITH"},{"floor":25,"key":"REST"},{"floor":28,"key":"REST"},{"floor":32,"key":"REST"},{"data":"Defragment","floor":40,"key":"SMITH"},{"data":"Defragment","floor":44,"key":"SMITH"},{"floor":49,"key":"REST"}],"neow_cost":"NONE","seed_source_timestamp":48377437123208,"circlet_count":0,"master_deck":["Defend_B","Defend_B","Defend_B","Defend_B","Zap","Dualcast","Glacier","Barrage+1","Cold Snap","Conserve Battery","Capacitor+1","Lockon","Coolheaded","Go for the Eyes","Coolheaded","Consume+1","Fission","Chaos+1","Leap","Defragment+1","Seek","Defragment+1","Ball Lightning","Barrage+1","Ball Lightning+1","Coolheaded+1","Auto Shields+1","Melter","Steam+1"],"relics":["Cracked Core","Golden Idol","Potion Belt","Tiny Chest","Anchor","Singing Bowl","Philosopher\u0027s Stone","Oddly Smooth Stone","Runic Capacitor","Red Mask","Dead Branch","Pantograph","Vajra","Prayer Wheel","Busted Crown","Darkstone Periapt","Bronze Scales","Lantern","Mango"],"potions_floor_usage":[6,16,16,22,22,23,31,33,50,50,50],"damage_taken":[{"damage":2,"enemies":"2 Louse","floor":1,"turns":3},{"damage":2,"enemies":"Jaw Worm","floor":2,"turns":3},{"damage":7,"enemies":"3 Sentries","floor":6,"turns":8},{"damage":0,"enemies":"Small Slimes","floor":8,"turns":3},{"damage":1,"enemies":"Lagavulin","floor":10,"turns":8},{"damage":11,"enemies":"Exordium Thugs","floor":11,"turns":6},{"damage":3,"enemies":"3 Sentries","floor":14,"turns":7},{"damage":9,"enemies":"The Guardian","floor":16,"turns":10},{"damage":15,"enemies":"Spheric Guardian","floor":18,"turns":7},{"damage":5,"enemies":"Shell Parasite","floor":20,"turns":6},{"damage":7,"floor":22,"turns":3},{"damage":36,"enemies":"Gremlin Leader","floor":23,"turns":9},{"damage":0,"enemies":"Book of Stabbing","floor":29,"turns":7},{"damage":0,"enemies":"Centurion and Healer","floor":30,"turns":5},{"damage":49,"enemies":"Slavers","floor":31,"turns":6},{"damage":36,"enemies":"Champ","floor":33,"turns":11},{"damage":0,"enemies":"Orb Walker","floor":35,"turns":4},{"damage":19,"enemies":"3 Darklings","floor":38,"turns":7},{"damage":18,"enemies":"Nemesis","floor":41,"turns":7},{"damage":16,"enemies":"Spire Growth","floor":45,"turns":4},{"damage":21,"enemies":"Awakened One","floor":50,"turns":12}],"seed_played":"2707797643382231834","potions_obtained":[{"floor":2,"key":"Regen Potion"},{"floor":6,"key":"Explosive Potion"},{"floor":10,"key":"LiquidBronze"},{"floor":14,"key":"LiquidBronze"},{"floor":18,"key":"Fire Potion"},{"floor":20,"key":"PowerPotion"},{"floor":29,"key":"Swift Potion"},{"floor":31,"key":"Block Potion"},{"floor":35,"key":"Dexterity Potion"},{"floor":41,"key":"PowerPotion"}],"is_trial":false,"path_per_floor":["M","M","?","$","?","E","R","M","T","E","M","$","R","E","R","B",null,"M","T","M","$","?","E","$","R","T","?","R","E","M","E","R","B",null,"M","T","$","M","?","R","E","$","T","R","M","?","$","?","R","B"],"character_chosen":"DEFECT","items_purchased":["Cold Snap","Conserve Battery","Capacitor","Consume","Runic Capacitor","Leap","Defragment","Ball Lightning","Blizzard","Bronze Scales","Weak Potion"],"campfire_rested":4,"item_purchase_floors":[4,4,4,12,21,21,24,24,37,37,42],"current_hp_per_floor":[66,64,46,46,46,54,54,54,54,53,42,42,42,41,41,32,66,53,53,48,48,41,5,5,28,28,28,51,53,53,6,30,21,69,71,71,71,52,52,52,34,34,48,48,36,36,36,36,67,71],"gold":28,"neow_bonus":"HUNDRED_GOLD","is_prod":false,"is_daily":false,"chose_seed":false,"campfire_upgraded":5,"win_rate":0,"timestamp":1531956446,"path_taken":["M","M","?","$","?","E","R","M","T","E","M","$","R","E","R","BOSS","M","?","M","$","?","E","$","R","T","?","R","E","?","E","R","BOSS","M","?","$","M","?","R","E","$","T","R","M","?","?","?","R","BOSS"],"build_version":"2018-07-12","purchased_purges":1,"victory":true,"max_hp_per_floor":[75,75,75,75,75,75,75,75,75,75,75,75,75,77,77,77,77,79,79,79,79,79,79,79,79,79,79,79,81,81,83,83,85,85,87,87,87,87,87,87,87,87,101,101,105,105,105,105,105,105],"card_choices":[{"not_picked":["Gash","Coolheaded"],"picked":"Glacier","floor":1},{"not_picked":["Streamline","Doom and Gloom"],"picked":"Barrage","floor":2},{"not_picked":["Capacitor","Sunder"],"picked":"Coolheaded","floor":6},{"not_picked":["Stack","Loop"],"picked":"Go for the Eyes","floor":8},{"not_picked":["Hyperbeam","Aggregate","Reprogram"],"picked":"SKIP","floor":10},{"not_picked":["Stack","Undo"],"picked":"Coolheaded","floor":11},{"not_picked":["Tempest","Meteor Strike","Hello World"],"picked":"Singing Bowl","floor":14},{"not_picked":["Reboot","Biased Cognition"],"picked":"Fission","floor":16},{"not_picked":["Gash+1","Static Discharge+1","Redo"],"picked":"Singing Bowl","floor":18},{"not_picked":["Go for the Eyes","Sweeping Beam"],"picked":"Chaos+1","floor":20},{"not_picked":["Barrage","Auto Shields"],"picked":"Defragment","floor":22},{"not_picked":["Coolheaded+1","Scrape+1"],"picked":"Seek","floor":23},{"not_picked":["Skim+1","Doom and Gloom","Multi-Cast"],"picked":"Singing Bowl","floor":29},{"not_picked":["Steam+1","Redo"],"picked":"Barrage+1","floor":30},{"not_picked":["Force Field","Loop","Streamline"],"picked":"Singing Bowl","floor":31},{"not_picked":["Thunder Strike","Fission","Core Surge"],"picked":"Singing Bowl","floor":33},{"not_picked":["Streamline+1"],"picked":"Singing Bowl","floor":35},{"not_picked":[],"picked":"Ball Lightning+1","floor":35},{"not_picked":[],"picked":"Coolheaded+1","floor":38},{"not_picked":[],"picked":"Auto Shields+1","floor":38},{"not_picked":[],"picked":"Steam+1","floor":41},{"not_picked":["Scrape"],"picked":"Singing Bowl","floor":45},{"not_picked":["Reprogram"],"picked":"Singing Bowl","floor":45}],"player_experience":352505,"relics_obtained":[{"floor":6,"key":"Potion Belt"},{"floor":9,"key":"Tiny Chest"},{"floor":10,"key":"Anchor"},{"floor":14,"key":"Singing Bowl"},{"floor":19,"key":"Oddly Smooth Stone"},{"floor":22,"key":"Red Mask"},{"floor":23,"key":"Dead Branch"},{"floor":26,"key":"Pantograph"},{"floor":29,"key":"Vajra"},{"floor":31,"key":"Prayer Wheel"},{"floor":36,"key":"Darkstone Periapt"},{"floor":41,"key":"Lantern"},{"floor":43,"key":"Mango"}],"event_choices":[{"event_name":"Golden Idol","player_choice":"Take Damage","floor":3,"damage_taken":0},{"event_name":"Transmorgrifier","player_choice":"Transform","floor":5,"damage_taken":0},{"event_name":"Masked Bandits","player_choice":"Fought over 38 gold","floor":22,"damage_taken":0},{"event_name":"Purifier","player_choice":"One Purge","floor":27,"damage_taken":0},{"event_name":"Transmorgrifier","player_choice":"Transform","floor":39,"damage_taken":0},{"event_name":"Falling","player_choice":"Removed Attack","floor":46,"damage_taken":0},{"event_name":"SecretPortal","player_choice":"Rejected Portal.","floor":48,"damage_taken":0}],"boss_relics":[{"not_picked":["Lizard Tail","Tiny House"],"picked":"Philosopher\u0027s Stone"},{"not_picked":["Fusion Hammer","Astrolabe"],"picked":"Busted Crown"}],"items_purged_floors":[21],"is_endless":false,"potions_floor_spawned":[2,6,10,14,18,20,29,31,35,41],"ascension_level":6}