{"gold_per_floor":[111,123,140,140,12,43,8,28,77,77,92,92],"floor_reached":12,"playtime":761,"items_purged":["Strike_B"],"score":96,"play_id":"13aa520b-a1bf-4b1b-8361-49503c0ee3db","local_time":"20180714100401","is_ascension_mode":true,"campfire_choices":[],"neow_cost":"TEN_PERCENT_HP_LOSS","seed_source_timestamp":2650379561933197,"circlet_count":0,"master_deck":["Defend_B","Defend_B","Defend_B","Defend_B","Zap","Dualcast","Rebound","Cold Snap","Defragment","Ball Lightning","Go for the Eyes","Capacitor","Leap","Compile Driver+1"],"relics":["Cracked Core","Letter Opener","Ancient Tea Set","Molten Egg 2"],"potions_floor_usage":[11,12],"damage_taken":[{"damage":7,"enemies":"Small Slimes","floor":1,"turns":3},{"damage":2,"enemies":"Jaw Worm","floor":2,"turns":3},{"damage":0,"enemies":"2 Louse","floor":3,"turns":2},{"damage":20,"enemies":"Gremlin Nob","floor":6,"turns":4},{"damage":17,"enemies":"Lots of Slimes","floor":8,"turns":3},{"damage":6,"enemies":"Exordium Thugs","floor":11,"turns":3},{"damage":19,"enemies":"Lagavulin","floor":12,"turns":5}],"seed_played":"1688785694167666861","potions_obtained":[{"floor":3,"key":"SteroidPotion"},{"floor":8,"key":"AttackPotion"}],"is_trial":false,"path_per_floor":["M","M","M","?","$","E","$","M","T","T","M"],"character_chosen":"DEFECT","items_purchased":["Ball Lightning","Capacitor"],"campfire_rested":0,"item_purchase_floors":[5,7],"current_hp_per_floor":[61,59,59,52,52,32,32,15,15,15,9,0],"gold":92,"neow_bonus":"REMOVE_TWO","is_prod":false,"is_daily":false,"chose_seed":false,"campfire_upgraded":0,"win_rate":0,"timestamp":1531559041,"path_taken":["M","M","M","?","$","E","$","?","T","?","M","E"],"build_version":"2018-07-12","purchased_purges":1,"victory":false,"max_hp_per_floor":[68,68,68,68,68,68,68,68,68,68,68,68],"card_choices":[{"not_picked":["Beam Cell","Storm"],"picked":"Rebound","floor":1},{"not_picked":["Conserve Battery","Turbo"],"picked":"Cold Snap","floor":2},{"not_picked":["Recycle","Steam Power"],"picked":"Defragment","floor":3},{"not_picked":["FTL","Rebound"],"picked":"Go for the Eyes","floor":6},{"not_picked":["Recycle","Beam Cell"],"picked":"Leap","floor":8},{"not_picked":["Consume","Loop"],"picked":"Compile Driver+1","floor":11}],"player_experience":284806,"relics_obtained":[{"floor":6,"key":"Letter Opener"},{"floor":9,"key":"Ancient Tea Set"},{"floor":10,"key":"Molten Egg 2"}],"event_choices":[{"event_name":"Golden Wing","player_choice":"Card Removal","floor":4,"damage_taken":0}],"boss_relics":[],"items_purged_floors":[5],"is_endless":false,"potions_floor_spawned":[3,8],"killed_by":"Lagavulin","ascension_level":4}