{"gold_per_floor":[111,111,130,149,149,149,167,167,167,179,189,207,207,105,105,204,204,214,226,77,96,107,107,118,40,66,92,42,42,68,167,167,167],"floor_reached":33,"playtime":3106,"items_purged":["Defend_B","Strike_B","Strike_B"],"score":279,"play_id":"e2ea726f-7479-4b6a-9da3-b8a989999ffe","local_time":"20180709224731","is_ascension_mode":false,"campfire_choices":[{"data":"Chill","floor":6,"key":"SMITH"},{"data":"Hologram","floor":8,"key":"SMITH"},{"data":"Blizzard","floor":13,"key":"SMITH"},{"data":"Ball Lightning","floor":15,"key":"SMITH"},{"data":"Coolheaded","floor":23,"key":"SMITH"},{"data":"Blizzard","floor":29,"key":"SMITH"},{"data":"Capacitor","floor":32,"key":"SMITH"}],"neow_cost":"NONE","seed_source_timestamp":2261839757100296,"circlet_count":0,"master_deck":["Strike_B","Defend_B","Defend_B","Defend_B","Zap","Dualcast","Hologram+1","Chill+1","Blizzard+1","Leap","Electrodynamics","Hologram","Coolheaded+1","Cold Snap","Steam","Ball Lightning+1","Seek","Leap","Sunder+1","Capacitor+1","Cold Snap","Cold Snap+1","Blizzard+1"],"relics":["Cracked Core","Letter Opener","Smiling Mask","Nuclear Battery","Bronze Scales","The Courier","Ornamental Fan"],"potions_floor_usage":[16,33,33,33],"damage_taken":[{"damage":3,"enemies":"Jaw Worm","floor":1,"turns":3},{"damage":0,"enemies":"Small Slimes","floor":3,"turns":2},{"damage":0,"enemies":"Cultist","floor":4,"turns":3},{"damage":3,"enemies":"Looter","floor":7,"turns":3},{"damage":4,"enemies":"Large Slime","floor":10,"turns":6},{"damage":0,"enemies":"Gremlin Gang","floor":11,"turns":2},{"damage":3,"enemies":"Blue Slaver","floor":12,"turns":3},{"damage":29,"enemies":"The Guardian","floor":16,"turns":9},{"damage":0,"enemies":"3 Byrds","floor":18,"turns":3},{"damage":0,"enemies":"Spheric Guardian","floor":19,"turns":3},{"damage":9,"enemies":"Slaver and Parasite","floor":21,"turns":7},{"damage":4,"enemies":"Cultist and Chosen","floor":22,"turns":7},{"damage":0,"enemies":"Centurion and Healer","floor":24,"turns":5},{"damage":11,"enemies":"Book of Stabbing","floor":27,"turns":7},{"damage":7,"enemies":"Gremlin Leader","floor":30,"turns":5},{"damage":49,"enemies":"Collector","floor":33,"turns":9}],"seed_played":"-3984743900595801952","potions_obtained":[{"floor":4,"key":"FearPotion"},{"floor":11,"key":"LiquidBronze"},{"floor":21,"key":"Strength Potion"},{"floor":22,"key":"Ancient Potion"},{"floor":30,"key":"Swift Potion"}],"is_trial":false,"path_per_floor":["M","?","M","M","?","R","M","R","T","M","M","M","R","$","R","B",null,"M","M","$","M","M","R","M","$","T","E","$","R","E","?","R"],"character_chosen":"DEFECT","items_purchased":["Ball Lightning","Capacitor","Cold Snap","Blizzard"],"campfire_rested":0,"item_purchase_floors":[14,20,20,25],"current_hp_per_floor":[72,69,69,69,69,69,66,66,66,62,62,59,59,59,59,30,75,75,75,75,66,62,62,62,62,62,51,51,51,44,44,44,0],"gold":167,"neow_bonus":"THREE_CARDS","is_prod":false,"is_daily":false,"chose_seed":false,"campfire_upgraded":7,"win_rate":0,"timestamp":1531172851,"path_taken":["M","?","M","M","?","R","M","R","T","M","M","M","R","$","R","BOSS","M","M","$","M","?","R","M","$","T","E","$","R","E","?","R","BOSS"],"build_version":"2018-07-05","purchased_purges":3,"victory":false,"max_hp_per_floor":[75,75,75,75,75,75,75,75,75,75,75,75,75,75,75,75,75,75,75,75,75,75,75,75,75,75,75,75,75,75,75,75,75],"card_choices":[{"not_picked":["Rebound","Redo"],"picked":"Hologram","floor":0},{"not_picked":["Sweeping Beam","Reinforced Body"],"picked":"Chill","floor":1},{"not_picked":["Gash","Scrape"],"picked":"Blizzard","floor":3},{"not_picked":["Loop","Skim"],"picked":"Leap","floor":4},{"not_picked":["Beam Cell","Rebound"],"picked":"Hologram","floor":7},{"not_picked":["Sunder","Go for the Eyes"],"picked":"Coolheaded","floor":10},{"not_picked":["Static Discharge","Go for the Eyes"],"picked":"Cold Snap","floor":11},{"not_picked":["Aggregate","Hello World"],"picked":"Steam","floor":12},{"not_picked":["Hyperbeam","All For One"],"picked":"Seek","floor":16},{"not_picked":["Beam Cell","Rip and Tear"],"picked":"Leap","floor":18},{"not_picked":["Cold Snap","Beam Cell"],"picked":"Sunder+1","floor":19},{"not_picked":["Gash","Redo"],"picked":"Cold Snap+1","floor":21},{"not_picked":["Rip and Tear","Storm","Hologram"],"picked":"SKIP","floor":22},{"not_picked":["Rip and Tear","Storm","Hologram"],"picked":"SKIP","floor":22},{"not_picked":["Sweeping Beam","FTL","Streamline"],"picked":"SKIP","floor":24},{"not_picked":["Steam Power","Loop","Steam"],"picked":"SKIP","floor":27},{"not_picked":["Gash","Beam Cell+1","Compile Driver"],"picked":"SKIP","floor":30}],"player_experience":206498,"relics_obtained":[{"floor":9,"key":"Smiling Mask"},{"floor":26,"key":"Bronze Scales"},{"floor":27,"key":"The Courier"},{"floor":30,"key":"Ornamental Fan"}],"event_choices":[{"event_name":"Scrap Ooze","player_choice":"success","floor":2,"damage_taken":3},{"event_name":"Living Wall","player_choice":"Change","floor":5,"damage_taken":0},{"event_name":"Nest","player_choice":"Stole From Cult","floor":31,"damage_taken":0}],"boss_relics":[{"not_picked":["Runic Dome","Snecko Eye"],"picked":"Nuclear Battery"}],"items_purged_floors":[14,20,28],"is_endless":false,"potions_floor_spawned":[4,11,21,22,24,30],"killed_by":"Collector","ascension_level":0}