{"gold_per_floor":[109,121,131,11,24,24,54,54,126,144,204,204,237,254,254,328,328,348,367,27,43,54,54,81,81,81,113,113,212,212,223,223,300,300,311,324,341,1,1,1,21,21,21,21,21,21,36,51,51,51],"floor_reached":51,"playtime":5577,"items_purged":["Strike_B","Defend_B"],"score":1154,"play_id":"9e1c4841-0764-4a96-ae49-7024739e5da5","local_time":"20180731000237","is_ascension_mode":true,"campfire_choices":[{"data":"Ball Lightning","floor":6,"key":"SMITH"},{"floor":8,"key":"REST"},{"data":"Defragment","floor":12,"key":"SMITH"},{"data":"Strike_B","floor":15,"key":"PURGE"},{"floor":23,"key":"REST"},{"floor":25,"key":"REST"},{"floor":32,"key":"REST"},{"floor":40,"key":"REST"},{"floor":46,"key":"REST"},{"floor":49,"key":"REST"}],"neow_cost":"NONE","seed_source_timestamp":1082611070770574,"circlet_count":0,"master_deck":["Defend_B","Defend_B","Defend_B","Zap+1","Dualcast","AscendersBane","FTL","Conserve Battery","Cold Snap","Ball Lightning+1","Genetic Algorithm","Conserve Battery","Coolheaded","Defragment+1","Streamline","Steam+1","Biased Cognition","Loop","Conserve Battery","BootSequence+1","Hologram+1","Leap","Machine Learning","Barrage+1","Barrage+1","Capacitor","Ball Lightning"],"relics":["Cracked Core","Mango","Kunai","Tiny Chest","Peace Pipe","Empty Cage","ClockworkSouvenir","Boot","Bag of Marbles","Incense Burner","Inserter","War Paint","Vajra","Cables","Sundial","Orichalcum"],"potions_floor_usage":[7,19,21,24,24,33,33,36,46,50,50],"damage_taken":[{"damage":1,"enemies":"Cultist","floor":1,"turns":3},{"damage":6,"enemies":"2 Louse","floor":2,"turns":2},{"damage":0,"enemies":"Small Slimes","floor":3,"turns":3},{"damage":8,"enemies":"3 Louse","floor":5,"turns":4},{"damage":17,"enemies":"Gremlin Nob","floor":7,"turns":4},{"damage":6,"enemies":"Looter","floor":10,"turns":3},{"damage":4,"enemies":"Lagavulin","floor":11,"turns":6},{"damage":0,"enemies":"3 Sentries","floor":13,"turns":5},{"damage":1,"enemies":"Exordium Wildlife","floor":14,"turns":2},{"damage":18,"enemies":"Slime Boss","floor":16,"turns":7},{"damage":15,"enemies":"Shell Parasite","floor":18,"turns":6},{"damage":24,"enemies":"2 Thieves","floor":19,"turns":5},{"damage":14,"enemies":"3 Cultists","floor":21,"turns":5},{"damage":3,"enemies":"Cultist and Chosen","floor":22,"turns":6},{"damage":22,"enemies":"Slavers","floor":24,"turns":6},{"damage":20,"enemies":"Book of Stabbing","floor":27,"turns":7},{"damage":9,"enemies":"Centurion and Healer","floor":31,"turns":7},{"damage":42,"enemies":"Automaton","floor":33,"turns":13},{"damage":22,"enemies":"Flame Bruiser 1 Orb","floor":35,"turns":7},{"damage":18,"enemies":"3 Darklings","floor":36,"turns":6},{"damage":7,"enemies":"Spire Growth","floor":37,"turns":6},{"damage":16,"enemies":"Sphere and 2 Shapes","floor":41,"turns":6},{"damage":0,"floor":42,"turns":6},{"damage":0,"enemies":"Maw","floor":47,"turns":7},{"damage":0,"enemies":"3 Darklings","floor":48,"turns":6},{"damage":45,"enemies":"Time Eater","floor":50,"turns":12}],"seed_played":"-598800551889932078","potions_obtained":[{"floor":1,"key":"Block Potion"},{"floor":3,"key":"GamblersBrew"},{"floor":13,"key":"PowerPotion"},{"floor":14,"key":"PowerPotion"},{"floor":21,"key":"LiquidBronze"},{"floor":22,"key":"Fire Potion"},{"floor":27,"key":"Dexterity Potion"},{"floor":31,"key":"FocusPotion"},{"floor":35,"key":"Regen Potion"},{"floor":41,"key":"SteroidPotion"},{"floor":42,"key":"Fruit Juice"},{"floor":47,"key":"Regen Potion"}],"is_trial":false,"path_per_floor":["M","M","M","$","M","R","E","R","T","M","E","R","E","M","R","B",null,"M","M","$","M","M","R","E","R","T","E","?","?","?","M","R","B",null,"M","M","M","$","T","R","M","?","T","$","?","R","M","M","R","B"],"character_chosen":"DEFECT","items_purchased":["Ball Lightning","ClockworkSouvenir","Conserve Battery","War Paint","Weak Potion","Vajra"],"campfire_rested":7,"item_purchase_floors":[4,20,20,38,38,38],"current_hp_per_floor":[67,61,61,61,53,53,50,76,76,70,66,66,66,65,65,47,79,64,47,47,33,30,56,34,60,60,40,40,40,40,31,57,15,71,49,43,36,36,36,62,46,46,46,46,46,79,79,79,94,64],"gold":51,"neow_bonus":"UPGRADE_CARD","is_prod":false,"is_daily":false,"chose_seed":false,"campfire_upgraded":2,"win_rate":0,"timestamp":1532991757,"path_taken":["M","M","?","$","M","R","E","R","T","M","E","R","E","?","R","BOSS","M","M","$","?","M","R","E","R","T","E","?","?","?","M","R","BOSS","M","M","M","$","?","R","M","?","T","?","?","R","M","M","R","BOSS"],"build_version":"2018-07-26","purchased_purges":2,"victory":true,"max_hp_per_floor":[75,75,75,75,75,75,89,89,89,89,89,89,89,89,89,89,89,89,89,89,89,89,89,89,89,89,89,89,89,89,89,89,89,89,89,89,89,89,89,89,89,89,89,89,89,94,94,94,94,94],"card_choices":[{"not_picked":["Storm","Sweeping Beam"],"picked":"FTL","floor":1},{"not_picked":["Redo","Gash"],"picked":"Conserve Battery","floor":2},{"not_picked":["Coolheaded","Gash"],"picked":"Cold Snap","floor":3},{"not_picked":["Force Field","Steam Power"],"picked":"Genetic Algorithm","floor":5},{"not_picked":["Barrage","Thunder Strike"],"picked":"Conserve Battery","floor":7},{"not_picked":["Blizzard","Double Energy"],"picked":"Coolheaded","floor":10},{"not_picked":["Gash","Stack"],"picked":"Defragment","floor":11},{"not_picked":["Fusion","Conserve Battery"],"picked":"Streamline","floor":13},{"not_picked":["Sunder","Barrage"],"picked":"Steam","floor":14},{"not_picked":["Core Surge","Thunder Strike"],"picked":"Biased Cognition","floor":16},{"not_picked":["Redo","Double Energy"],"picked":"Loop","floor":18},{"not_picked":["Stack","Force Field","Steam"],"picked":"SKIP","floor":19},{"not_picked":["Chill","Go for the Eyes"],"picked":"Sweeping Beam","floor":21},{"not_picked":["Cold Snap","Sweeping Beam","Barrage+1"],"picked":"SKIP","floor":22},{"not_picked":["Aggregate","FTL"],"picked":"BootSequence","floor":24},{"not_picked":["Cold Snap","Redo"],"picked":"Hologram+1","floor":27},{"not_picked":["Rebound","Hologram"],"picked":"Leap","floor":31},{"not_picked":["Seek","Meteor Strike"],"picked":"Machine Learning","floor":33},{"not_picked":["Aggregate+1","Go for the Eyes","Leap"],"picked":"SKIP","floor":35},{"not_picked":["Go for the Eyes","Compile Driver"],"picked":"Barrage+1","floor":36},{"not_picked":["Leap","Streamline+1"],"picked":"Barrage+1","floor":37},{"not_picked":["Static Discharge+1","Hello World+1"],"picked":"Capacitor","floor":41},{"not_picked":["Turbo","Core Surge","Barrage+1"],"picked":"SKIP","floor":47},{"not_picked":["Redo","Leap"],"picked":"Ball Lightning","floor":48}],"player_experience":547780,"relics_obtained":[{"floor":7,"key":"Mango"},{"floor":9,"key":"Kunai"},{"floor":11,"key":"Tiny Chest"},{"floor":13,"key":"Peace Pipe"},{"floor":24,"key":"Boot"},{"floor":26,"key":"Bag of Marbles"},{"floor":27,"key":"Incense Burner"},{"floor":39,"key":"Cables"},{"floor":42,"key":"Sundial"},{"floor":43,"key":"Orichalcum"}],"event_choices":[{"event_name":"Vampires","player_choice":"Ignored","floor":28,"damage_taken":0},{"event_name":"Nest","player_choice":"Stole From Cult","floor":29,"damage_taken":0},{"event_name":"Beggar","player_choice":"Ignored","floor":30,"damage_taken":0},{"event_name":"MindBloom","player_choice":"Fight","floor":42,"damage_taken":0},{"event_name":"Falling","player_choice":"Removed Attack","floor":45,"damage_taken":0}],"is_beta":false,"boss_relics":[{"not_picked":["Philosopher\u0027s Stone","Orrery"],"picked":"Empty Cage"},{"not_picked":["FrozenCore","Nuclear Battery"],"picked":"Inserter"}],"items_purged_floors":[4,20],"is_endless":false,"potions_floor_spawned":[1,3,13,14,16,21,22,27,31,35,41,42,47],"ascension_level":13}