{"gold_per_floor":[360,380,395,200,218,253,253,288,311,311,311,322,322,422,422,527,527,539,241,257,272,282,282,297,330,330,346,71,90,90,101,101,201,201,220,220,220,95,95,95,113,113,136,151,151,180,180,194,194,194],"floor_reached":51,"playtime":5212,"items_purged":["Injury","Parasite","Writhe"],"score":915,"play_id":"0f20f7f9-471e-4544-9a19-caaf08ff1bf5","local_time":"20180720000010","is_ascension_mode":true,"campfire_choices":[{"data":"Sunder","floor":7,"key":"SMITH"},{"floor":13,"key":"REST"},{"data":"Consume","floor":15,"key":"SMITH"},{"data":"Buffer","floor":23,"key":"SMITH"},{"floor":30,"key":"REST"},{"floor":32,"key":"REST"},{"data":"Defragment","floor":40,"key":"SMITH"},{"floor":45,"key":"REST"},{"floor":49,"key":"REST"}],"neow_cost":"CURSE","seed_source_timestamp":132424507344682,"circlet_count":0,"master_deck":["Defend_B","Defend_B","Defend_B+1","Zap","Dualcast","Cold Snap","Barrage","Go for the Eyes","Auto Shields","Sunder+1","Consume+1","Hologram+1","Buffer+1","Tempest+1","All For One","Conserve Battery","Leap+1","Cold Snap","Double Energy","Ball Lightning","Defragment","Chaos+1","Skim","Defragment+1","Creative AI","Electrodynamics","Blizzard+1","Multi-Cast+1","Recycle+1","Leap+1","Sweeping Beam+1","Coolheaded+1","Leap+1"],"relics":["Cracked Core","Bag of Marbles","Lantern","Ancient Tea Set","Snecko Eye","War Paint","Singing Bowl","Runic Capacitor","Astrolabe","Centennial Puzzle","Toxic Egg 2"],"potions_floor_usage":[6,8,8,16,33,33,50,50],"damage_taken":[{"damage":1,"enemies":"Cultist","floor":1,"turns":3},{"damage":5,"enemies":"Small Slimes","floor":2,"turns":3},{"damage":2,"enemies":"Jaw Worm","floor":3,"turns":3},{"damage":7,"enemies":"Large Slime","floor":5,"turns":5},{"damage":19,"enemies":"Lagavulin","floor":6,"turns":7},{"damage":30,"enemies":"Gremlin Nob","floor":8,"turns":5},{"damage":0,"enemies":"2 Fungi Beasts","floor":12,"turns":2},{"damage":19,"enemies":"Slime Boss","floor":16,"turns":12},{"damage":4,"enemies":"Chosen","floor":18,"turns":3},{"damage":0,"enemies":"2 Thieves","floor":20,"turns":3},{"damage":0,"enemies":"Chosen and Byrds","floor":21,"turns":3},{"damage":0,"enemies":"Cultist and Chosen","floor":22,"turns":5},{"damage":0,"enemies":"3 Cultists","floor":24,"turns":5},{"damage":13,"enemies":"Slavers","floor":25,"turns":6},{"damage":0,"enemies":"Snecko","floor":27,"turns":4},{"damage":17,"enemies":"Slaver and Parasite","floor":29,"turns":4},{"damage":22,"enemies":"3 Cultists","floor":31,"turns":6},{"damage":22,"enemies":"Automaton","floor":33,"turns":8},{"damage":18,"enemies":"Flame Bruiser 1 Orb","floor":35,"turns":4},{"damage":0,"enemies":"3 Shapes","floor":41,"turns":3},{"damage":34,"enemies":"3 Darklings","floor":44,"turns":3},{"damage":5,"enemies":"Nemesis","floor":46,"turns":7},{"damage":5,"enemies":"Spire Growth","floor":48,"turns":4},{"damage":38,"enemies":"Awakened One","floor":50,"turns":16}],"seed_played":"3956149575667450770","potions_obtained":[{"floor":5,"key":"Swift Potion"},{"floor":6,"key":"Ancient Potion"},{"floor":8,"key":"PowerPotion"},{"floor":16,"key":"FocusPotion"},{"floor":18,"key":"Ancient Potion"},{"floor":20,"key":"Energy Potion"},{"floor":25,"key":"Weak Potion"},{"floor":27,"key":"Dexterity Potion"},{"floor":48,"key":"SkillPotion"}],"is_trial":false,"path_per_floor":["M","M","M","$","M","E","R","E","T","?","?","M","R","?","R","B",null,"M","$","M","M","M","R","M","E","T","M","$","M","R","M","R","B",null,"M","$","?","$","?","R","M","?","T","M","R","E","?","M","R","B"],"character_chosen":"DEFECT","items_purchased":["Auto Shields","Weak Potion","All For One","Conserve Battery","Runic Capacitor","Skim"],"campfire_rested":5,"item_purchase_floors":[4,4,19,19,28,28],"current_hp_per_floor":[67,62,60,60,53,34,34,4,4,22,22,22,44,44,44,25,63,59,59,59,59,59,59,59,46,46,46,46,29,50,28,49,27,61,45,45,64,64,64,64,64,64,64,30,52,47,47,42,64,26],"gold":194,"neow_bonus":"TWO_FIFTY_GOLD","is_prod":false,"is_daily":false,"chose_seed":false,"campfire_upgraded":4,"win_rate":0,"timestamp":1532041210,"path_taken":["M","M","M","$","?","E","R","E","T","?","?","M","R","?","R","BOSS","M","$","?","M","M","R","M","E","T","M","$","M","R","M","R","BOSS","M","$","?","$","?","R","M","?","T","?","R","E","?","?","R","BOSS"],"build_version":"2018-07-12","purchased_purges":3,"victory":true,"max_hp_per_floor":[75,75,75,75,75,75,75,75,75,75,75,75,75,75,75,75,75,75,72,72,72,72,72,72,72,72,72,72,72,72,72,72,72,72,74,74,74,74,74,74,74,74,74,74,74,74,74,74,74,74],"card_choices":[{"not_picked":["Hologram","Recycle"],"picked":"Cold Snap","floor":1},{"not_picked":["Scrape","Tempest"],"picked":"Barrage","floor":2},{"not_picked":["Heatsinks","Sweeping Beam"],"picked":"Go for the Eyes","floor":3},{"not_picked":["Leap","Lockon"],"picked":"Sunder","floor":5},{"not_picked":["Beam Cell","Doom and Gloom"],"picked":"Consume","floor":6},{"not_picked":["Streamline","Force Field","Biased Cognition"],"picked":"SKIP","floor":8},{"not_picked":["Melter","Rebound"],"picked":"Hologram","floor":12},{"not_picked":["All For One","Machine Learning"],"picked":"Buffer","floor":16},{"not_picked":["Rip and Tear+1","FTL"],"picked":"Tempest+1","floor":18},{"not_picked":["Auto Shields","Hologram"],"picked":"Leap+1","floor":20},{"not_picked":["Gash","Reprogram"],"picked":"Cold Snap","floor":21},{"not_picked":["Redo","Tempest"],"picked":"Double Energy","floor":22},{"not_picked":["Stack","Leap"],"picked":"Ball Lightning","floor":24},{"not_picked":["Go for the Eyes","Compile Driver"],"picked":"Defragment","floor":25},{"not_picked":["Genetic Algorithm","Sweeping Beam"],"picked":"Chaos+1","floor":27},{"not_picked":["White Noise","Turbo"],"picked":"Defragment","floor":29},{"not_picked":["Capacitor","Steam Power+1"],"picked":"Creative AI","floor":31},{"not_picked":["Reboot","Seek"],"picked":"Electrodynamics","floor":33},{"not_picked":["Barrage+1","Go for the Eyes","Undo"],"picked":"Singing Bowl","floor":35},{"not_picked":["Aggregate+1","Barrage+1"],"picked":"Leap+1","floor":41},{"not_picked":["Stack","Barrage+1"],"picked":"Sweeping Beam+1","floor":44},{"not_picked":["Barrage+1","Storm+1"],"picked":"Coolheaded","floor":46},{"not_picked":["White Noise+1","Sweeping Beam+1"],"picked":"Leap+1","floor":48}],"player_experience":369488,"relics_obtained":[{"floor":6,"key":"Bag of Marbles"},{"floor":8,"key":"Lantern"},{"floor":9,"key":"Ancient Tea Set"},{"floor":25,"key":"War Paint"},{"floor":26,"key":"Singing Bowl"},{"floor":43,"key":"Centennial Puzzle"},{"floor":46,"key":"Toxic Egg 2"}],"event_choices":[{"event_name":"Mushrooms","player_choice":"Healed and dodged fight","floor":10,"damage_taken":0},{"event_name":"Golden Idol","player_choice":"Ignored","floor":11,"damage_taken":0},{"event_name":"Golden Shrine","player_choice":"Pray","floor":14,"damage_taken":0},{"event_name":"Winding Halls","player_choice":"Writhe","floor":37,"damage_taken":0},{"event_name":"Falling","player_choice":"Removed Skill","floor":39,"damage_taken":0},{"event_name":"Tomb of Lord Red Mask","player_choice":"Ignored","floor":42,"damage_taken":0},{"event_name":"Purifier","player_choice":"One Purge","floor":47,"damage_taken":0}],"boss_relics":[{"not_picked":["Coffee Dripper","White Beast Statue"],"picked":"Snecko Eye"},{"not_picked":["Calling Bell","Tiny House"],"picked":"Astrolabe"}],"items_purged_floors":[4,19,38],"is_endless":false,"potions_floor_spawned":[5,6,8,16,18,20,25,27,29,31,48],"ascension_level":7}