{"gold_per_floor":[112,112,131,30,42,72,72,106,161,161,188,188,208,225,225,323,323,341,266,247,261,261],"floor_reached":22,"playtime":3020,"items_purged":["Strike_B"],"score":330,"play_id":"6f93b475-bdc1-4ada-b472-30fba603b3d9","local_time":"20180728215906","is_ascension_mode":true,"campfire_choices":[{"data":"Zap","floor":7,"key":"SMITH"},{"floor":10,"key":"REST"},{"data":"Sunder","floor":12,"key":"SMITH"},{"data":"Blizzard","floor":15,"key":"SMITH"}],"neow_cost":"NONE","seed_source_timestamp":904949855791262,"circlet_count":0,"master_deck":["Strike_B","Defend_B","Defend_B","Defend_B","Defend_B","Zap+1","Dualcast","AscendersBane","Cold Snap","Reinforced Body","Cold Snap","Go for the Eyes","Conserve Battery","Blizzard+1","Sunder+1","Cold Snap","Steam","Buffer","Ball Lightning","Steam"],"relics":["Cracked Core","Strawberry","Regal Pillow","Tiny Chest","Question Card","Empty Cage"],"potions_floor_usage":[6,16,20,22],"damage_taken":[{"damage":0,"enemies":"Small Slimes","floor":1,"turns":3},{"damage":5,"enemies":"Jaw Worm","floor":3,"turns":3},{"damage":4,"enemies":"2 Louse","floor":5,"turns":2},{"damage":23,"enemies":"Gremlin Nob","floor":6,"turns":5},{"damage":17,"enemies":"Lagavulin","floor":8,"turns":9},{"damage":7,"enemies":"3 Sentries","floor":11,"turns":7},{"damage":8,"enemies":"Blue Slaver","floor":13,"turns":3},{"damage":6,"enemies":"3 Louse","floor":14,"turns":2},{"damage":31,"enemies":"The Guardian","floor":16,"turns":15},{"damage":7,"enemies":"Shell Parasite","floor":18,"turns":11},{"damage":18,"enemies":"2 Thieves","floor":20,"turns":4},{"damage":32,"enemies":"Sentry and Sphere","floor":21,"turns":9},{"damage":18,"enemies":"3 Cultists","floor":22,"turns":4}],"seed_played":"-717956982764183426","potions_obtained":[{"floor":1,"key":"FearPotion"},{"floor":6,"key":"Dexterity Potion"},{"floor":16,"key":"Swift Potion"},{"floor":18,"key":"Poison Potion"},{"floor":20,"key":"SpeedPotion"},{"floor":21,"key":"SkillPotion"}],"is_trial":false,"path_per_floor":["M","?","M","$","M","E","R","E","T","R","E","R","M","M","R","B",null,"M","$","M","M"],"character_chosen":"DEFECT","items_purchased":["Cold Snap","Go for the Eyes"],"campfire_rested":1,"item_purchase_floors":[4,4],"current_hp_per_floor":[68,73,68,68,64,48,48,31,31,72,65,65,57,51,51,20,70,63,63,45,13,0],"gold":261,"neow_bonus":"THREE_SMALL_POTIONS","is_prod":false,"is_daily":false,"chose_seed":false,"campfire_upgraded":3,"win_rate":0,"timestamp":1532811546,"path_taken":["M","?","M","$","M","E","R","E","T","R","E","R","M","M","R","BOSS","M","$","M","M","M"],"build_version":"2018-07-26","purchased_purges":1,"victory":false,"max_hp_per_floor":[75,80,80,80,80,87,87,87,87,87,87,87,87,87,87,87,87,87,87,87,87,87],"card_choices":[{"not_picked":["Storm","Streamline"],"picked":"Cold Snap","floor":1},{"not_picked":["Aggregate","Steam"],"picked":"Reinforced Body","floor":3},{"not_picked":["Chill","Self Repair"],"picked":"Conserve Battery","floor":5},{"not_picked":["Storm","Ball Lightning"],"picked":"Blizzard","floor":6},{"not_picked":["Static Discharge","Streamline"],"picked":"Sunder","floor":8},{"not_picked":["Skim","Hello World","Scrape"],"picked":"SKIP","floor":11},{"not_picked":["Stack","Chaos","Go for the Eyes"],"picked":"Cold Snap","floor":13},{"not_picked":["Conserve Battery","Sweeping Beam","Hologram"],"picked":"Steam","floor":14},{"not_picked":["Amplify","Hyperbeam","Creative AI"],"picked":"Buffer","floor":16},{"not_picked":["Redo","Rip and Tear","Hello World","Compile Driver"],"picked":"SKIP","floor":18},{"not_picked":["Beam Cell","Redo","Gash"],"picked":"Ball Lightning","floor":20},{"not_picked":["Ball Lightning","Redo+1","Streamline"],"picked":"Steam","floor":21}],"player_experience":504600,"relics_obtained":[{"floor":6,"key":"Strawberry"},{"floor":8,"key":"Regal Pillow"},{"floor":9,"key":"Tiny Chest"},{"floor":11,"key":"Question Card"}],"event_choices":[{"event_name":"Big Fish","player_choice":"Donut","floor":2,"damage_taken":0}],"is_beta":false,"boss_relics":[{"not_picked":["Lizard Tail","Runic Dome"],"picked":"Empty Cage"}],"items_purged_floors":[19],"is_endless":false,"potions_floor_spawned":[1,5,6,16,18,20,21],"killed_by":"3 Cultists","ascension_level":12}