{"gold_per_floor":[118,118,136,136,153,153,171,171,171,171,201,219,247,264,264,368,368,384,384,191,208,84,84,113,0,71,71,88,88,119,135,135,236,236,248,259,259,259,15,15,31,31,54,80,80,80,94,94,94,94],"floor_reached":51,"playtime":4441,"items_purged":["Strike_B+1"],"score":1072,"play_id":"4a1aa61f-aa96-4b91-871a-772b505f202e","local_time":"20180721211724","is_ascension_mode":true,"campfire_choices":[{"data":"Ball Lightning","floor":6.0,"key":"SMITH"},{"data":"Defragment","floor":8.0,"key":"SMITH"},{"floor":10.0,"key":"REST"},{"floor":15.0,"key":"REST"},{"data":"Defragment","floor":23.0,"key":"SMITH"},{"floor":29.0,"key":"REST"},{"data":"Loop","floor":32.0,"key":"SMITH"},{"data":"Amplify","floor":40.0,"key":"SMITH"},{"data":"Coolheaded","floor":42.0,"key":"SMITH"},{"floor":45,"key":"REST"},{"floor":49,"key":"REST"}],"neow_cost":"NONE","seed_source_timestamp":0,"circlet_count":0,"master_deck":["Defend_B","Defend_B","Defend_B","Zap","Dualcast","Doom and Gloom","Ball Lightning+1","Defragment+1","Machine Learning","BootSequence","Coolheaded+1","Hologram","Amplify+1","Ball Lightning+1","Genetic Algorithm+1","Sunder+1","Steam+1","Loop+1","Leap","Streamline+1","Redo","Defragment+1","Go for the Eyes","Aggregate","Leap+1","Hologram+1","Echo Form","Fusion+1","Stack+1","Redo+1"],"special_seed":0,"relics":["Nuclear Battery","FaceOfCleric","Cables","Orichalcum","Ancient Tea Set","Astrolabe","Vajra","Gremlin Horn","Toxic Egg 2","Busted Crown","Peace Pipe","Lee\u0027s Waffle","Lantern","Emotion Chip","Singing Bowl"],"potions_floor_usage":[50],"damage_taken":[{"damage":10.0,"enemies":"Cultist","floor":1.0,"turns":5.0},{"damage":2.0,"enemies":"Jaw Worm","floor":3.0,"turns":3.0},{"damage":1.0,"enemies":"2 Louse","floor":5.0,"turns":2.0},{"damage":17.0,"enemies":"Lots of Slimes","floor":7.0,"turns":3.0},{"damage":9.0,"enemies":"3 Sentries","floor":11.0,"turns":4.0},{"damage":20.0,"enemies":"Exordium Thugs","floor":12.0,"turns":4.0},{"damage":16.0,"enemies":"Gremlin Nob","floor":13.0,"turns":4.0},{"damage":0.0,"enemies":"Red Slaver","floor":14.0,"turns":2.0},{"damage":0.0,"enemies":"Slime Boss","floor":16.0,"turns":4.0},{"damage":0.0,"enemies":"Spheric Guardian","floor":18.0,"turns":3.0},{"damage":11.0,"enemies":"3 Byrds","floor":21.0,"turns":4.0},{"damage":26.0,"enemies":"Slavers","floor":24.0,"turns":6.0},{"damage":10.0,"enemies":"Sentry and Sphere","floor":28.0,"turns":4.0},{"damage":6.0,"enemies":"Gremlin Leader","floor":30.0,"turns":6.0},{"damage":7.0,"enemies":"Snecko","floor":31.0,"turns":4.0},{"damage":17.0,"enemies":"Champ","floor":33.0,"turns":8.0},{"damage":15.0,"enemies":"3 Shapes","floor":35.0,"turns":4.0},{"damage":29.0,"enemies":"3 Darklings","floor":36.0,"turns":5.0},{"damage":0.0,"floor":37.0,"turns":5.0},{"damage":15.0,"enemies":"Sphere and 2 Shapes","floor":41.0,"turns":4.0},{"damage":63,"enemies":"Nemesis","floor":44,"turns":7},{"damage":0,"enemies":"Flame Bruiser 2 Orb","floor":47,"turns":5},{"damage":69,"enemies":"Time Eater","floor":50,"turns":9}],"seed_played":"-6732931719980860585","potions_obtained":[{"floor":1.0,"key":"SteroidPotion"},{"floor":5.0,"key":"Poison Potion"},{"floor":12.0,"key":"LiquidBronze"},{"floor":13.0,"key":"SkillPotion"},{"floor":16.0,"key":"AttackPotion"},{"floor":18.0,"key":"Weak Potion"},{"floor":21.0,"key":"Weak Potion"},{"floor":28.0,"key":"Weak Potion"},{"floor":33.0,"key":"Fire Potion"},{"floor":36.0,"key":"Energy Potion"},{"floor":44,"key":"Strength Potion"}],"is_trial":false,"path_per_floor":["M","?","M","?","M","R","M","R","T","R","E","M","E","M","R","B",null,"M","?","$","M","$","R","E","?","T","?","M","R","E","M","R","B",null,"M","M","?","?","$","R","M","R","T","E","R","$","M","?","R","B"],"character_chosen":"DEFECT","items_purchased":["Loop","Leap","Redo","Defragment","Lee\u0027s Waffle","Redo+1"],"campfire_rested":5,"item_purchase_floors":[20,20,22,22,39,39],"current_hp_per_floor":[58,43,41,41,41,41,25,25,25,48,40,21,6,7,31,32,70,71,71,71,61,61,61,36,36,36,36,27,52,47,41,41,25,73,59,31,32,32,99,99,85,85,85,23,53,53,54,54,84,16],"gold":94,"neow_bonus":"BOSS_RELIC","is_prod":false,"is_daily":false,"chose_seed":false,"campfire_upgraded":6,"win_rate":0,"timestamp":1532204244,"path_taken":["M","?","M","?","M","R","M","R","T","R","E","M","E","M","R","BOSS","M","?","$","M","$","R","E","?","T","?","?","R","E","M","R","BOSS","M","M","?","?","$","R","M","R","T","E","R","?","M","?","R","BOSS"],"build_version":"2018-07-19v2","purchased_purges":1,"victory":true,"max_hp_per_floor":[75,75,75,75,76,76,77,77,77,77,78,79,80,81,81,82,82,83,83,83,84,84,84,85,85,85,85,86,86,87,88,88,89,89,90,91,92,92,99,99,100,100,100,101,101,101,102,102,102,103],"card_choices":[{"not_picked":["Turbo","Barrage"],"picked":"Doom and Gloom","floor":1.0},{"not_picked":["Streamline","Hologram"],"picked":"Ball Lightning","floor":3.0},{"not_picked":["Chill","Compile Driver"],"picked":"Defragment","floor":5.0},{"not_picked":["Turbo","Sweeping Beam"],"picked":"Machine Learning","floor":7.0},{"not_picked":["Rip and Tear","Recycle"],"picked":"BootSequence","floor":11.0},{"not_picked":["Turbo","Stack"],"picked":"Coolheaded","floor":12.0},{"not_picked":["Go for the Eyes","Gash"],"picked":"Hologram","floor":13.0},{"not_picked":["Chaos","Beam Cell","Hyperbeam"],"picked":"SKIP","floor":14.0},{"not_picked":["Thunder Strike","Electrodynamics"],"picked":"Amplify","floor":16.0},{"not_picked":["Gash","Compile Driver"],"picked":"Steam+1","floor":18.0},{"not_picked":["Beam Cell","Recycle"],"picked":"Streamline+1","floor":21.0},{"not_picked":["Stack","FTL"],"picked":"Go for the Eyes","floor":24.0},{"not_picked":["Hello World","Lockon","Leap"],"picked":"SKIP","floor":28.0},{"not_picked":["Compile Driver","Melter"],"picked":"Leap+1","floor":30.0},{"not_picked":["Beam Cell","Reprogram+1"],"picked":"Hologram+1","floor":31.0},{"not_picked":["All For One","Biased Cognition"],"picked":"Echo Form","floor":33.0},{"not_picked":[],"picked":"Fusion+1","floor":35.0},{"not_picked":[],"picked":"Stack+1","floor":36.0},{"not_picked":["Doom and Gloom"],"picked":"SKIP","floor":41.0},{"not_picked":["Recycle+1"],"picked":"SKIP","floor":44},{"not_picked":["Redo+1"],"picked":"SKIP","floor":47}],"player_experience":395023,"relics_obtained":[{"floor":9.0,"key":"Cables"},{"floor":11.0,"key":"Orichalcum"},{"floor":13.0,"key":"Ancient Tea Set"},{"floor":24.0,"key":"Vajra"},{"floor":26.0,"key":"Gremlin Horn"},{"floor":30.0,"key":"Toxic Egg 2"},{"floor":37.0,"key":"Peace Pipe"},{"floor":43.0,"key":"Lantern"},{"floor":44,"key":"Emotion Chip"}],"event_choices":[{"event_name":"Shining Light","player_choice":"Entered Light","floor":2.0,"damage_taken":0.0},{"event_name":"FaceTrader","player_choice":"Trade","floor":4.0,"damage_taken":0.0},{"event_name":"Vampires","player_choice":"Ignored","floor":19.0,"damage_taken":0.0},{"event_name":"Masked Bandits","player_choice":"Paid Bandits 113 gold","floor":25.0,"damage_taken":0.0},{"event_name":"Transmorgrifier","player_choice":"Transform","floor":27.0,"damage_taken":0.0},{"event_name":"MindBloom","player_choice":"Fight","floor":37.0,"damage_taken":0.0},{"event_name":"The Woman in Blue","player_choice":"Bought 0 Potions","floor":38.0,"damage_taken":0.0},{"event_name":"Wheel of Change","player_choice":"Relic","floor":48,"damage_taken":0}],"is_beta":false,"boss_relics":[{"not_picked":["White Beast Statue","Lizard Tail"],"picked":"Astrolabe"},{"not_picked":["Coffee Dripper","Tiny House"],"picked":"Busted Crown"}],"items_purged_floors":[20],"is_endless":false,"potions_floor_spawned":[1,5,12,13,16,18,21,28,33,36,44],"ascension_level":8}