{"gold_per_floor":[110,125,125,138,88,116,116,65,116,133,146,159,159,186,186,291,291,306,324,324,100,114,126,26,26,26,36,93,93,93,128,128,128],"floor_reached":33,"playtime":3763,"items_purged":["Scrape+1","Dualcast"],"score":460,"play_id":"bc62c8af-93bc-4a4a-a6ca-b9f3af5b8124","local_time":"20180725224254","is_ascension_mode":true,"campfire_choices":[{"data":"Hologram","floor":7,"key":"SMITH"},{"data":"Coolheaded","floor":13,"key":"SMITH"},{"data":"Ball Lightning","floor":15,"key":"SMITH"},{"data":"Thunder Strike","floor":25,"key":"SMITH"},{"floor":29,"key":"REST"},{"data":"Conserve Battery","floor":32,"key":"SMITH"}],"neow_cost":"NONE","seed_source_timestamp":647646842258225,"circlet_count":0,"master_deck":["Defend_B","Defend_B","Defend_B","Defend_B","Zap+1","AscendersBane","Hologram+1","Cold Snap","Compile Driver","Leap","Cold Snap","Coolheaded+1","Conserve Battery","Conserve Battery+1","Ball Lightning+1","Thunder Strike+1","Reprogram+1","Steam Power+1","Ball Lightning","Turbo","Go for the Eyes","Stack"],"relics":["Cracked Core","Potion Belt","Blood Vial","Bag of Preparation","Astrolabe","DataDisk","Darkstone Periapt","Tiny Chest","Pen Nib"],"potions_floor_usage":[14,14,28,28,33,33],"damage_taken":[{"damage":0,"enemies":"2 Louse","floor":1,"turns":1},{"damage":2,"enemies":"Jaw Worm","floor":2,"turns":3},{"damage":0,"enemies":"Small Slimes","floor":4,"turns":2},{"damage":12,"enemies":"3 Sentries","floor":6,"turns":9},{"damage":6,"enemies":"Blue Slaver","floor":10,"turns":3},{"damage":0,"enemies":"Looter","floor":11,"turns":4},{"damage":2,"enemies":"Exordium Wildlife","floor":12,"turns":3},{"damage":16,"enemies":"Gremlin Nob","floor":14,"turns":4},{"damage":26,"enemies":"Hexaghost","floor":16,"turns":11},{"damage":7,"enemies":"Spheric Guardian","floor":18,"turns":4},{"damage":13,"enemies":"Chosen","floor":19,"turns":4},{"damage":16,"enemies":"Snake Plant","floor":22,"turns":4},{"damage":14,"enemies":"Centurion and Healer","floor":23,"turns":5},{"damage":4,"enemies":"Snecko","floor":27,"turns":5},{"damage":14,"enemies":"Gremlin Leader","floor":28,"turns":8},{"damage":14,"enemies":"Book of Stabbing","floor":31,"turns":5},{"damage":63,"enemies":"Automaton","floor":33,"turns":10}],"seed_played":"2320238181062560809","potions_obtained":[{"floor":2,"key":"EssenceOfSteel"},{"floor":6,"key":"Explosive Potion"},{"floor":10,"key":"Strength Potion"},{"floor":16,"key":"FocusPotion"},{"floor":18,"key":"Dexterity Potion"},{"floor":22,"key":"Ancient Potion"}],"is_trial":false,"path_per_floor":["M","M","?","M","?","E","R","$","T","M","M","M","R","E","R","B",null,"M","M","?","$","M","M","$","R","T","M","E","R","?","E","R"],"character_chosen":"DEFECT","items_purchased":["Cold Snap","DataDisk"],"campfire_rested":1,"item_purchase_floors":[8,21],"current_hp_per_floor":[68,66,66,66,66,54,54,54,54,50,52,52,52,38,38,14,60,55,44,69,69,55,43,43,43,43,41,29,51,75,61,61,0],"gold":128,"neow_bonus":"THREE_CARDS","is_prod":false,"is_daily":false,"chose_seed":false,"campfire_upgraded":5,"win_rate":0,"timestamp":1532554974,"path_taken":["M","M","?","M","?","E","R","$","T","M","M","M","R","E","R","BOSS","M","M","?","$","?","M","$","R","T","M","E","R","?","E","R","BOSS"],"build_version":"2018-07-19v2","purchased_purges":2,"victory":false,"max_hp_per_floor":[75,75,75,75,75,75,75,75,75,75,75,75,75,75,75,75,75,75,75,75,75,75,75,75,75,75,75,75,75,75,75,75,75],"card_choices":[{"not_picked":["Blizzard","Steam Power"],"picked":"Hologram","floor":0},{"not_picked":["Beam Cell","Rebound"],"picked":"Cold Snap","floor":1},{"not_picked":["Rebound","Barrage"],"picked":"Steam Power","floor":2},{"not_picked":["Auto Shields","Beam Cell"],"picked":"Compile Driver","floor":4},{"not_picked":["Double Energy","Gash"],"picked":"Leap","floor":6},{"not_picked":["Melter","Thunder Strike"],"picked":"Coolheaded","floor":10},{"not_picked":["FTL","Scrape"],"picked":"Conserve Battery","floor":11},{"not_picked":["Hologram","Redo"],"picked":"Conserve Battery","floor":12},{"not_picked":["Scrape","Aggregate"],"picked":"Ball Lightning","floor":14},{"not_picked":["Amplify","Meteor Strike"],"picked":"Thunder Strike","floor":16},{"not_picked":["Conserve Battery","Leap","Scrape+1"],"picked":"SKIP","floor":18},{"not_picked":["Reprogram","Cold Snap"],"picked":"Ball Lightning","floor":19},{"not_picked":["Hologram","Scrape+1","Barrage+1"],"picked":"SKIP","floor":22},{"not_picked":["Heatsinks","Compile Driver"],"picked":"Turbo","floor":23},{"not_picked":["Rebound","Hologram"],"picked":"Go for the Eyes","floor":27},{"not_picked":["Melter","Core Surge","Barrage"],"picked":"SKIP","floor":28},{"not_picked":["Chill","Rip and Tear"],"picked":"Stack","floor":31}],"player_experience":468074,"relics_obtained":[{"floor":6,"key":"Potion Belt"},{"floor":9,"key":"Blood Vial"},{"floor":14,"key":"Bag of Preparation"},{"floor":26,"key":"Darkstone Periapt"},{"floor":28,"key":"Tiny Chest"},{"floor":31,"key":"Pen Nib"}],"event_choices":[{"event_name":"Living Wall","player_choice":"Grow","floor":3,"damage_taken":0},{"event_name":"The Cleric","player_choice":"Card Removal","floor":5,"damage_taken":0},{"event_name":"The Library","player_choice":"Heal","floor":20,"damage_taken":0},{"event_name":"Bonfire Elementals","player_choice":"UNCOMMON","floor":30,"damage_taken":0}],"is_beta":false,"boss_relics":[{"not_picked":["Sozu","Orrery"],"picked":"Astrolabe"}],"items_purged_floors":[21,24],"is_endless":false,"potions_floor_spawned":[2,6,10,16,18,22],"killed_by":"Automaton","ascension_level":11}