{"gold_per_floor":[116,116,131,141,153,153,164,199,199,199,228,228,240,251,251,353,353,364,463,513,526,441,441,466,391,462,478,478,377,393,422,422,527,527,547,847,947,966,986,986,1019,1032,1032,1032,1032,137,137,40,40,40],"floor_reached":51,"playtime":8852,"items_purged":["Dualcast","Defragment","Defend_B"],"score":1319,"play_id":"9f96099e-b41a-4142-816b-debfce81c0c5","local_time":"20180722134105","is_ascension_mode":true,"campfire_choices":[{"data":"Streamline","floor":6.0,"key":"SMITH"},{"floor":10.0,"key":"REST"},{"floor":12.0,"key":"REST"},{"floor":15,"key":"REST"},{"floor":23,"key":"REST"},{"floor":28,"key":"REST"},{"floor":32,"key":"REST"},{"floor":40,"key":"REST"},{"floor":44,"key":"REST"},{"floor":49,"key":"REST"}],"neow_cost":"NONE","seed_source_timestamp":0,"circlet_count":0,"master_deck":["Defend_B","Defend_B","Defend_B","Zap","Streamline+1","Hologram","Hologram","Genetic Algorithm","Coolheaded","Gash","Hologram","Reboot","Conserve Battery","Machine Learning","Echo Form+1","Hyperbeam+1","Glacier+1","BootSequence+1","Beam Cell+1","Cold Snap+1","Fusion","Gash","Conserve Battery","Go for the Eyes","All For One","Gash+1","Steam+1","Gash+1","Go for the Eyes+1","Beam Cell+1","All For One","Stack+1","Thinking Ahead+1","Conserve Battery+1"],"special_seed":0,"relics":["Cracked Core","Question Card","Bottled Lightning","Oddly Smooth Stone","Astrolabe","Smiling Mask","Bag of Preparation","Gremlin Horn","Matryoshka","Nuclear Battery","Old Coin","Toxic Egg 2","Anchor","Juzu Bracelet","Strawberry","Frozen Eye"],"potions_floor_usage":[16,16,24,31,41,41,42,50,50],"damage_taken":[{"damage":0.0,"enemies":"2 Louse","floor":1.0,"turns":2.0},{"damage":0.0,"enemies":"Cultist","floor":3.0,"turns":3.0},{"damage":9.0,"enemies":"Small Slimes","floor":4.0,"turns":3.0},{"damage":7.0,"enemies":"Looter","floor":5.0,"turns":4.0},{"damage":28.0,"enemies":"Gremlin Gang","floor":7.0,"turns":4.0},{"damage":20.0,"enemies":"3 Sentries","floor":8.0,"turns":7.0},{"damage":13.0,"enemies":"Lagavulin","floor":11.0,"turns":6.0},{"damage":4,"enemies":"2 Fungi Beasts","floor":13,"turns":2},{"damage":20,"enemies":"Exordium Thugs","floor":14,"turns":4},{"damage":35,"enemies":"The Guardian","floor":16,"turns":12},{"damage":17,"enemies":"Shell Parasite","floor":18,"turns":7},{"damage":10,"enemies":"2 Thieves","floor":21,"turns":4},{"damage":20,"enemies":"Slavers","floor":24,"turns":2},{"damage":10,"enemies":"Centurion and Healer","floor":27,"turns":5},{"damage":5,"enemies":"3 Cultists","floor":30,"turns":4},{"damage":23,"enemies":"Book of Stabbing","floor":31,"turns":5},{"damage":20,"enemies":"Automaton","floor":33,"turns":10},{"damage":0,"enemies":"3 Shapes","floor":35,"turns":4},{"damage":3,"floor":36,"turns":9},{"damage":0,"enemies":"Flame Bruiser 1 Orb","floor":38,"turns":3},{"damage":12,"enemies":"Maw","floor":39,"turns":6},{"damage":56,"enemies":"2 Orb Walkers","floor":41,"turns":5},{"damage":1,"enemies":"Transient","floor":42,"turns":5},{"damage":11,"enemies":"Awakened One","floor":50,"turns":10}],"seed_played":"-7669895930477303554","potions_obtained":[{"floor":3.0,"key":"Ancient Potion"},{"floor":5.0,"key":"AttackPotion"},{"floor":8.0,"key":"Energy Potion"},{"floor":11.0,"key":"PowerPotion"},{"floor":14,"key":"Energy Potion"},{"floor":16,"key":"PowerPotion"},{"floor":21,"key":"SpeedPotion"},{"floor":27,"key":"Explosive Potion"},{"floor":30,"key":"FearPotion"},{"floor":39,"key":"Block Potion"},{"floor":41,"key":"FearPotion"}],"is_trial":false,"path_per_floor":["M","?","M","M","M","R","M","E","T","R","E","R","M","M","R","B",null,"M","?","?","M","?","R","E","?","T","M","R","$","M","E","R","B",null,"M","?","?","M","M","R","E","M","T","R","?","$","?","$","R","B"],"character_chosen":"DEFECT","items_purchased":["Gash","All For One","Stack+1","Block Potion","Thinking Ahead+1","Strawberry","Frozen Eye","Energy Potion","Conserve Battery+1"],"campfire_rested":9,"item_purchase_floors":[29,46,46,46,46,46,46,46,48],"current_hp_per_floor":[68,73,73,64,57,57,29,9,9,33,20,44,40,20,44,9,62,45,45,45,35,35,59,39,39,39,29,53,53,48,25,49,29,67,67,64,64,64,52,76,20,19,19,43,43,50,50,50,76,65],"gold":40,"neow_bonus":"THREE_CARDS","is_prod":false,"is_daily":false,"chose_seed":false,"campfire_upgraded":1,"win_rate":0,"timestamp":1532263265,"path_taken":["M","?","M","M","M","R","M","E","T","R","E","R","M","M","R","BOSS","M","?","?","?","?","R","E","?","T","M","R","$","M","E","R","BOSS","M","?","?","M","M","R","E","M","T","R","?","$","?","?","R","BOSS"],"build_version":"2018-07-19v2","purchased_purges":3,"victory":true,"max_hp_per_floor":[75,80,80,80,80,80,80,80,80,80,80,80,80,80,80,80,80,80,80,80,80,80,80,80,80,80,80,80,80,80,80,80,80,80,80,80,80,80,80,80,80,80,80,80,80,87,87,87,87,87],"card_choices":[{"not_picked":["Reprogram","Fusion"],"picked":"Streamline","floor":0.0},{"not_picked":["Streamline","Coolheaded"],"picked":"Hologram","floor":1.0},{"not_picked":["Steam Power","Barrage"],"picked":"Hologram","floor":3.0},{"not_picked":["Streamline","Steam"],"picked":"Genetic Algorithm","floor":4.0},{"not_picked":["Steam","Sweeping Beam"],"picked":"Coolheaded","floor":5.0},{"not_picked":["Redo","White Noise"],"picked":"Gash","floor":7.0},{"not_picked":["Electrodynamics","Turbo"],"picked":"Hologram","floor":8.0},{"not_picked":["Hologram","Leap","Redo"],"picked":"Reboot","floor":11.0},{"not_picked":["Sweeping Beam","Gash","Static Discharge"],"picked":"Defragment","floor":13},{"not_picked":["Turbo","Go for the Eyes","Tempest"],"picked":"Conserve Battery","floor":14},{"not_picked":["Meteor Strike","Electrodynamics","Core Surge"],"picked":"Machine Learning","floor":16},{"not_picked":["Sweeping Beam+1","Cold Snap+1","Gash"],"picked":"BootSequence+1","floor":18},{"not_picked":["Hologram","Steam+1","Turbo"],"picked":"Beam Cell+1","floor":21},{"not_picked":["Rebound+1","Turbo+1","Sweeping Beam"],"picked":"Cold Snap+1","floor":24},{"not_picked":["Scrape","Hyperbeam","Loop"],"picked":"Fusion","floor":27},{"not_picked":["BootSequence","Steam+1","Redo+1"],"picked":"Conserve Battery","floor":30},{"not_picked":["Doom and Gloom","Scrape","Stack"],"picked":"Go for the Eyes","floor":31},{"not_picked":["Core Surge","Reboot","Electrodynamics"],"picked":"All For One","floor":33},{"not_picked":["Steam","Static Discharge+1","Tempest","Recycle+1"],"picked":"SKIP","floor":35},{"not_picked":["Coolheaded","Capacitor+1","Redo"],"picked":"Gash+1","floor":36},{"not_picked":["Tempest","Sweeping Beam+1","Electrodynamics"],"picked":"Steam+1","floor":38},{"not_picked":["Turbo","Rebound+1","Streamline"],"picked":"Gash+1","floor":39},{"not_picked":["Self Repair","Hyperbeam","Streamline+1"],"picked":"Go for the Eyes+1","floor":41},{"not_picked":["BootSequence+1","Redo+1","Streamline+1"],"picked":"Beam Cell+1","floor":42}],"player_experience":410733,"relics_obtained":[{"floor":8.0,"key":"Question Card"},{"floor":9.0,"key":"Bottled Lightning"},{"floor":11.0,"key":"Oddly Smooth Stone"},{"floor":24,"key":"Bag of Preparation"},{"floor":26,"key":"Gremlin Horn"},{"floor":31,"key":"Matryoshka"},{"floor":36,"key":"Old Coin"},{"floor":41,"key":"Toxic Egg 2"},{"floor":43,"key":"Anchor"},{"floor":43,"key":"Juzu Bracelet"}],"event_choices":[{"event_name":"Big Fish","player_choice":"Donut","floor":2.0,"damage_taken":0.0},{"event_name":"Nest","player_choice":"Stole From Cult","floor":19,"damage_taken":0},{"event_name":"The Joust","player_choice":"Bet on Murderer","floor":20,"damage_taken":0},{"event_name":"Addict","player_choice":"Obtained Relic","floor":22,"damage_taken":0},{"event_name":"Beggar","player_choice":"Gave Gold","floor":25,"damage_taken":0},{"event_name":"MindBloom","player_choice":"Fight","floor":36,"damage_taken":0},{"event_name":"Golden Shrine","player_choice":"Pray","floor":37,"damage_taken":0},{"event_name":"Tomb of Lord Red Mask","player_choice":"Ignored","floor":45,"damage_taken":0},{"event_name":"Mysterious Sphere","player_choice":"Ignore","floor":47,"damage_taken":0}],"is_beta":false,"boss_relics":[{"not_picked":["Black Star","Calling Bell"],"picked":"Astrolabe"},{"not_picked":["Eternal Feather","Orrery"],"picked":"Nuclear Battery"}],"items_purged_floors":[29,46,48],"is_endless":false,"potions_floor_spawned":[3,5,8,11,14,16,21,27,30,39,41],"ascension_level":9}