{"gold_per_floor":[114,124,124,135,152,152,177,177,177,177,352,385,397,429,441,557,569,570,582,594],"floor_reached":20,"playtime":1622,"items_purged":[],"score":288,"play_id":"15f265ec-cbea-444e-97ca-2ef6a7a4c31c","local_time":"20180722235124","is_ascension_mode":true,"campfire_choices":[{"data":"Go for the Eyes","floor":6,"key":"SMITH"},{"floor":10,"key":"REST"},{"floor":15,"key":"REST"}],"neow_cost":"NONE","seed_source_timestamp":394698711517907,"circlet_count":0,"master_deck":["Strike_B+1","Strike_B+1","Strike_B+1","Defend_B+1","Defend_B+1","Defend_B+1","Defend_B+1","Zap+1","Dualcast","AscendersBane","Go for the Eyes+1","BootSequence","Ball Lightning","Auto Shields","Doubt","Cold Snap","Buffer","Conserve Battery","Fission","Consume"],"relics":["Cracked Core","Ginger","Blue Candle","Mummified Hand","MawBank","Inserter"],"potions_floor_usage":[14,16,16],"damage_taken":[{"damage":1,"enemies":"Cultist","floor":1,"turns":3},{"damage":2,"enemies":"Jaw Worm","floor":2,"turns":2},{"damage":0,"enemies":"Small Slimes","floor":4,"turns":2},{"damage":3,"enemies":"3 Louse","floor":5,"turns":3},{"damage":30,"enemies":"Gremlin Nob","floor":7,"turns":5},{"damage":24,"enemies":"3 Sentries","floor":12,"turns":8},{"damage":1,"enemies":"Blue Slaver","floor":13,"turns":3},{"damage":8,"enemies":"Gremlin Nob","floor":14,"turns":4},{"damage":16,"enemies":"The Guardian","floor":16,"turns":11},{"damage":12,"enemies":"2 Thieves","floor":18,"turns":4},{"damage":53,"enemies":"3 Byrds","floor":20,"turns":4}],"seed_played":"-2175155596565720401","potions_obtained":[{"floor":1,"key":"Ancient Potion"},{"floor":2,"key":"LiquidBronze"},{"floor":7,"key":"Strength Potion"},{"floor":14,"key":"Fire Potion"},{"floor":18,"key":"Strength Potion"}],"is_trial":false,"path_per_floor":["M","M","?","M","M","R","E","$","T","R","?","E","M","E","R","B",null,"M","?"],"character_chosen":"DEFECT","items_purchased":[],"campfire_rested":2,"item_purchase_floors":[],"current_hp_per_floor":[67,65,58,58,55,55,25,25,25,47,47,23,22,14,36,20,61,49,49,0],"gold":594,"neow_bonus":"UPGRADE_CARD","is_prod":false,"is_daily":false,"chose_seed":false,"campfire_upgraded":1,"win_rate":0,"timestamp":1532299884,"path_taken":["M","M","?","M","M","R","E","$","T","R","?","E","M","E","R","BOSS","M","?","M"],"build_version":"2018-07-19v2","purchased_purges":0,"victory":false,"max_hp_per_floor":[75,75,75,75,75,75,75,75,75,75,75,75,75,75,75,75,75,75,75,75],"card_choices":[{"not_picked":["Blizzard","Steam"],"picked":"Go for the Eyes","floor":1},{"not_picked":["Double Energy","Beam Cell"],"picked":"BootSequence","floor":2},{"not_picked":["Skim","Stack"],"picked":"Ball Lightning","floor":4},{"not_picked":["Chill","Compile Driver"],"picked":"Auto Shields","floor":5},{"not_picked":["Rebound","Rip and Tear","Chaos"],"picked":"SKIP","floor":7},{"not_picked":["Barrage","Double Energy"],"picked":"Cold Snap","floor":12},{"not_picked":["Defragment","Reprogram"],"picked":"Buffer","floor":13},{"not_picked":["Coolheaded","Fusion"],"picked":"Conserve Battery","floor":14},{"not_picked":["Core Surge","Meteor Strike"],"picked":"Fission","floor":16},{"not_picked":["Lockon","Hologram"],"picked":"Consume","floor":18}],"player_experience":439798,"relics_obtained":[{"floor":7,"key":"Ginger"},{"floor":9,"key":"Blue Candle"},{"floor":12,"key":"Mummified Hand"},{"floor":14,"key":"MawBank"}],"event_choices":[{"event_name":"Golden Wing","player_choice":"Card Removal","floor":3,"damage_taken":0},{"event_name":"Liars Game","player_choice":"agreed","floor":11,"damage_taken":0},{"event_name":"Back to Basics","player_choice":"Simplicity","floor":19,"damage_taken":0}],"is_beta":false,"boss_relics":[{"not_picked":["Orrery","Runic Dome"],"picked":"Inserter"}],"items_purged_floors":[],"is_endless":false,"potions_floor_spawned":[1,2,7,14,18],"killed_by":"3 Byrds","ascension_level":10}