{"gold_per_floor":[209,229,329,344,11,11,11,49,127,127,146,179,195,231,231,359,359,359,359,2,2,2,2,2,2,2,2,2,2,2,2,2,2,2,2,2,2,2,2,2,2,2,2,2,2,2,2,2,2,2],"floor_reached":51,"playtime":6423,"items_purged":["Strike_B","Strike_B"],"score":1138,"play_id":"8c10668e-9781-4e32-bb18-906c179f4189","local_time":"20180723230006","is_ascension_mode":true,"campfire_choices":[{"data":"Zap","floor":6,"key":"SMITH"},{"floor":10,"key":"REST"},{"data":"Sunder","floor":15,"key":"SMITH"},{"floor":23,"key":"REST"},{"floor":27,"key":"REST"},{"floor":32,"key":"REST"},{"floor":40,"key":"REST"},{"floor":47,"key":"REST"},{"floor":49,"key":"REST"}],"neow_cost":"NONE","seed_source_timestamp":473206456554128,"circlet_count":0,"master_deck":["Strike_B","Strike_B","Defend_B","Defend_B","Defend_B","Defend_B","Zap+1","Dualcast","AscendersBane","Hologram","Leap","Sunder+1","Leap","Glacier","Coolheaded","Melter","Cold Snap","Creative AI","Genetic Algorithm","Force Field","Creative AI","Leap","RitualDagger","Leap+1","Coolheaded+1","Ball Lightning","Amplify","Force Field","Turbo","Stack","Go for the Eyes+1","Ball Lightning+1"],"relics":["Cracked Core","Golden Idol","DataDisk","Gremlin Horn","Pear","Ornamental Fan","Ectoplasm","DollysMirror","Cables","Potion Belt","Happy Flower","Nuclear Battery","Gambling Chip","Vajra","Ginger"],"potions_floor_usage":[8,14,16,24,30,33,33,37,38,38,41,42,48,50,50],"damage_taken":[{"damage":12,"enemies":"Small Slimes","floor":1,"turns":3},{"damage":11,"enemies":"Cultist","floor":2,"turns":5},{"damage":9,"enemies":"Jaw Worm","floor":4,"turns":4},{"damage":14,"enemies":"3 Sentries","floor":8,"turns":7},{"damage":0,"enemies":"Blue Slaver","floor":11,"turns":4},{"damage":10,"enemies":"Lagavulin","floor":12,"turns":8},{"damage":7,"enemies":"3 Louse","floor":13,"turns":2},{"damage":0,"enemies":"Gremlin Nob","floor":14,"turns":4},{"damage":12,"enemies":"Slime Boss","floor":16,"turns":12},{"damage":11,"enemies":"Shell Parasite","floor":18,"turns":6},{"damage":9,"enemies":"Chosen","floor":19,"turns":5},{"damage":14,"enemies":"Centurion and Healer","floor":22,"turns":10},{"damage":15,"enemies":"Slavers","floor":24,"turns":7},{"damage":13,"enemies":"Snake Plant","floor":25,"turns":5},{"damage":0,"enemies":"Snecko","floor":28,"turns":8},{"damage":11,"enemies":"Book of Stabbing","floor":30,"turns":4},{"damage":48,"enemies":"Automaton","floor":33,"turns":11},{"damage":0,"enemies":"3 Shapes","floor":35,"turns":7},{"damage":11,"enemies":"Flame Bruiser 1 Orb","floor":36,"turns":6},{"damage":8,"enemies":"4 Shapes","floor":37,"turns":5},{"damage":29,"enemies":"3 Darklings","floor":38,"turns":11},{"damage":44,"enemies":"2 Orb Walkers","floor":41,"turns":7},{"damage":8,"enemies":"Transient","floor":42,"turns":5},{"damage":0,"enemies":"Flame Bruiser 2 Orb","floor":44,"turns":7},{"damage":0,"enemies":"Nemesis","floor":48,"turns":4},{"damage":37,"enemies":"Time Eater","floor":50,"turns":16}],"seed_played":"-1306529992990817121","potions_obtained":[{"floor":2,"key":"SpeedPotion"},{"floor":8,"key":"Dexterity Potion"},{"floor":13,"key":"EssenceOfSteel"},{"floor":14,"key":"SkillPotion"},{"floor":18,"key":"Strength Potion"},{"floor":25,"key":"Regen Potion"},{"floor":28,"key":"AttackPotion"},{"floor":33,"key":"Regen Potion"},{"floor":35,"key":"Fire Potion"},{"floor":37,"key":"FocusPotion"},{"floor":41,"key":"Regen Potion"},{"floor":45,"key":"SmokeBomb"},{"floor":45,"key":"SpeedPotion"},{"floor":45,"key":"SneckoOil"}],"is_trial":false,"path_per_floor":["M","M","?","M","$","R","?","E","T","R","M","E","M","E","R","B",null,"M","M","$","?","M","R","E","M","T","R","M","?","E","$","R","B",null,"M","M","M","M","?","R","E","M","T","M","?","?","R","E","R","B"],"character_chosen":"DEFECT","items_purchased":["Sunder","Leap","Regen Potion","FocusPotion","DollysMirror","Leap"],"campfire_rested":7,"item_purchase_floors":[5,5,5,5,20,20],"current_hp_per_floor":[56,45,45,36,36,36,36,37,37,57,57,57,50,50,50,38,69,58,49,49,43,29,52,37,24,24,47,47,47,48,48,71,23,65,65,54,46,32,32,55,11,18,18,18,18,18,41,41,64,27],"gold":2,"neow_bonus":"HUNDRED_GOLD","is_prod":false,"is_daily":false,"chose_seed":false,"campfire_upgraded":2,"win_rate":0,"timestamp":1532383206,"path_taken":["M","M","?","M","$","R","?","E","T","R","M","E","M","E","R","BOSS","M","M","$","?","M","R","E","M","T","R","M","?","E","$","R","BOSS","M","M","M","M","?","R","E","M","T","M","?","?","R","E","R","BOSS"],"build_version":"2018-07-19v2","purchased_purges":2,"victory":true,"max_hp_per_floor":[75,75,75,75,75,75,69,69,69,69,69,79,79,79,79,79,79,79,79,79,79,79,79,79,79,79,79,79,79,79,79,79,79,79,79,79,79,79,79,79,79,79,79,79,79,79,79,79,79,79],"card_choices":[{"not_picked":["Redo","Sweeping Beam"],"picked":"Hologram","floor":1},{"not_picked":["Melter","Blizzard"],"picked":"Leap","floor":2},{"not_picked":["Stack","Turbo"],"picked":"Compile Driver","floor":4},{"not_picked":["Heatsinks","Darkness"],"picked":"Glacier","floor":8},{"not_picked":["Aggregate","Skim","Steam Power"],"picked":"SKIP","floor":11},{"not_picked":["Static Discharge","Rebound"],"picked":"Coolheaded","floor":12},{"not_picked":["Compile Driver","Tempest"],"picked":"Melter","floor":13},{"not_picked":["Genetic Algorithm","Auto Shields"],"picked":"Cold Snap","floor":14},{"not_picked":["Meteor Strike","All For One"],"picked":"Creative AI","floor":16},{"not_picked":["Barrage","Aggregate"],"picked":"Genetic Algorithm","floor":18},{"not_picked":["Hologram","Auto Shields"],"picked":"Force Field","floor":19},{"not_picked":["Sweeping Beam+1","Stack"],"picked":"Leap+1","floor":22},{"not_picked":["Steam Power+1","Hologram"],"picked":"Coolheaded+1","floor":24},{"not_picked":["Tempest","Sunder","Redo"],"picked":"SKIP","floor":25},{"not_picked":["Streamline","Reinforced Body","Undo"],"picked":"SKIP","floor":28},{"not_picked":["Turbo","Hello World"],"picked":"Ball Lightning","floor":30},{"not_picked":["All For One","Hyperbeam"],"picked":"Amplify","floor":33},{"not_picked":["Skim+1","Recycle+1","Doom and Gloom"],"picked":"SKIP","floor":35},{"not_picked":["Ball Lightning+1","Recycle+1"],"picked":"Force Field","floor":36},{"not_picked":["Sunder","Ball Lightning+1"],"picked":"Turbo","floor":37},{"not_picked":["Heatsinks","Steam"],"picked":"Stack","floor":38},{"not_picked":["Echo Form","Defragment+1"],"picked":"Go for the Eyes+1","floor":41},{"not_picked":["Sweeping Beam+1","Streamline+1"],"picked":"Ball Lightning+1","floor":42},{"not_picked":["Heatsinks+1","Steam Power+1","Gash"],"picked":"SKIP","floor":44}],"player_experience":444055,"relics_obtained":[{"floor":8,"key":"DataDisk"},{"floor":9,"key":"Gremlin Horn"},{"floor":12,"key":"Pear"},{"floor":14,"key":"Ornamental Fan"},{"floor":24,"key":"Cables"},{"floor":26,"key":"Potion Belt"},{"floor":30,"key":"Happy Flower"},{"floor":41,"key":"Gambling Chip"},{"floor":43,"key":"Vajra"}],"event_choices":[{"event_name":"Wheel of Change","player_choice":"Gold","floor":3,"damage_taken":0},{"event_name":"Golden Idol","player_choice":"Lose Max HP","floor":7,"damage_taken":0},{"event_name":"Nest","player_choice":"Joined the Cult","floor":21,"damage_taken":0},{"event_name":"Drug Dealer","player_choice":"Ignored","floor":29,"damage_taken":0},{"event_name":"Falling","player_choice":"Removed Attack","floor":39,"damage_taken":0},{"event_name":"The Lab","player_choice":"Got Potions","floor":45,"damage_taken":0},{"event_name":"Wheel of Change","player_choice":"Relic","floor":46,"damage_taken":0}],"is_beta":false,"boss_relics":[{"not_picked":["Runic Dome","Runic Pyramid"],"picked":"Ectoplasm"},{"not_picked":["Lizard Tail","Eternal Feather"],"picked":"Nuclear Battery"}],"items_purged_floors":[5,20],"is_endless":false,"potions_floor_spawned":[2,8,13,14,18,25,28,33,35,37,41],"ascension_level":10}