{"gold_per_floor":[219,236,4,4,4,34,34,34,34,63,80,80,80,96,96,193,193,203,203,221,46,61,61,78,78,78,108,108,17,17,51,51,149,149,167,132,148,159,159,159,170,170,170,170,183,202,60,60,60,60],"floor_reached":51,"playtime":5521,"items_purged":["Strike_B","Strike_B"],"score":1149,"play_id":"1c200c08-db98-4a07-8bc5-3910d62b7945","local_time":"20180728235047","is_ascension_mode":true,"campfire_choices":[{"data":"Defragment","floor":8.0,"key":"SMITH"},{"data":"Go for the Eyes","floor":13.0,"key":"SMITH"},{"floor":15.0,"key":"REST"},{"data":"Zap","floor":23.0,"key":"SMITH"},{"data":"Defragment","floor":25.0,"key":"SMITH"},{"data":"Capacitor","floor":32.0,"key":"SMITH"},{"data":"Defragment","floor":40,"key":"SMITH"},{"floor":42,"key":"REST"},{"data":"Conserve Battery","floor":44,"key":"SMITH"},{"floor":49,"key":"REST"}],"neow_cost":"NONE","seed_source_timestamp":0,"circlet_count":0,"master_deck":["Defend_B","Defend_B","Defend_B","Zap+1","Dualcast","AscendersBane","Cold Snap","Go for the Eyes+1","Defragment+1","Leap","Compile Driver","Conserve Battery+1","Cold Snap+1","All For One+1","Beam Cell+1","Steam","Defragment+1","FTL+1","Capacitor+1","Stack","Defragment+1","All For One+1","Hologram+1","Capacitor","Coolheaded+1","Cold Snap+1","Streamline+1","Purity"],"special_seed":0,"relics":["Cracked Core","Happy Flower","Thread and Needle","Cables","Singing Bowl","Molten Egg 2","Cursed Key","Nunchaku","Bag of Preparation","Inserter","Ginger"],"potions_floor_usage":[50,50],"damage_taken":[{"damage":2.0,"enemies":"2 Louse","floor":1.0,"turns":2.0},{"damage":0.0,"enemies":"Jaw Worm","floor":2.0,"turns":3.0},{"damage":26.0,"enemies":"Gremlin Nob","floor":6.0,"turns":4.0},{"damage":1.0,"enemies":"3 Sentries","floor":10.0,"turns":6.0},{"damage":0.0,"enemies":"Cultist","floor":11.0,"turns":2.0},{"damage":0.0,"enemies":"3 Louse","floor":14.0,"turns":3.0},{"damage":7.0,"enemies":"Hexaghost","floor":16.0,"turns":9.0},{"damage":0.0,"enemies":"Chosen","floor":18.0,"turns":5.0},{"damage":8.0,"enemies":"2 Thieves","floor":20.0,"turns":4.0},{"damage":0.0,"enemies":"Snecko","floor":22.0,"turns":4.0},{"damage":0.0,"enemies":"Centurion and Healer","floor":24.0,"turns":6.0},{"damage":0.0,"enemies":"Book of Stabbing","floor":27.0,"turns":6.0},{"damage":4.0,"enemies":"Gremlin Leader","floor":31.0,"turns":6.0},{"damage":22.0,"enemies":"Automaton","floor":33.0,"turns":11.0},{"damage":0,"enemies":"3 Shapes","floor":35,"turns":2},{"damage":0,"enemies":"Orb Walker","floor":37,"turns":3},{"damage":0,"enemies":"Spire Growth","floor":38,"turns":5},{"damage":17,"floor":39,"turns":5},{"damage":18,"enemies":"3 Darklings","floor":41,"turns":5},{"damage":4,"enemies":"Maw","floor":45,"turns":7},{"damage":0,"enemies":"Flame Bruiser 2 Orb","floor":46,"turns":4},{"damage":0,"enemies":"Awakened One","floor":50,"turns":9}],"seed_played":"2360408350843399842","potions_obtained":[{"floor":1.0,"key":"Ancient Potion"},{"floor":6.0,"key":"SteroidPotion"},{"floor":10.0,"key":"SneckoOil"},{"floor":14.0,"key":"PowerPotion"},{"floor":27.0,"key":"PowerPotion"},{"floor":41,"key":"PowerPotion"},{"floor":46,"key":"FocusPotion"}],"is_trial":false,"path_per_floor":["M","M","$","?","?","E","T","R","T","E","M","?","R","M","R","B",null,"M","?","M","$","M","R","M","R","T","E","?","$","?","E","R","B",null,"M","$","M","M","?","R","M","R","T","R","M","M","$","?","R","B"],"character_chosen":"DEFECT","items_purchased":["Defragment","FocusPotion","EssenceOfSteel","Capacitor","Stack","Capacitor","Streamline+1","Purity"],"campfire_rested":3,"item_purchase_floors":[3,3,21,29,29,36,47,47],"current_hp_per_floor":[66,66,66,59,59,33,33,33,33,32,32,32,32,32,54,47,68,70,70,62,62,62,62,62,62,62,64,64,64,64,60,60,38,69,69,69,71,73,56,56,38,62,62,62,60,62,62,62,87,87],"gold":60,"neow_bonus":"HUNDRED_GOLD","is_prod":false,"is_daily":false,"chose_seed":false,"campfire_upgraded":7,"win_rate":0,"timestamp":1532818247,"path_taken":["M","M","$","?","?","E","?","R","T","E","M","?","R","?","R","BOSS","M","?","M","$","M","R","?","R","T","E","?","$","?","E","R","BOSS","M","$","M","M","?","R","M","R","T","R","M","?","$","?","R","BOSS"],"build_version":"2018-07-26","purchased_purges":2,"victory":true,"max_hp_per_floor":[75,75,75,75,75,75,75,75,75,75,75,75,75,75,75,75,75,77,77,77,77,77,77,77,77,77,79,79,79,79,79,79,79,79,79,79,81,83,83,83,83,83,83,83,85,87,87,87,87,87],"card_choices":[{"not_picked":["Loop","Chaos"],"picked":"Cold Snap","floor":1.0},{"not_picked":["Sweeping Beam","Lockon"],"picked":"Go for the Eyes","floor":2.0},{"not_picked":["Conserve Battery","Storm"],"picked":"Leap","floor":6.0},{"not_picked":["Stack","Beam Cell"],"picked":"Compile Driver","floor":10.0},{"not_picked":["Steam","Redo"],"picked":"Conserve Battery","floor":11.0},{"not_picked":["Sweeping Beam+1","Conserve Battery"],"picked":"Cold Snap+1","floor":14.0},{"not_picked":["Hyperbeam+1","Meteor Strike+1"],"picked":"All For One+1","floor":16.0},{"not_picked":["Go for the Eyes+1","Turbo","Barrage+1"],"picked":"Singing Bowl","floor":18.0},{"not_picked":["Force Field+1","Cold Snap+1"],"picked":"Beam Cell+1","floor":20.0},{"not_picked":["Cold Snap+1","Ball Lightning+1"],"picked":"Steam","floor":22.0},{"not_picked":["Genetic Algorithm","Turbo"],"picked":"Defragment","floor":24.0},{"not_picked":["Cold Snap+1","Hello World","Coolheaded"],"picked":"Singing Bowl","floor":27.0},{"not_picked":["Turbo","Skim"],"picked":"Defragment","floor":31.0},{"not_picked":["Echo Form","Rainbow"],"picked":"All For One+1","floor":33.0},{"not_picked":["Coolheaded","Turbo"],"picked":"Hologram+1","floor":35},{"not_picked":["Rebound+1","Aggregate","Tempest"],"picked":"Singing Bowl","floor":37},{"not_picked":["Hologram","Leap","Auto Shields"],"picked":"Singing Bowl","floor":38},{"not_picked":["BootSequence","Cold Snap+1"],"picked":"Coolheaded+1","floor":39},{"not_picked":["Self Repair","Fusion+1"],"picked":"Cold Snap+1","floor":41},{"not_picked":["Steam","Heatsinks+1","Turbo"],"picked":"Singing Bowl","floor":45},{"not_picked":["Go for the Eyes+1","Double Energy","Sunder+1"],"picked":"Singing Bowl","floor":46}],"player_experience":507620,"relics_obtained":[{"floor":6.0,"key":"Happy Flower"},{"floor":7.0,"key":"Thread and Needle"},{"floor":9.0,"key":"Cables"},{"floor":10.0,"key":"Singing Bowl"},{"floor":27.0,"key":"Nunchaku"},{"floor":31.0,"key":"Bag of Preparation"},{"floor":39,"key":"Ginger"}],"event_choices":[{"event_name":"Golden Wing","player_choice":"Card Removal","floor":4.0,"damage_taken":0.0},{"event_name":"The Cleric","player_choice":"Leave","floor":5.0,"damage_taken":0.0},{"event_name":"Wheel of Change","player_choice":"Relic","floor":12.0,"damage_taken":0.0},{"event_name":"Ghosts","player_choice":"Ignored","floor":19.0,"damage_taken":0.0},{"event_name":"The Library","player_choice":"Read","floor":28.0,"damage_taken":0.0},{"event_name":"Bonfire Elementals","player_choice":"BASIC","floor":30.0,"damage_taken":0.0},{"event_name":"MindBloom","player_choice":"Fight","floor":39,"damage_taken":0},{"event_name":"Falling","player_choice":"Removed Skill","floor":48,"damage_taken":0}],"is_beta":false,"boss_relics":[{"not_picked":["Nuclear Battery","Eternal Feather"],"picked":"Cursed Key"},{"not_picked":["Busted Crown","Runic Pyramid"],"picked":"Inserter"}],"items_purged_floors":[3,21],"is_endless":false,"potions_floor_spawned":[1,6,10,14,24,27,41,46],"ascension_level":12}