{"gold_per_floor":[114,131,145,145,33,33,33,63,63,63,63,63,98,111,111,214,214,214,44,44,44,0,0,0,0,0,0,0,0,0,0,0,0,0,0,0,0,0,0,0,0,0,0,0,0,0,0,0,0,0],"floor_reached":51,"playtime":6246,"items_purged":["Strike_B"],"score":1287,"play_id":"1809fda2-a001-4caa-8cdc-cd6b8b147e2a","local_time":"20180726204318","is_ascension_mode":true,"campfire_choices":[{"data":"Zap","floor":6.0,"key":"SMITH"},{"floor":10.0,"key":"REST"},{"data":"Defragment","floor":12.0,"key":"SMITH"},{"data":"Capacitor","floor":15.0,"key":"SMITH"},{"data":"Consume","floor":23.0,"key":"SMITH"},{"data":"Loop","floor":25.0,"key":"SMITH"},{"floor":27,"key":"REST"},{"floor":32,"key":"REST"},{"data":"Capacitor","floor":41,"key":"SMITH"},{"data":"Coolheaded","floor":47,"key":"SMITH"},{"data":"Seek","floor":49,"key":"SMITH"}],"neow_cost":"","seed_source_timestamp":0,"circlet_count":0,"master_deck":["Defend_B","Defend_B","Defend_B","Defend_B","Zap+1","Dualcast","AscendersBane","Sweeping Beam+1","Glacier","Capacitor+1","Glacier","Defragment+1","Darkness","Loop+1","Seek+1","Consume+1","Redo","Capacitor+1","Defragment+1","Chill+1","Compile Driver+1","Coolheaded","Machine Learning","Reboot+1","Reinforced Body+1","Conserve Battery+1","White Noise+1","Go for the Eyes+1","Coolheaded+1"],"special_seed":0,"relics":["Cracked Core","Ancient Tea Set","Mummified Hand","Regal Pillow","Pen Nib","Bottled Lightning","Ectoplasm","Strawberry","Oddly Smooth Stone","Whetstone","Astrolabe","Ornamental Fan","Vajra","Happy Flower"],"potions_floor_usage":[46,50],"damage_taken":[{"damage":0.0,"enemies":"Cultist","floor":1.0,"turns":4.0},{"damage":4.0,"enemies":"2 Louse","floor":2.0,"turns":3.0},{"damage":7.0,"enemies":"Jaw Worm","floor":3.0,"turns":3.0},{"damage":49.0,"enemies":"Gremlin Nob","floor":8.0,"turns":7.0},{"damage":1.0,"enemies":"3 Sentries","floor":13.0,"turns":7.0},{"damage":3.0,"enemies":"Exordium Wildlife","floor":14.0,"turns":6.0},{"damage":12.0,"enemies":"The Guardian","floor":16.0,"turns":9.0},{"damage":2.0,"enemies":"Shell Parasite","floor":18.0,"turns":7.0},{"damage":19.0,"enemies":"2 Thieves","floor":22.0,"turns":5.0},{"damage":0.0,"enemies":"Book of Stabbing","floor":24.0,"turns":7.0},{"damage":27,"enemies":"Slavers","floor":29,"turns":6},{"damage":0,"enemies":"Centurion and Healer","floor":30,"turns":7},{"damage":7,"enemies":"Snake Plant","floor":31,"turns":7},{"damage":3,"enemies":"Collector","floor":33,"turns":10},{"damage":0,"enemies":"3 Darklings","floor":35,"turns":7},{"damage":0,"enemies":"Flame Bruiser 1 Orb","floor":38,"turns":7},{"damage":8,"enemies":"Sphere and 2 Shapes","floor":39,"turns":8},{"damage":0,"enemies":"Maw","floor":40,"turns":7},{"damage":1,"enemies":"Nemesis","floor":42,"turns":7},{"damage":0,"enemies":"Giant Head","floor":44,"turns":8},{"damage":0,"enemies":"Spire Growth","floor":45,"turns":6},{"damage":0,"enemies":"Transient","floor":46,"turns":5},{"damage":0,"enemies":"Sphere and 2 Shapes","floor":48,"turns":8},{"damage":0,"enemies":"Awakened One","floor":50,"turns":11}],"seed_played":"-5537413337242540094","potions_obtained":[{"floor":8.0,"key":"Energy Potion"},{"floor":14.0,"key":"Weak Potion"},{"floor":18.0,"key":"Dexterity Potion"},{"floor":29,"key":"Ancient Potion"},{"floor":33,"key":"FocusPotion"}],"is_trial":false,"path_per_floor":["M","M","M","T","$","R","?","E","T","R","?","R","E","M","R","B",null,"M","$","?","?","M","R","E","R","T","R","$","E","M","M","R","B",null,"M","?","$","M","M","M","R","E","T","E","M","M","R","M","R","B"],"character_chosen":"DEFECT","items_purchased":["Capacitor","Glacier","Redo","Capacitor"],"campfire_rested":3,"item_purchase_floors":[5,5,19,19],"current_hp_per_floor":[68,64,57,57,57,57,50,1,1,38,35,35,34,31,31,19,61,59,59,59,59,40,40,47,47,47,82,82,55,55,48,82,79,81,81,81,81,81,73,73,73,72,72,79,79,79,79,79,79,79],"gold":0,"neow_bonus":"","is_prod":false,"is_daily":false,"chose_seed":false,"campfire_upgraded":8,"win_rate":0,"timestamp":1532634198,"path_taken":["M","M","M","?","$","R","?","E","T","R","?","R","E","?","R","BOSS","M","?","?","?","M","R","E","R","T","R","?","E","?","?","R","BOSS","M","?","?","?","?","M","R","E","T","E","M","M","R","M","R","BOSS"],"build_version":"2018-07-19v2","purchased_purges":1,"victory":true,"max_hp_per_floor":[75,75,75,75,75,75,75,75,75,75,75,75,75,75,75,75,75,75,75,75,75,75,75,82,82,82,82,82,82,82,82,82,82,82,82,82,82,82,82,82,82,82,82,82,82,82,82,82,82,82],"card_choices":[{"not_picked":["Beam Cell","Conserve Battery"],"picked":"Sweeping Beam","floor":1.0},{"not_picked":["Redo","Double Energy"],"picked":"Tempest","floor":2.0},{"not_picked":["Defragment","Chill"],"picked":"Glacier","floor":3.0},{"not_picked":["Hello World","Aggregate"],"picked":"Defragment","floor":8.0},{"not_picked":["Skim","Sweeping Beam"],"picked":"Darkness","floor":13.0},{"not_picked":["Turbo","Gash"],"picked":"Loop","floor":14.0},{"not_picked":["Meteor Strike","Reboot"],"picked":"Seek","floor":16.0},{"not_picked":["Auto Shields+1","Beam Cell"],"picked":"Consume","floor":18.0},{"not_picked":["Fusion+1","Coolheaded","Gash+1"],"picked":"SKIP","floor":22.0},{"not_picked":["Consume","Ball Lightning","Rebound+1"],"picked":"SKIP","floor":24.0},{"not_picked":["Go for the Eyes","Steam Power"],"picked":"Chill","floor":29},{"not_picked":["Redo","Coolheaded+1"],"picked":"Compile Driver+1","floor":30},{"not_picked":["Steam Power","Reboot"],"picked":"Coolheaded","floor":31},{"not_picked":["Thunder Strike","Buffer"],"picked":"Machine Learning","floor":33},{"not_picked":["Fusion+1","Reinforced Body+1","Coolheaded"],"picked":"SKIP","floor":35},{"not_picked":["Cold Snap","Sweeping Beam","Heatsinks"],"picked":"SKIP","floor":38},{"not_picked":["Coolheaded","Rebound+1"],"picked":"White Noise+1","floor":39},{"not_picked":["Chill","Fusion"],"picked":"Go for the Eyes+1","floor":40},{"not_picked":["Storm","Go for the Eyes","Beam Cell+1"],"picked":"SKIP","floor":42},{"not_picked":["Creative AI","Undo","Conserve Battery"],"picked":"SKIP","floor":44},{"not_picked":["Hologram","Static Discharge+1","Beam Cell"],"picked":"SKIP","floor":45},{"not_picked":["BootSequence+1","Steam"],"picked":"Coolheaded","floor":46},{"not_picked":["Chill","Streamline","Double Energy+1"],"picked":"SKIP","floor":48}],"player_experience":474270,"relics_obtained":[{"floor":4.0,"key":"Ancient Tea Set"},{"floor":8.0,"key":"Mummified Hand"},{"floor":9.0,"key":"Regal Pillow"},{"floor":13.0,"key":"Bottled Lightning"},{"floor":24.0,"key":"Strawberry"},{"floor":26,"key":"Oddly Smooth Stone"},{"floor":29,"key":"Whetstone"},{"floor":42,"key":"Ornamental Fan"},{"floor":43,"key":"Vajra"},{"floor":44,"key":"Happy Flower"}],"event_choices":[{"event_name":"Golden Wing","player_choice":"Card Removal","floor":7.0,"damage_taken":0.0},{"event_name":"Scrap Ooze","player_choice":"success","floor":11.0,"damage_taken":3.0},{"event_name":"Duplicator","player_choice":"One dupe","floor":20.0,"damage_taken":0.0},{"event_name":"Vampires","player_choice":"Ignored","floor":21.0,"damage_taken":0.0},{"event_name":"Upgrade Shrine","player_choice":"Upgraded","floor":36,"damage_taken":0}],"is_beta":false,"boss_relics":[{"not_picked":["Black Star","Runic Dome"],"picked":"Ectoplasm"},{"not_picked":["Velvet Choker","Pandora\u0027s Box"],"picked":"Astrolabe"}],"items_purged_floors":[19],"is_endless":false,"potions_floor_spawned":[8,14,18,22,29,33,39,42,44,45],"ascension_level":11}