{"gold_per_floor":[117,131,142,64,76,76,94,123,123,88,88,88,88,115,115,212,212,225,236,253,178,178],"floor_reached":22,"playtime":2266,"items_purged":["Strike_B"],"score":274,"play_id":"96992ac4-f785-4cec-822b-d7ccfa0e51d5","local_time":"20180720232649","is_ascension_mode":true,"campfire_choices":[{"data":"Go for the Eyes","floor":6,"key":"SMITH"},{"data":"Zap","floor":11,"key":"SMITH"},{"data":"Streamline","floor":13,"key":"SMITH"},{"floor":15,"key":"REST"}],"neow_cost":"NONE","seed_source_timestamp":219776067320764,"circlet_count":0,"master_deck":["Strike_B","Strike_B","Strike_B","Defend_B","Defend_B","Defend_B","Defend_B","Zap+1","Dualcast","Go for the Eyes+1","Coolheaded","Genetic Algorithm","Blizzard","Streamline+1","Compile Driver","Sunder","Steam","Turbo"],"relics":["Cracked Core","Art of War","Ice Cream","Shuriken","Turnip","Cursed Key"],"potions_floor_usage":[14,19,22,22,22],"damage_taken":[{"damage":10,"enemies":"2 Louse","floor":1,"turns":2},{"damage":9,"enemies":"Small Slimes","floor":2,"turns":3},{"damage":0,"enemies":"Cultist","floor":3,"turns":3},{"damage":8,"enemies":"Blue Slaver","floor":5,"turns":5},{"damage":4,"enemies":"Looter","floor":7,"turns":3},{"damage":19,"enemies":"3 Sentries","floor":8,"turns":8},{"damage":18,"enemies":"Gremlin Nob","floor":14,"turns":3},{"damage":26,"enemies":"The Guardian","floor":16,"turns":10},{"damage":5,"enemies":"Shell Parasite","floor":18,"turns":5},{"damage":27,"enemies":"2 Thieves","floor":19,"turns":4},{"damage":10,"enemies":"Chosen and Byrds","floor":20,"turns":6},{"damage":29,"enemies":"Cultist and Chosen","floor":22,"turns":5}],"seed_played":"4762531175942259219","potions_obtained":[{"floor":2,"key":"SteroidPotion"},{"floor":7,"key":"Energy Potion"},{"floor":16,"key":"PowerPotion"},{"floor":19,"key":"SkillPotion"},{"floor":20,"key":"FearPotion"}],"is_trial":false,"path_per_floor":["M","M","M","$","M","R","M","E","T","?","R","?","R","E","R","B",null,"M","M","M","$"],"character_chosen":"DEFECT","items_purchased":["Blizzard"],"campfire_rested":1,"item_purchase_floors":[4],"current_hp_per_floor":[65,56,56,56,48,48,44,25,25,45,45,38,38,20,44,18,66,61,34,24,24,0],"gold":178,"neow_bonus":"TEN_PERCENT_HP_BONUS","is_prod":false,"is_daily":false,"chose_seed":false,"campfire_upgraded":3,"win_rate":0,"timestamp":1532125609,"path_taken":["M","M","M","$","M","R","M","E","T","?","R","?","R","E","R","BOSS","M","M","M","$","M"],"build_version":"2018-07-19v2","purchased_purges":1,"victory":false,"max_hp_per_floor":[82,82,82,82,82,82,82,82,82,82,82,82,82,82,82,82,82,82,82,82,82,82],"card_choices":[{"not_picked":["Tempest","Redo"],"picked":"Go for the Eyes","floor":1},{"not_picked":["Compile Driver","Beam Cell"],"picked":"Coolheaded","floor":2},{"not_picked":["Conserve Battery","Coolheaded"],"picked":"Genetic Algorithm","floor":3},{"not_picked":["Beam Cell","Gash"],"picked":"Streamline","floor":5},{"not_picked":["Go for the Eyes","Multi-Cast"],"picked":"Compile Driver","floor":7},{"not_picked":["Compile Driver","Beam Cell","Gash"],"picked":"SKIP","floor":8},{"not_picked":["Compile Driver","Hologram"],"picked":"Sunder","floor":14},{"not_picked":["Reprogram","Ball Lightning","Darkness"],"picked":"SKIP","floor":18},{"not_picked":["Streamline","Steam Power"],"picked":"Steam","floor":19},{"not_picked":["Barrage","Auto Shields"],"picked":"Turbo","floor":20}],"player_experience":392757,"relics_obtained":[{"floor":8,"key":"Art of War"},{"floor":9,"key":"Ice Cream"},{"floor":14,"key":"Turnip"}],"event_choices":[{"event_name":"The Cleric","player_choice":"Healed","floor":10,"damage_taken":0},{"event_name":"Scrap Ooze","player_choice":"success","floor":12,"damage_taken":7}],"is_beta":false,"boss_relics":[{"not_picked":["Tiny House","Snecko Eye"],"picked":"Cursed Key"}],"items_purged_floors":[21],"is_endless":false,"potions_floor_spawned":[2,7,16,19,20],"killed_by":"Cultist and Chosen","ascension_level":8}