{"gold_per_floor":[111,111,124,43,43,78,78,106,106,141,106,106,131,149,149,226,226,226,226,226,111,111,111,111,111,111,111,111,111,38,38,38,38,38,38,38,38,38,38,38,0,0,0,0,0,0,0,0,0,0],"floor_reached":51,"playtime":2514,"items_purged":["Strike_B"],"score":1157,"play_id":"50ae5b85-363c-4501-bbe3-4398473c078d","local_time":"20180803221042","is_ascension_mode":true,"campfire_choices":[{"floor":7,"key":"REST"},{"data":"Zap","floor":15,"key":"SMITH"},{"data":"Defragment","floor":24,"key":"SMITH"},{"floor":27,"key":"REST"},{"data":"Capacitor","floor":29,"key":"SMITH"},{"floor":32,"key":"REST"},{"data":"Writhe","floor":40,"key":"PURGE"},{"floor":45,"key":"REST"},{"floor":49,"key":"REST"}],"neow_cost":"NONE","seed_source_timestamp":1424560228214610,"circlet_count":0,"master_deck":["Defend_B","Defend_B","Defend_B","Defend_B","Zap+1","Dualcast","AscendersBane","Ball Lightning","Conserve Battery","Capacitor+1","Cold Snap","Reinforced Body+1","Undo+1","Core Surge","Hologram+1","Consume+1","Defragment+1","Reinforced Body+1","Stack+1","Glacier+1","Machine Learning","Compile Driver","Glacier+1","Finesse+1","White Noise+1","Echo Form"],"relics":["Cracked Core","Cables","Kunai","Lantern","Toxic Egg 2","Pen Nib","Ancient Tea Set","Ectoplasm","Nilry\u0027s Codex","Prayer Wheel","Symbiotic Virus","Vajra","Empty Cage","Peace Pipe","Red Mask","Blood Vial","MawBank"],"potions_floor_usage":[6,6,8,10,33,35,36,46,50,50],"damage_taken":[{"damage":1,"enemies":"Cultist","floor":1,"turns":3},{"damage":8,"enemies":"Small Slimes","floor":3,"turns":3},{"damage":19,"enemies":"3 Sentries","floor":6,"turns":6},{"damage":12,"enemies":"Lagavulin","floor":8,"turns":5},{"damage":18,"enemies":"Gremlin Nob","floor":10,"turns":4},{"damage":10,"enemies":"Jaw Worm","floor":14,"turns":2},{"damage":23,"enemies":"Hexaghost","floor":16,"turns":12},{"damage":5,"enemies":"Chosen","floor":18,"turns":5},{"damage":0,"enemies":"Spheric Guardian","floor":19,"turns":4},{"damage":29,"enemies":"Gremlin Leader","floor":23,"turns":8},{"damage":13,"enemies":"Slaver and Parasite","floor":28,"turns":5},{"damage":19,"enemies":"Champ","floor":33,"turns":9},{"damage":7,"enemies":"Orb Walker","floor":35,"turns":3},{"damage":19,"floor":36,"turns":7},{"damage":12,"enemies":"Flame Bruiser 1 Orb","floor":44,"turns":7},{"damage":18,"enemies":"2 Orb Walkers","floor":46,"turns":5},{"damage":17,"enemies":"Awakened One","floor":50,"turns":15}],"seed_played":"-8057084681212346230","potions_obtained":[{"floor":8,"key":"Regen Potion"},{"floor":14,"key":"FearPotion"},{"floor":19,"key":"Ancient Potion"},{"floor":28,"key":"Poison Potion"},{"floor":33,"key":"SpeedPotion"},{"floor":35,"key":"SpeedPotion"},{"floor":36,"key":"AttackPotion"},{"floor":46,"key":"AttackPotion"}],"is_trial":false,"path_per_floor":["M","$","M","$","?","E","R","E","T","E","?","?","T","M","R","B",null,"M","M","?","$","?","E","R","T","T","R","M","R","$","?","R","B",null,"M","?","?","$","?","R","?","$","T","M","R","E","$","?","R","B"],"character_chosen":"DEFECT","items_purchased":["Capacitor","Consume+1","Glacier+1"],"campfire_rested":5,"item_purchase_floors":[4,21,30],"current_hp_per_floor":[63,63,55,55,55,36,57,45,45,39,56,56,56,46,46,23,59,54,54,38,38,61,32,32,32,32,53,40,40,40,40,61,42,64,57,38,38,38,56,56,56,56,56,46,67,51,51,51,71,54],"gold":0,"neow_bonus":"THREE_SMALL_POTIONS","is_prod":false,"is_daily":false,"chose_seed":false,"campfire_upgraded":3,"win_rate":0,"timestamp":1533330642,"path_taken":["M","$","M","$","?","E","R","E","T","E","?","?","?","M","R","BOSS","M","M","?","$","?","E","R","?","T","R","M","R","$","?","R","BOSS","M","?","?","$","?","R","?","?","T","M","R","E","$","?","R","BOSS"],"build_version":"2018-08-02","purchased_purges":1,"victory":true,"max_hp_per_floor":[71,71,71,71,71,71,71,71,71,71,71,71,71,71,71,71,71,71,71,71,71,71,71,71,71,71,71,71,71,71,71,71,71,71,71,71,71,71,71,71,71,71,71,71,71,71,71,71,71,71],"card_choices":[{"not_picked":["Streamline","Hologram"],"picked":"Ball Lightning","floor":1},{"not_picked":["Force Field","Stack"],"picked":"Conserve Battery","floor":3},{"not_picked":["Conserve Battery","Compile Driver"],"picked":"Cold Snap","floor":6},{"not_picked":["Reinforced Body","Core Surge"],"picked":"Cold Snap","floor":8},{"not_picked":["Doom and Gloom","Redo+1"],"picked":"Reinforced Body+1","floor":10},{"not_picked":["Barrage","Coolheaded+1"],"picked":"Undo+1","floor":14},{"not_picked":["Hyperbeam","Creative AI"],"picked":"Core Surge","floor":16},{"not_picked":["Rip and Tear","Sweeping Beam","Melter"],"picked":"SKIP","floor":18},{"not_picked":["Sweeping Beam","Steam+1"],"picked":"Hologram+1","floor":19},{"not_picked":["Leap+1","FTL"],"picked":"Defragment","floor":23},{"not_picked":["Gash","Genetic Algorithm+1"],"picked":"Reinforced Body+1","floor":28},{"not_picked":["Coolheaded+1","Chaos+1"],"picked":"Stack+1","floor":28},{"not_picked":["All For One","Core Surge"],"picked":"Machine Learning","floor":33},{"not_picked":["Streamline+1","Self Repair"],"picked":"Compile Driver","floor":35},{"not_picked":["Compile Driver","Self Repair"],"picked":"Glacier+1","floor":35},{"not_picked":["Bandage Up+1","Dramatic Entrance"],"picked":"Finesse+1","floor":37},{"not_picked":["Fusion+1","Tempest+1"],"picked":"White Noise+1","floor":44},{"not_picked":["Redo+1","Gash"],"picked":"Echo Form","floor":44},{"not_picked":["Melter","Rebound+1","Doom and Gloom+1"],"picked":"SKIP","floor":46}],"player_experience":590399,"relics_obtained":[{"floor":6,"key":"Kunai"},{"floor":8,"key":"Lantern"},{"floor":9,"key":"Toxic Egg 2"},{"floor":10,"key":"Pen Nib"},{"floor":13,"key":"Ancient Tea Set"},{"floor":20,"key":"Nilry\u0027s Codex"},{"floor":23,"key":"Prayer Wheel"},{"floor":25,"key":"Symbiotic Virus"},{"floor":26,"key":"Vajra"},{"floor":36,"key":"Peace Pipe"},{"floor":43,"key":"Blood Vial"},{"floor":46,"key":"MawBank"}],"event_choices":[{"event_name":"WeMeetAgain","player_choice":"Potion","floor":5,"damage_taken":0},{"event_name":"The Cleric","player_choice":"Healed","floor":11,"damage_taken":0},{"event_name":"Liars Game","player_choice":"disagreed","floor":12,"damage_taken":0},{"event_name":"Cursed Tome","player_choice":"Obtained Book","floor":20,"damage_taken":0},{"event_name":"The Library","player_choice":"Heal","floor":22,"damage_taken":0},{"event_name":"Purifier","player_choice":"One Purge","floor":31,"damage_taken":0},{"event_name":"Mysterious Sphere","player_choice":"Fight","floor":36,"damage_taken":0},{"event_name":"SensoryStone","player_choice":"Memory 1","floor":37,"damage_taken":0},{"event_name":"Winding Halls","player_choice":"Writhe","floor":39,"damage_taken":0},{"event_name":"Tomb of Lord Red Mask","player_choice":"Paid","floor":41,"damage_taken":0},{"event_name":"Falling","player_choice":"Removed Attack","floor":48,"damage_taken":0}],"is_beta":false,"boss_relics":[{"not_picked":["Lizard Tail","Astrolabe"],"picked":"Ectoplasm"},{"not_picked":["Coffee Dripper","Calling Bell"],"picked":"Empty Cage"}],"items_purged_floors":[21],"is_endless":false,"potions_floor_spawned":[8,14,19,28,33,35,36,46],"ascension_level":14}