{"gold_per_floor":[119,119,135,151,151,181,181,51,51,51,84,84,34,49,49,146,146,158,158,171,184,219,219,251,251,301,336,336,109,119,146,146,244,244,255,255,275,275,75,75,103,123,123,73,73,87,118,131,131,131],"floor_reached":51,"playtime":4044,"items_purged":["Strike_B","Strike_B","Strike_B","Dualcast"],"score":846,"play_id":"c2ddf4e0-0cd8-407b-965f-dd988517df37","local_time":"20180809195624","is_ascension_mode":false,"campfire_choices":[{"data":"Biased Cognition","floor":7,"key":"SMITH"},{"data":"Defragment","floor":12,"key":"SMITH"},{"data":"Go for the Eyes","floor":15,"key":"SMITH"},{"data":"Defragment","floor":23,"key":"SMITH"},{"data":"Rainbow","floor":25,"key":"SMITH"},{"floor":28,"key":"REST"},{"floor":32,"key":"REST"},{"floor":40,"key":"REST"},{"floor":45,"key":"REST"},{"floor":49,"key":"REST"}],"neow_cost":"NONE","seed_source_timestamp":1933377524632997,"circlet_count":0,"master_deck":["Defend_B","Defend_B","Defend_B","Defend_B","Zap","Coolheaded","Cold Snap","Biased Cognition+1","Go for the Eyes+1","Ball Lightning","Consume+1","Defragment+1","Rainbow+1","Stack","Compile Driver","Steam","Defragment+1","Seek","Conserve Battery+1","Conserve Battery","Stack","Sweeping Beam+1","Seek","FTL+1","Hologram+1","FTL+1","Defragment+1","BootSequence"],"relics":["Cracked Core","Art of War","Pear","Torii","Smiling Mask","Question Card","Inserter","Red Mask","Molten Egg 2","Lantern","Bottled Flame","DataDisk","Fusion Hammer","Bag of Preparation","Omamori","Ancient Tea Set","Meat on the Bone"],"potions_floor_usage":[16,18,22,22,22,22,24,24,27,33,50,50,50],"damage_taken":[{"damage":0,"enemies":"Small Slimes","floor":1,"turns":4},{"damage":0,"enemies":"Jaw Worm","floor":3,"turns":4},{"damage":0,"enemies":"2 Louse","floor":4,"turns":2},{"damage":15,"enemies":"3 Sentries","floor":6,"turns":12},{"damage":14,"enemies":"Gremlin Nob","floor":11,"turns":3},{"damage":0,"enemies":"Large Slime","floor":14,"turns":3},{"damage":0,"enemies":"The Guardian","floor":16,"turns":9},{"damage":7,"enemies":"3 Byrds","floor":18,"turns":5},{"damage":1,"enemies":"Spheric Guardian","floor":20,"turns":4},{"damage":18,"enemies":"Centurion and Healer","floor":21,"turns":7},{"damage":7,"floor":22,"turns":5},{"damage":3,"enemies":"Gremlin Leader","floor":24,"turns":6},{"damage":23,"enemies":"Slavers","floor":27,"turns":6},{"damage":1,"enemies":"Snake Plant","floor":30,"turns":4},{"damage":0,"enemies":"Book of Stabbing","floor":31,"turns":6},{"damage":1,"enemies":"Automaton","floor":33,"turns":8},{"damage":1,"enemies":"Orb Walker","floor":35,"turns":3},{"damage":1,"enemies":"3 Shapes","floor":37,"turns":4},{"damage":0,"enemies":"Nemesis","floor":41,"turns":5},{"damage":1,"enemies":"3 Darklings","floor":42,"turns":4},{"damage":0,"enemies":"Spire Growth","floor":46,"turns":4},{"damage":40,"enemies":"2 Orb Walkers","floor":47,"turns":6},{"damage":0,"enemies":"Transient","floor":48,"turns":5},{"damage":13,"enemies":"Awakened One","floor":50,"turns":14}],"seed_played":"-5547813462589015128","potions_obtained":[{"floor":5,"key":"SneckoOil"},{"floor":5,"key":"LiquidBronze"},{"floor":5,"key":"EntropicBrew"},{"floor":11,"key":"FairyPotion"},{"floor":14,"key":"AttackPotion"},{"floor":16,"key":"Strength Potion"},{"floor":18,"key":"SteroidPotion"},{"floor":22,"key":"FairyPotion"},{"floor":24,"key":"Block Potion"},{"floor":30,"key":"EssenceOfSteel"},{"floor":33,"key":"Fire Potion"},{"floor":35,"key":"Ancient Potion"},{"floor":41,"key":"Dexterity Potion"}],"is_trial":false,"path_per_floor":["M","?","M","M","?","E","R","$","T","?","E","R","$","M","R","B",null,"M","?","M","M","?","R","E","R","T","E","R","$","M","E","R","B",null,"M","?","M","?","$","R","E","M","T","$","R","M","E","M","R","B"],"character_chosen":"DEFECT","items_purchased":["Ball Lightning","Consume","Conserve Battery","Stack","PowerPotion","Sweeping Beam+1","Bag of Preparation"],"campfire_rested":5,"item_purchase_floors":[8,8,29,29,29,29,39],"current_hp_per_floor":[75,78,78,78,78,63,63,63,63,63,49,49,49,49,49,49,85,78,78,77,59,52,52,49,49,49,26,51,51,50,50,75,74,85,84,84,83,83,83,85,85,84,84,84,85,85,45,45,70,57],"gold":131,"neow_bonus":"RANDOM_COMMON_RELIC","is_prod":false,"is_daily":false,"chose_seed":false,"campfire_upgraded":5,"win_rate":0,"timestamp":1533840984,"path_taken":["M","?","M","M","?","E","R","$","T","?","E","R","$","M","R","BOSS","M","?","M","M","?","R","E","R","T","E","R","?","M","E","R","BOSS","M","?","M","?","$","R","E","M","T","$","R","M","E","M","R","BOSS"],"build_version":"2018-08-02","purchased_purges":4,"victory":true,"max_hp_per_floor":[75,85,85,85,85,85,85,85,85,85,85,85,85,85,85,85,85,85,85,85,85,85,85,85,85,85,85,85,85,85,85,85,85,85,85,85,85,85,85,85,85,85,85,85,85,85,85,85,85,85],"card_choices":[{"not_picked":["Turbo","Redo"],"picked":"Coolheaded","floor":1},{"not_picked":["Steam Power","Loop"],"picked":"Cold Snap","floor":3},{"not_picked":["Compile Driver","Force Field"],"picked":"Biased Cognition","floor":4},{"not_picked":["Fusion","Reinforced Body"],"picked":"Go for the Eyes","floor":6},{"not_picked":["Barrage","Turbo"],"picked":"Defragment","floor":11},{"not_picked":["Rip and Tear","Stack","Melter","Chill"],"picked":"SKIP","floor":14},{"not_picked":["Creative AI","Biased Cognition","Echo Form"],"picked":"Rainbow","floor":16},{"not_picked":["Barrage+1","Rebound","Chaos"],"picked":"Stack","floor":18},{"not_picked":["Reprogram+1","Aggregate","Tempest","Chaos"],"picked":"SKIP","floor":20},{"not_picked":["Rebound","Aggregate","Double Energy"],"picked":"Steam","floor":21},{"not_picked":["Hologram","Chaos","Turbo"],"picked":"Defragment","floor":22},{"not_picked":["Lockon","Meteor Strike","White Noise"],"picked":"Seek","floor":24},{"not_picked":["Force Field+1","Consume","Scrape+1"],"picked":"Conserve Battery+1","floor":27},{"not_picked":["Rebound+1","Recycle","Stack+1"],"picked":"Cold Snap+1","floor":30},{"not_picked":["Consume","Multi-Cast","Steam","Genetic Algorithm+1"],"picked":"SKIP","floor":31},{"not_picked":["Multi-Cast","Thunder Strike+1","Reboot"],"picked":"Seek","floor":33},{"not_picked":["Chaos","Compile Driver+1","Cold Snap+1"],"picked":"FTL+1","floor":35},{"not_picked":["Coolheaded","Stack+1","Lockon+1"],"picked":"Hologram+1","floor":37},{"not_picked":["Gash+1","Blizzard+1","Rebound+1"],"picked":"FTL+1","floor":41},{"not_picked":["Sweeping Beam+1","Compile Driver+1","Gash+1"],"picked":"Defragment+1","floor":42},{"not_picked":["Auto Shields+1","Coolheaded","Aggregate+1"],"picked":"BootSequence","floor":46},{"not_picked":["Ball Lightning+1","Melter+1","Streamline+1","Recycle+1"],"picked":"SKIP","floor":47},{"not_picked":["Gash+1","Compile Driver+1","Go for the Eyes+1","Core Surge+1"],"picked":"SKIP","floor":48}],"player_experience":619609,"relics_obtained":[{"floor":6,"key":"Torii"},{"floor":9,"key":"Smiling Mask"},{"floor":11,"key":"Question Card"},{"floor":22,"key":"Red Mask"},{"floor":24,"key":"Molten Egg 2"},{"floor":26,"key":"Lantern"},{"floor":27,"key":"Bottled Flame"},{"floor":31,"key":"DataDisk"},{"floor":41,"key":"Omamori"},{"floor":43,"key":"Ancient Tea Set"},{"floor":47,"key":"Meat on the Bone"}],"event_choices":[{"event_name":"Scrap Ooze","player_choice":"success","floor":2,"damage_taken":7},{"event_name":"The Lab","player_choice":"Got Potions","floor":5,"damage_taken":0},{"event_name":"Living Wall","player_choice":"Grow","floor":10,"damage_taken":0},{"event_name":"The Library","player_choice":"Read","floor":19,"damage_taken":0},{"event_name":"Masked Bandits","player_choice":"Fought over 184 gold","floor":22,"damage_taken":0},{"event_name":"Bonfire Elementals","player_choice":"BASIC","floor":36,"damage_taken":0},{"event_name":"Falling","player_choice":"Removed Attack","floor":38,"damage_taken":0}],"is_beta":false,"boss_relics":[{"not_picked":["Nuclear Battery","Cursed Key"],"picked":"Inserter"},{"not_picked":["Black Star","Lizard Tail"],"picked":"Fusion Hammer"}],"items_purged_floors":[13,29,39,44],"is_endless":false,"potions_floor_spawned":[11,14,16,18,22,24,30,33,35,41,42,48],"ascension_level":0}