{"gold_per_floor":[213,93,143,143,143,143,170,170,170,200,210,223,240,268,268,344,344,364,384,117,130,144,144,158,185,211,223,255,267,20,37,37,111,111,128,144,144,26,45,45,64,64,64,64,74,14,14,14,14,14],"floor_reached":50,"playtime":3739,"items_purged":["Strike_B","Strike_B"],"score":844,"play_id":"f969a1a2-e6b3-4097-943f-06711a348cea","local_time":"20180806202347","is_ascension_mode":true,"campfire_choices":[{"data":"Sunder","floor":6,"key":"SMITH"},{"data":"Zap","floor":8,"key":"SMITH"},{"data":"Dualcast","floor":15,"key":"SMITH"},{"floor":23,"key":"REST"},{"floor":27,"key":"REST"},{"floor":32,"key":"REST"},{"floor":40,"key":"REST"},{"data":"Buffer","floor":42,"key":"SMITH"},{"data":"Defend_B","floor":44,"key":"SMITH"},{"floor":49,"key":"REST"}],"neow_cost":"NONE","seed_source_timestamp":1676132770057083,"circlet_count":0,"master_deck":["Strike_B+1","Strike_B+1","Defend_B+1","Defend_B+1","Defend_B+1","Defend_B+1","Zap+1","Dualcast+1","AscendersBane","Cold Snap+1","Sunder+1","Leap+1","Reboot+1","Ball Lightning+1","Compile Driver+1","Darkness+1","Buffer+1","Sunder+1","Defragment+1","Coolheaded+1","Turbo+1","Self Repair+1","Steam+1","Self Repair+1","Streamline+1","Echo Form+1","Reinforced Body+1","BootSequence+1","Master of Strategy+1","Master of Strategy+1","Good Instincts+1"],"relics":["Cracked Core","Toxic Egg 2","Dodecahedron","Letter Opener","Mummified Hand","The Courier","Busted Crown","Shuriken","MawBank","Bag of Preparation","Orrery","Darkstone Periapt","Mark of the Bloom"],"potions_floor_usage":[10,10,24,25,28,33,33,39,41,50,50],"damage_taken":[{"damage":1,"enemies":"Cultist","floor":1,"turns":4},{"damage":4,"enemies":"3 Sentries","floor":7,"turns":6},{"damage":4,"enemies":"Gremlin Nob","floor":10,"turns":4},{"damage":0,"enemies":"2 Louse","floor":11,"turns":1},{"damage":0,"enemies":"Jaw Worm","floor":12,"turns":3},{"damage":0,"enemies":"Looter","floor":13,"turns":2},{"damage":11,"enemies":"3 Sentries","floor":14,"turns":4},{"damage":30,"enemies":"The Guardian","floor":16,"turns":9},{"damage":11,"enemies":"Spheric Guardian","floor":18,"turns":4},{"damage":23,"enemies":"3 Byrds","floor":19,"turns":3},{"damage":7,"enemies":"Centurion and Healer","floor":21,"turns":2},{"damage":3,"enemies":"Snecko","floor":22,"turns":5},{"damage":33,"enemies":"Snake Plant","floor":24,"turns":4},{"damage":24,"enemies":"Book of Stabbing","floor":25,"turns":4},{"damage":24,"enemies":"Centurion and Healer","floor":28,"turns":5},{"damage":0,"enemies":"3 Cultists","floor":31,"turns":4},{"damage":31,"enemies":"Collector","floor":33,"turns":9},{"damage":0,"enemies":"3 Darklings","floor":35,"turns":3},{"damage":0,"enemies":"3 Shapes","floor":36,"turns":1},{"damage":39,"enemies":"Transient","floor":39,"turns":5},{"damage":16,"enemies":"Maw","floor":41,"turns":6},{"damage":0,"enemies":"Flame Bruiser 2 Orb","floor":45,"turns":6},{"damage":91,"enemies":"Donu and Deca","floor":50,"turns":6}],"seed_played":"5862023923340354647","potions_obtained":[{"floor":7,"key":"Block Potion"},{"floor":10,"key":"Explosive Potion"},{"floor":14,"key":"SmokeBomb"},{"floor":19,"key":"FocusPotion"},{"floor":22,"key":"PowerPotion"},{"floor":25,"key":"Fruit Juice"},{"floor":33,"key":"Weak Potion"},{"floor":35,"key":"Weak Potion"},{"floor":41,"key":"SneckoOil"}],"is_trial":false,"path_per_floor":["M","$","?","?","T","R","E","R","T","E","M","M","M","E","R","B",null,"M","M","$","M","M","R","M","E","T","R","M","?","$","M","R","B",null,"M","M","?","$","M","R","M","R","T","R","M","$","?","?","R"],"character_chosen":"DEFECT","items_purchased":["Sunder","Poison Potion","Defragment","Coolheaded+1","Turbo+1","Self Repair","FocusPotion","Steam+1","EssenceOfSteel","Echo Form","Reinforced Body+1","LiquidBronze"],"campfire_rested":5,"item_purchase_floors":[2,2,20,20,20,20,30,30,30,38,38,46],"current_hp_per_floor":[63,63,63,68,68,68,64,64,64,60,60,60,60,49,49,19,62,51,28,28,28,32,54,28,11,11,33,21,21,21,28,52,28,68,81,81,81,81,63,81,81,81,81,81,81,81,71,71,71,0],"gold":14,"neow_bonus":"HUNDRED_GOLD","is_prod":false,"is_daily":false,"chose_seed":false,"campfire_upgraded":5,"win_rate":0,"timestamp":1533583427,"path_taken":["M","$","?","?","?","R","E","R","T","E","M","M","M","E","R","BOSS","M","M","$","M","M","R","M","E","T","R","M","?","$","?","R","BOSS","M","M","?","?","M","R","M","R","T","R","M","$","?","?","R","BOSS"],"build_version":"2018-08-02","purchased_purges":2,"victory":false,"max_hp_per_floor":[71,71,71,76,76,76,76,76,76,76,76,76,76,76,76,76,76,76,76,76,76,76,76,76,76,76,76,81,81,81,81,81,81,81,81,81,81,81,81,81,81,81,81,81,81,81,81,81,81,81],"card_choices":[{"not_picked":["Rebound","Go for the Eyes"],"picked":"Cold Snap","floor":1},{"not_picked":["Go for the Eyes","Capacitor"],"picked":"Leap+1","floor":7},{"not_picked":["Recycle+1","Scrape"],"picked":"Reboot+1","floor":10},{"not_picked":["Doom and Gloom","Barrage","Static Discharge"],"picked":"SKIP","floor":11},{"not_picked":["Steam+1","Rebound"],"picked":"Ball Lightning","floor":12},{"not_picked":["Gash","Loop"],"picked":"Compile Driver","floor":13},{"not_picked":["Barrage","Rebound"],"picked":"Darkness+1","floor":14},{"not_picked":["Multi-Cast+1","Core Surge"],"picked":"Buffer","floor":16},{"not_picked":[],"picked":"Sunder+1","floor":18},{"not_picked":["Melter"],"picked":"SKIP","floor":19},{"not_picked":[],"picked":"Go for the Eyes","floor":21},{"not_picked":["Darkness+1"],"picked":"SKIP","floor":22},{"not_picked":["Aggregate+1"],"picked":"SKIP","floor":24},{"not_picked":["Barrage"],"picked":"SKIP","floor":25},{"not_picked":["Redo+1"],"picked":"SKIP","floor":28},{"not_picked":["Turbo+1"],"picked":"SKIP","floor":31},{"not_picked":[],"picked":"Self Repair","floor":34},{"not_picked":[],"picked":"Streamline+1","floor":35},{"not_picked":["Go for the Eyes"],"picked":"SKIP","floor":36},{"not_picked":["Static Discharge"],"picked":"SKIP","floor":39},{"not_picked":[],"picked":"BootSequence+1","floor":41},{"not_picked":["Sweeping Beam"],"picked":"SKIP","floor":45},{"not_picked":[],"picked":"Master of Strategy+1","floor":47},{"not_picked":[],"picked":"Master of Strategy+1","floor":47},{"not_picked":[],"picked":"Good Instincts+1","floor":47}],"player_experience":615870,"relics_obtained":[{"floor":5,"key":"Toxic Egg 2"},{"floor":7,"key":"Dodecahedron"},{"floor":9,"key":"Letter Opener"},{"floor":10,"key":"Mummified Hand"},{"floor":14,"key":"The Courier"},{"floor":25,"key":"Shuriken"},{"floor":26,"key":"MawBank"},{"floor":43,"key":"Darkstone Periapt"}],"event_choices":[{"event_name":"Golden Shrine","player_choice":"Pray","floor":3,"damage_taken":0},{"event_name":"Big Fish","player_choice":"Donut","floor":4,"damage_taken":0},{"event_name":"WeMeetAgain","player_choice":"Card","floor":29,"damage_taken":0},{"event_name":"Accursed Blacksmith","player_choice":"Forge","floor":37,"damage_taken":0},{"event_name":"SensoryStone","player_choice":"Memory 3","floor":47,"damage_taken":0},{"event_name":"MindBloom","player_choice":"Upgrade","floor":48,"damage_taken":0}],"is_beta":false,"boss_relics":[{"not_picked":["Tiny House","Black Star"],"picked":"Busted Crown"},{"not_picked":["Runic Pyramid","Fusion Hammer"],"picked":"Orrery"}],"items_purged_floors":[20,30],"is_endless":false,"potions_floor_spawned":[7,10,14,19,22,25,31,33,35,41],"killed_by":"Donu and Deca","ascension_level":15}