{"gold_per_floor":[111,128,146,165,240,274,274,294,294,294,19,35,52,78,78,179,179,196,210,210,69,168,202,127,140,189,189,202,48,48,61,61,158,158,169,0,18,18,33,33,33,47,47,61,61,61,88,88,88,88],"floor_reached":51,"playtime":3063,"items_purged":["Strike_B","Strike_B"],"score":709,"play_id":"ec2d0d5c-babd-4e56-b352-ff5d13c63376","local_time":"20180811230332","is_ascension_mode":false,"campfire_choices":[{"data":"Zap","floor":7,"key":"SMITH"},{"data":"Go for the Eyes","floor":10,"key":"SMITH"},{"data":"Electrodynamics","floor":15,"key":"SMITH"},{"data":"Biased Cognition","floor":27,"key":"SMITH"},{"data":"Coolheaded","floor":32,"key":"SMITH"},{"data":"Leap","floor":40,"key":"SMITH"},{"data":"Flash of Steel","floor":46,"key":"SMITH"},{"data":"Glacier","floor":49,"key":"SMITH"}],"neow_cost":"NONE","seed_source_timestamp":2118288703181536,"circlet_count":0,"master_deck":["Defend_B","Defend_B","Defend_B","Defend_B","Zap+1","Dualcast","Ball Lightning","Ball Lightning","Go for the Eyes+1","Glacier+1","Compile Driver","Coolheaded+1","Electrodynamics+1","Coolheaded","All For One","Turbo+1","Beam Cell+1","Biased Cognition+1","Genetic Algorithm+1","Self Repair+1","Leap+1","Cold Snap+1","Flash of Steel+1","Glacier","Go for the Eyes+1","Leap+1","Undo+1"],"relics":["Cracked Core","Blue Candle","Bottled Lightning","Runic Capacitor","Pantograph","Coffee Dripper","Nilry\u0027s Codex","Lantern","Vajra","Inserter","Symbiotic Virus","Thread and Needle"],"potions_floor_usage":[6,6,14,16,16,18,25,33,50,50,50],"damage_taken":[{"damage":0,"enemies":"Cultist","floor":1,"turns":3},{"damage":7,"enemies":"Small Slimes","floor":2,"turns":3},{"damage":6,"enemies":"Jaw Worm","floor":3,"turns":2},{"damage":7,"enemies":"Blue Slaver","floor":4,"turns":3},{"damage":11,"enemies":"Lagavulin","floor":6,"turns":5},{"damage":1,"enemies":"3 Louse","floor":8,"turns":3},{"damage":9,"enemies":"Exordium Thugs","floor":12,"turns":4},{"damage":3,"enemies":"Large Slime","floor":13,"turns":5},{"damage":5,"enemies":"3 Sentries","floor":14,"turns":3},{"damage":17,"enemies":"Hexaghost","floor":16,"turns":8},{"damage":0,"enemies":"3 Byrds","floor":18,"turns":3},{"damage":0,"enemies":"Chosen","floor":19,"turns":3},{"damage":17,"enemies":"Slavers","floor":23,"turns":4},{"damage":0,"enemies":"Snecko","floor":25,"turns":4},{"damage":0,"enemies":"Chosen and Byrds","floor":28,"turns":2},{"damage":12,"enemies":"Snake Plant","floor":31,"turns":5},{"damage":9,"enemies":"Champ","floor":33,"turns":8},{"damage":0,"enemies":"Flame Bruiser 1 Orb","floor":35,"turns":5},{"damage":0,"enemies":"3 Shapes","floor":37,"turns":3},{"damage":0,"enemies":"Sphere and 2 Shapes","floor":39,"turns":4},{"damage":0,"enemies":"Transient","floor":42,"turns":5},{"damage":10,"enemies":"Spire Growth","floor":44,"turns":4},{"damage":0,"enemies":"Giant Head","floor":47,"turns":7},{"damage":10,"enemies":"Time Eater","floor":50,"turns":10}],"seed_played":"4835955840120738582","potions_obtained":[{"floor":0,"key":"Regen Potion"},{"floor":0,"key":"FairyPotion"},{"floor":0,"key":"SteroidPotion"},{"floor":2,"key":"SpeedPotion"},{"floor":6,"key":"SmokeBomb"},{"floor":8,"key":"LiquidBronze"},{"floor":12,"key":"Poison Potion"},{"floor":16,"key":"AttackPotion"},{"floor":23,"key":"Fruit Juice"},{"floor":28,"key":"Ancient Potion"},{"floor":33,"key":"AttackPotion"},{"floor":35,"key":"GamblersBrew"},{"floor":42,"key":"Ancient Potion"},{"floor":44,"key":"PowerPotion"}],"is_trial":false,"path_per_floor":["M","M","M","M","?","E","R","M","T","R","$","M","M","E","R","B",null,"M","M","?","$","?","E","?","M","T","R","M","$","?","M","R","B",null,"M","$","M","?","M","R","$","M","T","M","T","R","E","$","R","B"],"character_chosen":"DEFECT","items_purchased":["Runic Capacitor","Biased Cognition","Leap","Flash of Steel","Glacier"],"campfire_rested":0,"item_purchase_floors":[11,21,29,36,36],"current_hp_per_floor":[75,68,62,55,44,47,47,46,46,46,46,37,34,29,29,37,75,75,75,59,59,59,49,49,61,61,61,61,61,61,59,59,80,80,80,80,80,75,75,75,75,80,80,80,80,80,80,80,80,80],"gold":88,"neow_bonus":"THREE_SMALL_POTIONS","is_prod":false,"is_daily":false,"chose_seed":false,"campfire_upgraded":8,"win_rate":0,"timestamp":1534025012,"path_taken":["M","M","M","?","?","E","R","M","T","R","$","M","M","E","R","BOSS","M","M","?","$","?","E","?","M","T","R","M","?","?","?","R","BOSS","M","$","M","?","M","R","?","M","T","?","?","R","E","$","R","BOSS"],"build_version":"2018-08-09","purchased_purges":2,"victory":true,"max_hp_per_floor":[75,75,75,75,75,75,75,75,75,75,75,75,75,75,75,75,75,75,75,75,75,75,75,75,80,80,80,80,80,80,80,80,80,80,80,80,80,80,80,80,80,80,80,80,80,80,80,80,80,80],"card_choices":[{"not_picked":["Rebound","Turbo"],"picked":"Ball Lightning","floor":1},{"not_picked":["Force Field","Leap"],"picked":"Ball Lightning","floor":2},{"not_picked":["Rebound","Double Energy","Doom and Gloom"],"picked":"SKIP","floor":3},{"not_picked":["Steam","Streamline"],"picked":"Go for the Eyes","floor":4},{"not_picked":["Ball Lightning","Hyperbeam"],"picked":"Glacier","floor":6},{"not_picked":["Hologram","Steam"],"picked":"Compile Driver","floor":8},{"not_picked":["Genetic Algorithm","Beam Cell"],"picked":"Coolheaded","floor":12},{"not_picked":["Rebound","Beam Cell"],"picked":"Electrodynamics","floor":13},{"not_picked":["Beam Cell","Ball Lightning"],"picked":"Coolheaded","floor":14},{"not_picked":["Electrodynamics","Echo Form"],"picked":"All For One","floor":16},{"not_picked":["Rip and Tear","Chaos"],"picked":"Turbo+1","floor":18},{"not_picked":["Rebound","Compile Driver"],"picked":"Beam Cell+1","floor":19},{"not_picked":["Hologram","Electrodynamics"],"picked":"Genetic Algorithm+1","floor":23},{"not_picked":["Turbo+1","Sweeping Beam","Tempest"],"picked":"SKIP","floor":25},{"not_picked":["Stack","Go for the Eyes"],"picked":"Self Repair+1","floor":28},{"not_picked":["Storm+1","Rip and Tear","Streamline"],"picked":"SKIP","floor":31},{"not_picked":["Redo+1","Coolheaded"],"picked":"Cold Snap+1","floor":35},{"not_picked":["Barrage","Rebound"],"picked":"Go for the Eyes+1","floor":37},{"not_picked":["Barrage","Sweeping Beam+1"],"picked":"Leap+1","floor":39},{"not_picked":["White Noise","Turbo+1","Sunder+1"],"picked":"SKIP","floor":42},{"not_picked":["Sweeping Beam","Turbo+1"],"picked":"Undo+1","floor":44},{"not_picked":["Genetic Algorithm+1","Coolheaded","Sunder+1"],"picked":"SKIP","floor":47}],"player_experience":623653,"relics_obtained":[{"floor":6,"key":"Blue Candle"},{"floor":9,"key":"Bottled Lightning"},{"floor":14,"key":"Pantograph"},{"floor":20,"key":"Nilry\u0027s Codex"},{"floor":23,"key":"Lantern"},{"floor":26,"key":"Vajra"},{"floor":43,"key":"Symbiotic Virus"},{"floor":45,"key":"Thread and Needle"}],"event_choices":[{"event_name":"World of Goop","player_choice":"Gather Gold","floor":5,"damage_taken":0},{"event_name":"Cursed Tome","player_choice":"Obtained Book","floor":20,"damage_taken":0},{"event_name":"Nest","player_choice":"Stole From Cult","floor":22,"damage_taken":0},{"event_name":"Beggar","player_choice":"Gave Gold","floor":24,"damage_taken":0},{"event_name":"Wheel of Change","player_choice":"Card Removal","floor":30,"damage_taken":0},{"event_name":"SensoryStone","player_choice":"Memory 2","floor":38,"damage_taken":0}],"is_beta":false,"boss_relics":[{"not_picked":["Lizard Tail","Orrery"],"picked":"Coffee Dripper"},{"not_picked":["Astrolabe","Runic Pyramid"],"picked":"Inserter"}],"items_purged_floors":[11,29],"is_endless":false,"potions_floor_spawned":[2,6,8,12,16,23,28,33,35,42,44],"ascension_level":0}