{"gold_per_floor":[109,127,127,35,53,53,72,72,72,108,129,129,170,48,48,139,139,158,178,194,13,13,53,53,53,53,76,95,115,115,35,35,126,126,147,147,147,89,107,107,127,127,127,147,165,165,37,72,72,72],"floor_reached":51,"playtime":3484,"items_purged":["Strike_B","Strike_B"],"score":1175,"play_id":"90e0118a-b711-4255-ba0a-da317394a668","local_time":"20180816212445","is_ascension_mode":true,"campfire_choices":[{"data":"Zap","floor":6,"key":"SMITH"},{"data":"Defragment","floor":8,"key":"SMITH"},{"floor":15,"key":"REST"},{"floor":24,"key":"REST"},{"data":"Defragment","floor":30,"key":"SMITH"},{"data":"Defragment","floor":32,"key":"SMITH"},{"data":"Capacitor","floor":40,"key":"SMITH"},{"data":"Capacitor","floor":42,"key":"SMITH"},{"data":"Creative AI","floor":49,"key":"SMITH"}],"neow_cost":"NONE","seed_source_timestamp":10025780844521,"circlet_count":0,"master_deck":["Strike_B","Strike_B+1","Defend_B","Defend_B","Defend_B","Zap+1","Dualcast","AscendersBane","Reinforced Body","Leap","Defragment+1","Sweeping Beam+1","Ball Lightning","Loop+1","Glacier","Conserve Battery+1","Capacitor+1","Consume+1","Seek+1","Coolheaded+1","Glacier+1","Stack+1","Defragment+1","Ball Lightning+1","Cold Snap+1","Defragment+1","Creative AI+1","Madness+1","Madness+1","Capacitor+1","Force Field+1","Storm","Storm"],"relics":["Cracked Core","Golden Idol","The Courier","Bird Faced Urn","Toxic Egg 2","Black Star","Enchiridion","Vajra","Centennial Puzzle","Dead Branch","Philosopher\u0027s Stone","Singing Bowl","Whetstone","Blood Vial"],"potions_floor_usage":[10,10,20,20,23,33,50,50],"damage_taken":[{"damage":2,"enemies":"2 Louse","floor":1,"turns":2},{"damage":2,"enemies":"Jaw Worm","floor":2,"turns":3},{"damage":0,"enemies":"Cultist","floor":5,"turns":3},{"damage":2,"enemies":"2 Fungi Beasts","floor":7,"turns":4},{"damage":18,"enemies":"Gremlin Nob","floor":10,"turns":3},{"damage":8,"enemies":"Blue Slaver","floor":11,"turns":3},{"damage":18,"enemies":"3 Sentries","floor":13,"turns":5},{"damage":24,"enemies":"Slime Boss","floor":16,"turns":9},{"damage":13,"enemies":"Chosen","floor":18,"turns":5},{"damage":3,"enemies":"Shell Parasite","floor":19,"turns":7},{"damage":0,"enemies":"Cultist and Chosen","floor":20,"turns":8},{"damage":56,"enemies":"Slavers","floor":23,"turns":7},{"damage":0,"enemies":"Centurion and Healer","floor":27,"turns":4},{"damage":0,"enemies":"Snecko","floor":28,"turns":6},{"damage":3,"enemies":"Cultist and Chosen","floor":29,"turns":4},{"damage":30,"enemies":"Automaton","floor":33,"turns":9},{"damage":3,"enemies":"3 Shapes","floor":35,"turns":4},{"damage":5,"enemies":"Orb Walker","floor":39,"turns":4},{"damage":27,"enemies":"Transient","floor":41,"turns":5},{"damage":36,"enemies":"Flame Bruiser 2 Orb","floor":44,"turns":7},{"damage":15,"enemies":"3 Darklings","floor":45,"turns":13},{"damage":6,"enemies":"Nemesis","floor":48,"turns":5},{"damage":36,"enemies":"Donu and Deca","floor":50,"turns":10}],"seed_played":"8380824253535358430","potions_obtained":[{"floor":5,"key":"Strength Potion"},{"floor":11,"key":"Explosive Potion"},{"floor":19,"key":"AttackPotion"},{"floor":23,"key":"GamblersBrew"},{"floor":28,"key":"PowerPotion"},{"floor":33,"key":"LiquidBronze"},{"floor":39,"key":"Strength Potion"}],"is_trial":false,"path_per_floor":["M","M","?","$","M","R","M","R","T","E","M","?","E","$","R","B",null,"M","M","M","$","?","E","R","?","T","M","M","M","R","$","R","B",null,"M","?","?","$","M","R","M","R","T","M","M","?","$","E","R","B"],"character_chosen":"DEFECT","items_purchased":["Defragment","Strength Potion","Capacitor","Consume+1","Defragment","Regen Potion","Capacitor","Storm","Storm"],"campfire_rested":2,"item_purchase_floors":[4,4,14,14,21,21,38,47,47],"current_hp_per_floor":[69,67,67,67,67,67,65,65,65,47,43,43,29,29,50,32,61,54,57,63,63,42,18,39,39,39,47,55,64,64,64,64,45,65,71,71,58,58,63,63,58,58,58,46,73,69,69,75,75,69],"gold":72,"neow_bonus":"TEN_PERCENT_HP_BONUS","is_prod":false,"is_daily":false,"chose_seed":false,"campfire_upgraded":7,"win_rate":0,"timestamp":1534451085,"path_taken":["M","M","?","$","M","R","M","R","T","E","?","?","E","$","R","BOSS","M","?","M","$","?","E","R","?","T","M","M","M","R","$","R","BOSS","M","?","?","$","?","R","M","R","T","M","M","?","$","E","R","BOSS"],"build_version":"2018-08-09","purchased_purges":2,"victory":true,"max_hp_per_floor":[78,78,71,71,71,71,71,71,71,71,71,71,71,71,71,71,71,71,71,71,71,71,71,71,71,71,71,71,71,71,71,71,71,71,71,71,71,71,71,71,71,71,71,71,73,73,73,75,75,75],"card_choices":[{"not_picked":["Gash","Hologram"],"picked":"Reinforced Body","floor":1},{"not_picked":["Coolheaded","Steam"],"picked":"Leap","floor":2},{"not_picked":["Recycle","Steam Power"],"picked":"Sweeping Beam","floor":5},{"not_picked":["Leap","Genetic Algorithm"],"picked":"Ball Lightning","floor":7},{"not_picked":["Sweeping Beam","Force Field"],"picked":"Loop","floor":10},{"not_picked":["Go for the Eyes","All For One"],"picked":"Glacier","floor":11},{"not_picked":["Steam Power","Reprogram"],"picked":"Conserve Battery","floor":13},{"not_picked":["Rainbow+1","Reboot+1"],"picked":"Seek+1","floor":16},{"not_picked":["Barrage","Beam Cell"],"picked":"Coolheaded+1","floor":18},{"not_picked":["Hello World","Streamline"],"picked":"Glacier+1","floor":19},{"not_picked":["Compile Driver","Chill+1"],"picked":"Stack+1","floor":20},{"not_picked":["Double Energy+1","Hologram+1"],"picked":"Ball Lightning+1","floor":23},{"not_picked":["Consume+1","Conserve Battery+1"],"picked":"Cold Snap+1","floor":27},{"not_picked":["Stack+1","Beam Cell"],"picked":"Defragment","floor":28},{"not_picked":["Compile Driver","Skim+1","Stack+1"],"picked":"SKIP","floor":29},{"not_picked":["Rainbow+1","Thunder Strike"],"picked":"Creative AI","floor":33},{"not_picked":["Compile Driver","Barrage","Gash"],"picked":"SKIP","floor":35},{"not_picked":["Cold Snap","Self Repair","Streamline"],"picked":"SKIP","floor":39},{"not_picked":["Conserve Battery+1","Compile Driver+1","Heatsinks+1"],"picked":"SKIP","floor":41},{"not_picked":["Steam+1","Auto Shields+1"],"picked":"Force Field+1","floor":44},{"not_picked":["Lockon","Multi-Cast+1","Rebound"],"picked":"Singing Bowl","floor":45},{"not_picked":["Go for the Eyes","Streamline","Heatsinks"],"picked":"Singing Bowl","floor":48}],"player_experience":627878,"relics_obtained":[{"floor":9,"key":"The Courier"},{"floor":10,"key":"Bird Faced Urn"},{"floor":13,"key":"Toxic Egg 2"},{"floor":22,"key":"Enchiridion"},{"floor":23,"key":"Vajra"},{"floor":23,"key":"Centennial Puzzle"},{"floor":26,"key":"Dead Branch"},{"floor":43,"key":"Singing Bowl"},{"floor":48,"key":"Whetstone"},{"floor":48,"key":"Blood Vial"}],"event_choices":[{"event_name":"Golden Idol","player_choice":"Lose Max HP","floor":3,"damage_taken":0},{"event_name":"Living Wall","player_choice":"Grow","floor":12,"damage_taken":0},{"event_name":"Cursed Tome","player_choice":"Obtained Book","floor":22,"damage_taken":0},{"event_name":"Vampires","player_choice":"Ignored","floor":25,"damage_taken":0},{"event_name":"Falling","player_choice":"Removed Skill","floor":36,"damage_taken":0},{"event_name":"Winding Halls","player_choice":"Embrace Madness","floor":37,"damage_taken":0},{"event_name":"The Woman in Blue","player_choice":"Bought 0 Potions","floor":46,"damage_taken":0}],"is_beta":false,"boss_relics":[{"not_picked":["Orrery","Ectoplasm"],"picked":"Black Star"},{"not_picked":["Eternal Feather","Calling Bell"],"picked":"Philosopher\u0027s Stone"}],"items_purged_floors":[21,31],"is_endless":false,"potions_floor_spawned":[5,7,11,19,23,28,33,39,45],"ascension_level":15}