{"gold_per_floor":[110,23,173,189,66,91,103,134,189,189,68,88,88,117,117,191,191,203,221,221,15,15,15,15],"floor_reached":24,"playtime":1162,"items_purged":["Doubt"],"score":411,"play_id":"00b9c360-d20a-4f0c-ab4c-2b4a883d177c","local_time":"20180816202615","is_ascension_mode":true,"campfire_choices":[{"data":"Consume","floor":10,"key":"SMITH"},{"floor":15,"key":"REST"},{"floor":23,"key":"REST"}],"neow_cost":"NONE","seed_source_timestamp":8849155091787,"circlet_count":0,"master_deck":["Strike_B+1","Strike_B+1","Strike_B","Strike_B","Defend_B","Defend_B","Defend_B","Defend_B","Zap","Dualcast","AscendersBane","Coolheaded","Consume+1","Coolheaded","Doom and Gloom","Leap","Streamline","Compile Driver","Capacitor","Loop","Hologram","Ball Lightning","Self Repair","Rainbow","Steam"],"relics":["Cracked Core","NeowsBlessing","Dodecahedron","Regal Pillow","Whetstone","Odd Mushroom","Bottled Flame","Sozu","Runic Capacitor"],"potions_floor_usage":[12,14,24],"damage_taken":[{"damage":0,"enemies":"Jaw Worm","floor":1,"turns":1},{"damage":0,"enemies":"Small Slimes","floor":4,"turns":1},{"damage":0,"enemies":"Gremlin Nob","floor":6,"turns":1},{"damage":0,"enemies":"Cultist","floor":7,"turns":3},{"damage":18,"enemies":"Lagavulin","floor":8,"turns":9},{"damage":11,"floor":12,"turns":4},{"damage":21,"enemies":"3 Sentries","floor":14,"turns":7},{"damage":18,"enemies":"Slime Boss","floor":16,"turns":7},{"damage":14,"enemies":"Chosen","floor":18,"turns":5},{"damage":44,"enemies":"3 Byrds","floor":19,"turns":5},{"damage":64,"enemies":"Slavers","floor":24,"turns":3}],"seed_played":"6654815986268864703","potions_obtained":[{"floor":4,"key":"EssenceOfSteel"},{"floor":7,"key":"SteroidPotion"},{"floor":8,"key":"Dexterity Potion"},{"floor":13,"key":"LiquidBronze"}],"is_trial":false,"path_per_floor":["M","$","?","M","$","E","M","E","T","R","$","?","?","E","R","B",null,"M","M","?","$","?","R"],"character_chosen":"DEFECT","items_purchased":["Consume","Coolheaded","Leap","Loop","Hologram","Runic Capacitor"],"campfire_rested":2,"item_purchase_floors":[2,2,5,11,11,21],"current_hp_per_floor":[64,64,64,64,64,64,64,46,46,46,46,35,35,14,50,39,63,56,19,19,19,19,55,0],"gold":15,"neow_bonus":"THREE_ENEMY_KILL","is_prod":false,"is_daily":false,"chose_seed":false,"campfire_upgraded":1,"win_rate":0,"timestamp":1534447575,"path_taken":["M","$","?","?","$","E","M","E","T","R","$","?","?","E","R","BOSS","M","M","?","?","?","R","E"],"build_version":"2018-08-09","purchased_purges":1,"victory":false,"max_hp_per_floor":[71,71,71,71,71,71,71,71,71,71,71,71,71,71,71,71,71,71,71,71,71,71,71,71],"card_choices":[{"not_picked":["Beam Cell","Turbo"],"picked":"Coolheaded","floor":1},{"not_picked":["Sweeping Beam","Blizzard"],"picked":"Doom and Gloom","floor":4},{"not_picked":["Beam Cell","Gash"],"picked":"Streamline","floor":6},{"not_picked":["Conserve Battery","Rebound"],"picked":"Compile Driver","floor":7},{"not_picked":["Scrape","Rebound"],"picked":"Capacitor","floor":8},{"not_picked":["Aggregate","Seek"],"picked":"Ball Lightning","floor":12},{"not_picked":["Scrape","Hologram"],"picked":"Self Repair","floor":14},{"not_picked":["Reboot","Creative AI"],"picked":"Rainbow","floor":16},{"not_picked":["Coolheaded","Streamline","Doom and Gloom"],"picked":"SKIP","floor":18},{"not_picked":["Barrage","Rebound"],"picked":"Steam","floor":19}],"player_experience":626716,"relics_obtained":[{"floor":6,"key":"Dodecahedron"},{"floor":8,"key":"Regal Pillow"},{"floor":9,"key":"Whetstone"},{"floor":12,"key":"Odd Mushroom"},{"floor":14,"key":"Bottled Flame"}],"event_choices":[{"event_name":"Liars Game","player_choice":"agreed","floor":3,"damage_taken":0},{"event_name":"Mushrooms","player_choice":"Fought Mushrooms","floor":12,"damage_taken":0},{"event_name":"The Lab","player_choice":"Got Potions","floor":13,"damage_taken":0},{"event_name":"Drug Dealer","player_choice":"Ignored","floor":20,"damage_taken":0},{"event_name":"Match and Keep!","player_choice":"0 cards matched","floor":22,"damage_taken":0}],"is_beta":false,"boss_relics":[{"not_picked":["Tiny House","Lizard Tail"],"picked":"Sozu"}],"items_purged_floors":[5],"is_endless":false,"potions_floor_spawned":[4,7,8],"killed_by":"Slavers","ascension_level":15}