{"gold_per_floor":[119,132,145,155,155,155,166,193,193,193,222,272,272,291,291,367,367,386,403,16,16,31,31,60,60,105,136,156,175,185,185,185,262,262,274,284,384,401,456,456,491,491,491,522,522,542,542,560,560,560],"floor_reached":51,"playtime":5730,"items_purged":[],"score":1366,"play_id":"6e0c912c-e428-4f80-9d74-24a8c4a36f7d","local_time":"20190105150106","is_ascension_mode":true,"campfire_choices":[{"data":"Fission","floor":6,"key":"SMITH"},{"floor":10,"key":"REST"},{"data":"Zap","floor":13,"key":"SMITH"},{"data":"Creative AI","floor":15,"key":"SMITH"},{"floor":23,"key":"REST"},{"floor":25,"key":"REST"},{"data":"Go for the Eyes","floor":32,"key":"SMITH"},{"data":"Strike_B","floor":40,"key":"PURGE"},{"data":"Strike_B","floor":42,"key":"PURGE"},{"data":"Decay","floor":47,"key":"PURGE"},{"data":"Strike_B","floor":49,"key":"PURGE"}],"neow_cost":"NONE","seed_source_timestamp":529237647695076,"circlet_count":0,"master_deck":["AscendersBane","Strike_B","Defend_B","Defend_B","Defend_B","Defend_B","Zap+1","Dualcast","Cold Snap","Cold Snap","Fission+1","Conserve Battery+1","Go for the Eyes+1","Auto Shields","Hologram","Creative AI+1","Ball Lightning","Electrodynamics+1","Stack+1","Ball Lightning+1","Genetic Algorithm+1","Steam+1","Compile Driver+1","Hologram+1","Reinforced Body+1","Seek+1","Coolheaded+1","Undo+1","Sweeping Beam+1","Double Energy+1","Aggregate+1","Compile Driver+1","Steam Power+1"],"relics":["Cracked Core","Potion Belt","Dream Catcher","Happy Flower","Inserter","DataDisk","War Paint","Toxic Egg 2","Centennial Puzzle","Molten Egg 2","Cursed Key","Peace Pipe","Emotion Chip","PreservedInsect","Pantograph","Blood Vial"],"potions_floor_usage":[8,19,24,24,27,28,30,44,50,50],"damage_taken":[{"damage":3,"enemies":"Small Slimes","floor":1,"turns":3},{"damage":2,"enemies":"Jaw Worm","floor":2,"turns":3},{"damage":0,"enemies":"Cultist","floor":3,"turns":3},{"damage":3,"enemies":"Exordium Wildlife","floor":4,"turns":4},{"damage":7,"enemies":"Red Slaver","floor":7,"turns":3},{"damage":32,"enemies":"Gremlin Nob","floor":8,"turns":5},{"damage":1,"enemies":"Lagavulin","floor":11,"turns":5},{"damage":1,"enemies":"Blue Slaver","floor":14,"turns":3},{"damage":18,"enemies":"Hexaghost","floor":16,"turns":9},{"damage":20,"enemies":"Shell Parasite","floor":18,"turns":7},{"damage":15,"enemies":"2 Thieves","floor":19,"turns":5},{"damage":10,"enemies":"Snecko","floor":22,"turns":6},{"damage":11,"enemies":"Slavers","floor":24,"turns":4},{"damage":27,"enemies":"Book of Stabbing","floor":27,"turns":6},{"damage":0,"enemies":"Cultist and Chosen","floor":28,"turns":4},{"damage":8,"enemies":"Sentry and Sphere","floor":29,"turns":4},{"damage":7,"enemies":"3 Cultists","floor":30,"turns":5},{"damage":41,"enemies":"Automaton","floor":33,"turns":10},{"damage":0,"enemies":"3 Shapes","floor":35,"turns":3},{"damage":3,"enemies":"Orb Walker","floor":36,"turns":3},{"damage":0,"enemies":"Mind Bloom Boss Battle","floor":37,"turns":5},{"damage":8,"enemies":"Transient","floor":38,"turns":5},{"damage":0,"enemies":"2 Orb Walkers","floor":39,"turns":6},{"damage":0,"enemies":"Reptomancer","floor":41,"turns":7},{"damage":0,"enemies":"Giant Head","floor":44,"turns":10},{"damage":0,"enemies":"Maw","floor":46,"turns":7},{"damage":0,"enemies":"Sphere and 2 Shapes","floor":48,"turns":3},{"damage":25,"enemies":"Donu and Deca","floor":50,"turns":7}],"seed_played":"7636505003000973022","potions_obtained":[{"floor":3,"key":"Dexterity Potion"},{"floor":4,"key":"Block Potion"},{"floor":8,"key":"FearPotion"},{"floor":16,"key":"PowerPotion"},{"floor":19,"key":"Block Potion"},{"floor":27,"key":"EssenceOfSteel"},{"floor":36,"key":"Swift Potion"},{"floor":37,"key":"Block Potion"},{"floor":39,"key":"FearPotion"},{"floor":41,"key":"Swift Potion"},{"floor":46,"key":"LiquidBronze"}],"is_trial":false,"path_per_floor":["M","M","M","M","?","R","M","E","T","R","E","?","R","M","R","B",null,"M","M","$","?","M","R","E","R","T","E","M","M","M","?","R","B",null,"M","M","?","M","?","R","E","R","T","E","?","M","R","M","R","B",null],"character_chosen":"DEFECT","items_purchased":["DataDisk","War Paint","Dexterity Potion"],"campfire_rested":3,"item_purchase_floors":[20,20,20],"current_hp_per_floor":[61,59,59,56,56,56,49,17,17,38,37,37,37,36,36,18,58,38,23,23,23,13,34,23,44,44,17,17,9,2,71,71,30,61,61,58,58,50,50,50,50,50,50,50,50,52,52,54,54,46],"gold":560,"neow_bonus":"THREE_CARDS","is_prod":false,"is_daily":false,"chose_seed":false,"campfire_upgraded":4,"win_rate":0,"timestamp":1546700466,"path_taken":["M","M","M","M","?","R","M","E","T","R","E","?","R","M","R","BOSS","M","?","$","?","?","R","E","R","T","E","M","M","M","?","R","BOSS","M","M","?","M","?","R","E","R","T","E","?","?","R","M","R","BOSS"],"build_version":"2019-01-03v4","purchased_purges":0,"victory":true,"max_hp_per_floor":[71,71,71,71,71,71,71,71,71,71,71,71,71,71,71,71,71,71,71,71,71,71,71,71,71,71,71,71,71,71,71,71,71,71,71,71,71,71,71,71,71,71,71,71,71,71,71,71,71,71],"card_choices":[{"not_picked":["Rebound","Gash"],"picked":"Cold Snap","floor":0},{"not_picked":["Sweeping Beam","Reinforced Body"],"picked":"Cold Snap","floor":1},{"not_picked":["Cold Snap","Streamline"],"picked":"Fission","floor":2},{"not_picked":["Double Energy","Chaos"],"picked":"Conserve Battery","floor":3},{"not_picked":["Self Repair","Undo"],"picked":"Go for the Eyes","floor":4},{"not_picked":["Go for the Eyes","Cold Snap"],"picked":"Auto Shields","floor":7},{"not_picked":["Doom and Gloom","Sweeping Beam"],"picked":"Hologram","floor":8},{"not_picked":["Streamline","Sweeping Beam"],"picked":"Doom and Gloom","floor":10},{"not_picked":["Auto Shields","Hello World"],"picked":"Creative AI","floor":11},{"not_picked":["Hologram","Recycle"],"picked":"Ball Lightning","floor":14},{"not_picked":["Reboot","Fission"],"picked":"Electrodynamics","floor":16},{"not_picked":["Turbo","Barrage","Chaos"],"picked":"SKIP","floor":18},{"not_picked":["Compile Driver","Darkness"],"picked":"Stack","floor":19},{"not_picked":["Rebound","Cold Snap","Conserve Battery"],"picked":"SKIP","floor":22},{"not_picked":["Chill","Redo+1"],"picked":"Ball Lightning+1","floor":23},{"not_picked":["Meteor Strike","Redo","Echo Form"],"picked":"SKIP","floor":24},{"not_picked":["Compile Driver","Gash"],"picked":"Genetic Algorithm+1","floor":25},{"not_picked":["Ball Lightning","Fusion+1"],"picked":"Steam+1","floor":27},{"not_picked":["Stack+1","Hello World+1"],"picked":"Compile Driver+1","floor":28},{"not_picked":["Ball Lightning+1","Turbo+1"],"picked":"Hologram+1","floor":29},{"not_picked":["Skim+1","Tempest+1"],"picked":"Reinforced Body+1","floor":30},{"not_picked":["Thunder Strike+1","Hyperbeam+1"],"picked":"Seek+1","floor":33},{"not_picked":["Melter+1","Sunder+1"],"picked":"Coolheaded+1","floor":35},{"not_picked":["Cold Snap+1","Streamline+1","Recycle+1"],"picked":"SKIP","floor":36},{"not_picked":["Stack+1","Beam Cell+1"],"picked":"Undo+1","floor":37},{"not_picked":["Barrage+1","Coolheaded+1"],"picked":"Sweeping Beam+1","floor":38},{"not_picked":["Turbo+1","Streamline+1"],"picked":"Double Energy+1","floor":39},{"not_picked":["Electrodynamics","Hello World"],"picked":"Aggregate+1","floor":41},{"not_picked":["Auto Shields+1","Gash+1"],"picked":"Compile Driver+1","floor":44},{"not_picked":["Go for the Eyes+1","Steam+1"],"picked":"Steam Power+1","floor":46},{"not_picked":["Streamline+1","Static Discharge+1","Turbo+1"],"picked":"SKIP","floor":48}],"player_experience":695131,"relics_obtained":[{"floor":8,"key":"Potion Belt"},{"floor":9,"key":"Dream Catcher"},{"floor":11,"key":"Happy Flower"},{"floor":24,"key":"Toxic Egg 2"},{"floor":26,"key":"Centennial Puzzle"},{"floor":27,"key":"Molten Egg 2"},{"floor":37,"key":"Peace Pipe"},{"floor":39,"key":"Emotion Chip"},{"floor":41,"key":"PreservedInsect"},{"floor":43,"key":"Pantograph"},{"floor":44,"key":"Blood Vial"}],"event_choices":[{"damage_healed":0,"gold_gain":0,"player_choice":"Ignored","damage_taken":0,"max_hp_gain":0,"max_hp_loss":0,"event_name":"Liars Game","floor":5,"gold_loss":0},{"damage_healed":0,"gold_gain":50,"player_choice":"Pray","damage_taken":0,"max_hp_gain":0,"max_hp_loss":0,"event_name":"Golden Shrine","floor":12,"gold_loss":0},{"damage_healed":0,"gold_gain":0,"player_choice":"Upgraded","damage_taken":0,"max_hp_gain":0,"max_hp_loss":0,"event_name":"Upgrade Shrine","floor":21,"gold_loss":0,"cards_upgraded":["Electrodynamics"]},{"cards_removed":["Doom and Gloom"],"damage_healed":69,"gold_gain":0,"player_choice":"Offered Uncommon","damage_taken":0,"max_hp_gain":0,"max_hp_loss":0,"event_name":"Bonfire Elementals","floor":31,"gold_loss":0},{"damage_healed":0,"gold_gain":0,"player_choice":"Fight","damage_taken":0,"max_hp_gain":0,"max_hp_loss":0,"event_name":"MindBloom","floor":37,"gold_loss":0},{"damage_healed":0,"gold_gain":0,"player_choice":"Fight","damage_taken":0,"max_hp_gain":0,"max_hp_loss":0,"event_name":"Mysterious Sphere","floor":39,"gold_loss":0},{"damage_healed":0,"gold_gain":0,"player_choice":"Ignored","damage_taken":0,"max_hp_gain":0,"max_hp_loss":0,"event_name":"Tomb of Lord Red Mask","floor":45,"gold_loss":0}],"is_beta":false,"boss_relics":[{"not_picked":["White Beast Statue","Coffee Dripper"],"picked":"Inserter"},{"not_picked":["Sozu","Runic Dome"],"picked":"Cursed Key"}],"items_purged_floors":[],"is_endless":false,"potions_floor_spawned":[3,4,7,8,16,19,22,27,36,37,39,41,46],"ascension_level":16}