{"gold_per_floor":[112,112,112,124,138,138,172,172,202,220,254,267,294,294,294,365,365,380,380,140,140,158,184,184,198,221,239,239],"floor_reached":28,"playtime":2255,"items_purged":["Strike_B"],"score":446,"play_id":"474675d7-a8e1-4847-ba79-1533332acc17","local_time":"20190104233531","is_ascension_mode":true,"campfire_choices":[{"data":"Streamline","floor":6,"key":"SMITH"},{"data":"Dualcast","floor":8,"key":"SMITH"},{"data":"Reinforced Body","floor":15,"key":"SMITH"},{"floor":24,"key":"REST"}],"neow_cost":"NONE","seed_source_timestamp":477183701654103,"circlet_count":0,"master_deck":["AscendersBane","Defend_B","Defend_B","Defend_B","Defend_B","Zap+1","Dualcast+1","Doom and Gloom+1","Reinforced Body+1","Streamline+1","All For One+1","Go for the Eyes+1","BootSequence","Rebound+1","Leap","All For One+1","Chaos","Heatsinks","Coolheaded","Sweeping Beam+1"],"relics":["Cracked Core","GremlinMask","Molten Egg 2","Tiny Chest","Singing Bowl","Bag of Preparation","Empty Cage","Pear","Potion Belt"],"potions_floor_usage":[7,11,22,23,28],"damage_taken":[{"damage":1,"enemies":"2 Louse","floor":1,"turns":2},{"damage":2,"enemies":"Jaw Worm","floor":4,"turns":3},{"damage":0,"enemies":"Cultist","floor":5,"turns":3},{"damage":22,"enemies":"Gremlin Nob","floor":7,"turns":4},{"damage":0,"enemies":"Exordium Thugs","floor":10,"turns":4},{"damage":3,"enemies":"3 Sentries","floor":11,"turns":5},{"damage":0,"enemies":"Looter","floor":12,"turns":2},{"damage":24,"enemies":"The Guardian","floor":16,"turns":9},{"damage":19,"enemies":"Spheric Guardian","floor":18,"turns":4},{"damage":14,"enemies":"2 Thieves","floor":22,"turns":5},{"damage":28,"enemies":"Slavers","floor":23,"turns":7},{"damage":15,"enemies":"Snake Plant","floor":25,"turns":5},{"damage":20,"enemies":"Centurion and Healer","floor":27,"turns":10},{"damage":16,"enemies":"Gremlin Leader","floor":28,"turns":4}],"seed_played":"8038339206422470511","potions_obtained":[{"floor":4,"key":"Strength Potion"},{"floor":5,"key":"Poison Potion"},{"floor":10,"key":"Fire Potion"},{"floor":11,"key":"Regen Potion"},{"floor":25,"key":"FearPotion"}],"is_trial":false,"path_per_floor":["M","?","?","M","M","R","E","R","T","M","E","M","T","?","R","B",null,"M","?","$","?","M","E","R","M","T","M","E"],"character_chosen":"DEFECT","items_purchased":["All For One+1"],"campfire_rested":1,"item_purchase_floors":[20],"current_hp_per_floor":[63,63,63,61,61,61,39,39,39,39,36,36,36,36,36,12,56,37,37,37,37,37,19,43,30,30,10,0],"gold":239,"neow_bonus":"UPGRADE_CARD","is_prod":false,"is_daily":false,"chose_seed":false,"campfire_upgraded":3,"win_rate":0,"timestamp":1546644931,"path_taken":["M","?","?","M","M","R","E","R","T","?","E","M","?","?","R","BOSS","M","?","$","?","?","E","R","M","T","M","E"],"build_version":"2019-01-03v4","purchased_purges":1,"victory":false,"max_hp_per_floor":[71,71,71,71,71,71,71,71,71,71,71,71,71,71,71,71,71,71,71,71,71,73,83,83,85,85,85,85],"card_choices":[{"not_picked":["Hologram","Force Field"],"picked":"Doom and Gloom","floor":1},{"not_picked":["Blizzard","Stack"],"picked":"Reinforced Body","floor":4},{"not_picked":["Consume","Aggregate"],"picked":"Streamline","floor":5},{"not_picked":["Redo","Sweeping Beam"],"picked":"All For One","floor":7},{"not_picked":["Blizzard+1","Capacitor"],"picked":"Go for the Eyes+1","floor":10},{"not_picked":["Melter+1","Chaos"],"picked":"BootSequence","floor":11},{"not_picked":["Conserve Battery","Go for the Eyes+1"],"picked":"Rebound+1","floor":12},{"not_picked":["Thunder Strike+1","Creative AI"],"picked":"Echo Form","floor":16},{"not_picked":["Sweeping Beam+1","Turbo"],"picked":"Leap","floor":18},{"not_picked":["Hologram+1","Barrage+1","Reprogram"],"picked":"Singing Bowl","floor":22},{"not_picked":["Hologram","Rainbow"],"picked":"Coolheaded","floor":23},{"not_picked":["Barrage+1","White Noise+1","Steam Power"],"picked":"Singing Bowl","floor":25},{"not_picked":["Go for the Eyes+1","Reprogram"],"picked":"Sweeping Beam+1","floor":27}],"player_experience":681111,"relics_obtained":[{"floor":7,"key":"Molten Egg 2"},{"floor":9,"key":"Tiny Chest"},{"floor":11,"key":"Singing Bowl"},{"floor":13,"key":"Bag of Preparation"},{"floor":23,"key":"Pear"},{"floor":26,"key":"Potion Belt"}],"event_choices":[{"damage_healed":0,"gold_gain":0,"player_choice":"Ignored","damage_taken":0,"max_hp_gain":0,"max_hp_loss":0,"event_name":"Liars Game","floor":2,"gold_loss":0},{"damage_healed":0,"gold_gain":0,"player_choice":"Trade","damage_taken":0,"relics_obtained":["GremlinMask"],"max_hp_gain":0,"max_hp_loss":0,"event_name":"FaceTrader","floor":3,"gold_loss":0},{"damage_healed":0,"gold_gain":0,"player_choice":"Grow","damage_taken":0,"max_hp_gain":0,"max_hp_loss":0,"event_name":"Living Wall","floor":14,"gold_loss":0,"cards_upgraded":["Doom and Gloom"]},{"damage_healed":0,"gold_gain":0,"player_choice":"Ignored","damage_taken":0,"max_hp_gain":0,"max_hp_loss":0,"event_name":"Beggar","floor":19,"gold_loss":0},{"damage_healed":0,"gold_gain":0,"cards_transformed":["Strike_B","Echo Form"],"player_choice":"Became Test Subject","damage_taken":0,"max_hp_gain":0,"max_hp_loss":0,"event_name":"Drug Dealer","floor":21,"gold_loss":0,"cards_obtained":["Chaos","Heatsinks"]}],"is_beta":false,"boss_relics":[{"not_picked":["Eternal Feather","Black Star"],"picked":"Empty Cage"}],"items_purged_floors":[20],"is_endless":false,"potions_floor_spawned":[4,5,10,11,12,18,25],"killed_by":"Gremlin Leader","ascension_level":16}