{"gold_per_floor":[109,89,105,32,49,79,79,142,167,167,185,216,216,230,230,230],"floor_reached":16,"playtime":1352,"items_purged":[],"score":210,"play_id":"18361065-4ec9-4b12-97ff-9faa2423f4a1","local_time":"20190104124744","is_ascension_mode":true,"campfire_choices":[{"data":"Tempest","floor":7,"key":"SMITH"},{"floor":10,"key":"REST"},{"data":"Go for the Eyes","floor":13,"key":"SMITH"},{"floor":15,"key":"REST"}],"neow_cost":"NONE","seed_source_timestamp":439220822398110,"circlet_count":0,"master_deck":["AscendersBane","Strike_B","Strike_B","Strike_B","Strike_B","Defend_B","Defend_B","Defend_B","Defend_B","Zap","Dualcast","Hologram","Tempest+1","Genetic Algorithm","Ball Lightning","Go for the Eyes+1","Biased Cognition","Cold Snap","Sunder"],"relics":["Cracked Core","Pen Nib","Tiny Chest","Strawberry","Mummified Hand"],"potions_floor_usage":[6,12],"damage_taken":[{"damage":1,"enemies":"Cultist","floor":1,"turns":3},{"damage":2,"enemies":"Jaw Worm","floor":3,"turns":3},{"damage":8,"enemies":"2 Louse","floor":5,"turns":3},{"damage":22,"enemies":"Lagavulin","floor":6,"turns":5},{"damage":32,"enemies":"3 Sentries","floor":8,"turns":7},{"damage":4,"enemies":"Blue Slaver","floor":11,"turns":3},{"damage":5,"enemies":"Lagavulin","floor":12,"turns":5},{"damage":0,"enemies":"Looter","floor":14,"turns":2},{"damage":58,"enemies":"Hexaghost","floor":16,"turns":9}],"seed_played":"8486059548983121363","potions_obtained":[{"floor":1,"key":"PowerPotion"},{"floor":2,"key":"GamblersBrew"},{"floor":3,"key":"Strength Potion"},{"floor":12,"key":"SpeedPotion"}],"is_trial":false,"path_per_floor":["M","?","M","$","M","E","R","E","T","R","M","E","R","M","R","B"],"character_chosen":"DEFECT","items_purchased":["Genetic Algorithm"],"campfire_rested":2,"item_purchase_floors":[4],"current_hp_per_floor":[70,70,68,68,60,38,38,6,13,38,34,29,29,29,54,0],"gold":230,"neow_bonus":"TEN_PERCENT_HP_BONUS","is_prod":false,"is_daily":false,"chose_seed":false,"campfire_upgraded":2,"win_rate":0,"timestamp":1546606064,"path_taken":["M","?","M","$","M","E","R","E","T","R","?","E","R","M","R","BOSS"],"build_version":"2019-01-03v3","purchased_purges":0,"victory":false,"max_hp_per_floor":[78,78,78,78,78,78,78,78,85,85,85,85,85,85,85,85],"card_choices":[{"not_picked":["Hello World","Rip and Tear"],"picked":"Hologram","floor":1},{"not_picked":["Hologram","Static Discharge"],"picked":"Tempest","floor":3},{"not_picked":["Static Discharge","Streamline"],"picked":"Ball Lightning","floor":5},{"not_picked":["Leap","Beam Cell"],"picked":"Go for the Eyes","floor":6},{"not_picked":["Turbo","Force Field","Hologram"],"picked":"SKIP","floor":8},{"not_picked":["Compile Driver","Cold Snap"],"picked":"Biased Cognition","floor":11},{"not_picked":["Rebound","Melter"],"picked":"Cold Snap","floor":12},{"not_picked":["Hologram","Static Discharge"],"picked":"Sunder","floor":14}],"player_experience":660926,"relics_obtained":[{"floor":6,"key":"Pen Nib"},{"floor":8,"key":"Tiny Chest"},{"floor":9,"key":"Strawberry"},{"floor":12,"key":"Mummified Hand"}],"event_choices":[{"damage_healed":0,"gold_gain":0,"player_choice":"Bought 1 Potion","damage_taken":0,"max_hp_gain":0,"max_hp_loss":0,"event_name":"The Woman in Blue","floor":2,"gold_loss":0}],"is_beta":false,"boss_relics":[],"items_purged_floors":[],"is_endless":false,"potions_floor_spawned":[1,3,5,12],"killed_by":"Hexaghost","ascension_level":15}