{"gold_per_floor":[118,118,134,153,165,165,192,211,211,211,239,318,318,334,334,410,410,426,426,138,138,38,38,53,80,80,80,24,24,24,38,38,38],"floor_reached":33,"playtime":1836,"items_purged":["Blizzard","Chill"],"score":491,"play_id":"f03110f2-04eb-42e6-bd8b-721d0ec7129c","local_time":"20190105012542","is_ascension_mode":true,"campfire_choices":[{"floor":10,"key":"REST"},{"floor":13,"key":"REST"},{"data":"Zap","floor":15,"key":"SMITH"},{"data":"Biased Cognition","floor":23,"key":"SMITH"},{"data":"Lockon","floor":30,"key":"SMITH"},{"data":"Sunder","floor":32,"key":"SMITH"}],"neow_cost":"NONE","seed_source_timestamp":484214428946196,"circlet_count":0,"master_deck":["AscendersBane","Zap+1","Dualcast","Sweeping Beam","Hologram","Compile Driver+1","Genetic Algorithm","Sunder+1","Conserve Battery","Cold Snap","Steam","Biased Cognition+1","Machine Learning","Conserve Battery","Force Field","Lockon+1","Steam Power","Go for the Eyes","BootSequence","Auto Shields","Doom and Gloom"],"relics":["Cracked Core","Anchor","Potion Belt","Shovel","Bottled Lightning","Pear","Pandora\u0027s Box","Lee\u0027s Waffle","Prayer Wheel","Emotion Chip","Dodecahedron","Dead Branch"],"potions_floor_usage":[8,11,16,16,33],"damage_taken":[{"damage":0,"enemies":"Cultist","floor":1,"turns":3},{"damage":0,"enemies":"Jaw Worm","floor":3,"turns":3},{"damage":0,"enemies":"Small Slimes","floor":4,"turns":3},{"damage":5,"enemies":"Blue Slaver","floor":5,"turns":4},{"damage":20,"enemies":"Gremlin Nob","floor":7,"turns":4},{"damage":1,"enemies":"Exordium Thugs","floor":8,"turns":3},{"damage":29,"enemies":"Lagavulin","floor":11,"turns":8},{"damage":0,"enemies":"Exordium Wildlife","floor":14,"turns":2},{"damage":36,"enemies":"Slime Boss","floor":16,"turns":18},{"damage":25,"enemies":"Shell Parasite","floor":18,"turns":8},{"damage":0,"enemies":"Chosen","floor":24,"turns":3},{"damage":20,"enemies":"Book of Stabbing","floor":25,"turns":5},{"damage":17,"enemies":"Snake Plant","floor":31,"turns":3},{"damage":67,"enemies":"Automaton","floor":33,"turns":6}],"seed_played":"5451058207653594101","potions_obtained":[{"floor":4,"key":"Energy Potion"},{"floor":8,"key":"Ancient Potion"},{"floor":11,"key":"Block Potion"},{"floor":14,"key":"AttackPotion"},{"floor":31,"key":"SteroidPotion"}],"is_trial":false,"path_per_floor":["M","?","M","M","M","?","E","M","T","R","E","T","R","M","R","B",null,"M","?","$","?","$","R","M","E","T","T","$","T","R","M","R","B"],"character_chosen":"DEFECT","items_purchased":["Lee\u0027s Waffle","Fire Potion"],"campfire_rested":2,"item_purchase_floors":[20,28],"current_hp_per_floor":[64,64,64,64,59,38,18,17,17,38,9,19,43,43,43,7,63,38,38,88,88,88,88,88,68,68,68,68,68,68,51,51,0],"gold":38,"neow_bonus":"RANDOM_COMMON_RELIC","is_prod":false,"is_daily":false,"chose_seed":false,"campfire_upgraded":4,"win_rate":0,"timestamp":1546651542,"path_taken":["M","?","M","?","M","?","E","M","T","R","E","?","R","M","R","BOSS","M","?","$","?","$","R","M","E","T","?","$","?","R","M","R","BOSS"],"build_version":"2019-01-03v4","purchased_purges":2,"victory":false,"max_hp_per_floor":[71,71,71,71,71,71,71,71,71,71,71,81,81,81,81,81,81,81,81,88,88,88,88,88,88,88,88,88,88,88,88,88,88],"card_choices":[{"not_picked":["Beam Cell","Reinforced Body"],"picked":"Sweeping Beam","floor":1},{"not_picked":["Redo","Scrape"],"picked":"Hologram","floor":3},{"not_picked":["Gash","Aggregate"],"picked":"Compile Driver","floor":4},{"not_picked":["Go for the Eyes","Streamline"],"picked":"Genetic Algorithm","floor":5},{"not_picked":["Gash","Hello World"],"picked":"Sunder","floor":7},{"not_picked":["Hello World","Multi-Cast"],"picked":"Conserve Battery","floor":8},{"not_picked":["Doom and Gloom","Conserve Battery"],"picked":"Cold Snap","floor":11},{"not_picked":["Self Repair","Coolheaded"],"picked":"Steam","floor":14},{"not_picked":["Meteor Strike","Creative AI"],"picked":"Biased Cognition","floor":16},{"not_picked":["Coolheaded","Steam Power"],"picked":"Go for the Eyes","floor":18},{"not_picked":["Static Discharge","Chill","Beam Cell"],"picked":"SKIP","floor":24},{"not_picked":["Compile Driver","Multi-Cast"],"picked":"BootSequence","floor":25},{"not_picked":["Skim","Go for the Eyes"],"picked":"Auto Shields","floor":31},{"not_picked":["Fusion","Sweeping Beam"],"picked":"Doom and Gloom","floor":31}],"player_experience":687833,"relics_obtained":[{"floor":7,"key":"Potion Belt"},{"floor":9,"key":"Shovel"},{"floor":11,"key":"Bottled Lightning"},{"floor":12,"key":"Pear"},{"floor":25,"key":"Prayer Wheel"},{"floor":26,"key":"Emotion Chip"},{"floor":27,"key":"Dodecahedron"},{"floor":29,"key":"Dead Branch"}],"event_choices":[{"cards_removed":["Strike_B"],"damage_healed":0,"gold_gain":0,"player_choice":"Purged","damage_taken":0,"max_hp_gain":0,"max_hp_loss":0,"event_name":"Purifier","floor":2,"gold_loss":0},{"damage_healed":0,"gold_gain":0,"player_choice":"Entered Light","damage_taken":21,"max_hp_gain":0,"max_hp_loss":0,"event_name":"Shining Light","floor":6,"gold_loss":0,"cards_upgraded":["Defend_B","Compile Driver"]},{"damage_healed":0,"gold_gain":0,"player_choice":"Ignored","damage_taken":0,"max_hp_gain":0,"max_hp_loss":0,"event_name":"Cursed Tome","floor":19,"gold_loss":0},{"damage_healed":0,"gold_gain":0,"player_choice":"Ignored","damage_taken":0,"max_hp_gain":0,"max_hp_loss":0,"event_name":"The Mausoleum","floor":21,"gold_loss":0}],"is_beta":false,"boss_relics":[{"not_picked":["Black Star","Fusion Hammer"],"picked":"Pandora\u0027s Box"}],"items_purged_floors":[20,22],"is_endless":false,"potions_floor_spawned":[4,8,11,14,31],"killed_by":"Automaton","ascension_level":16}