{"gold_per_floor":[117,97,112,124,137,137,151,181,181,208,208,219,6,39,39,111,111,128,138,148,148,148,148,148],"floor_reached":24,"playtime":1749,"items_purged":["Strike_B"],"score":392,"play_id":"8fb4a64d-98e8-40db-ba21-25f8aecb710a","local_time":"20190104222028","is_ascension_mode":true,"campfire_choices":[{"data":"Sunder","floor":6,"key":"SMITH"},{"floor":11,"key":"REST"},{"data":"Consume","floor":15,"key":"SMITH"},{"floor":23,"key":"REST"}],"neow_cost":"NONE","seed_source_timestamp":473188304725789,"circlet_count":0,"master_deck":["AscendersBane","Strike_B","Strike_B","Strike_B","Defend_B","Defend_B","Defend_B","Defend_B","Zap","Dualcast","Ball Lightning","Sunder+1","Consume+1","Core Surge","Undo","Doom and Gloom","Glacier","Genetic Algorithm","Buffer","Conserve Battery","Conserve Battery","Stack","Writhe"],"relics":["Cracked Core","Kunai","Boot","Potion Belt","Sundial","Nuclear Battery","Frozen Egg 2"],"potions_floor_usage":[8,8,10,14,16,16,24],"damage_taken":[{"damage":0,"enemies":"2 Louse","floor":1,"turns":2},{"damage":6,"enemies":"Cultist","floor":3,"turns":3},{"damage":7,"enemies":"Jaw Worm","floor":4,"turns":2},{"damage":12,"enemies":"Looter","floor":5,"turns":3},{"damage":5,"enemies":"2 Fungi Beasts","floor":7,"turns":3},{"damage":26,"enemies":"Lagavulin","floor":8,"turns":7},{"damage":16,"enemies":"Gremlin Nob","floor":10,"turns":3},{"damage":12,"enemies":"3 Louse","floor":12,"turns":3},{"damage":7,"enemies":"Lagavulin","floor":14,"turns":6},{"damage":11,"enemies":"The Guardian","floor":16,"turns":7},{"damage":6,"enemies":"3 Byrds","floor":18,"turns":5},{"damage":0,"enemies":"Chosen","floor":19,"turns":4},{"damage":30,"enemies":"Centurion and Healer","floor":20,"turns":11},{"damage":58,"enemies":"Gremlin Leader","floor":24,"turns":9}],"seed_played":"-265399405668862162","potions_obtained":[{"floor":2,"key":"Strength Potion"},{"floor":5,"key":"Dexterity Potion"},{"floor":7,"key":"Regen Potion"},{"floor":8,"key":"Poison Potion"},{"floor":14,"key":"PowerPotion"},{"floor":18,"key":"Energy Potion"}],"is_trial":false,"path_per_floor":["M","?","M","M","M","R","M","E","T","E","R","M","$","E","R","B",null,"M","M","M","$","?","R","E"],"character_chosen":"DEFECT","items_purchased":["Regen Potion","FearPotion"],"campfire_rested":2,"item_purchase_floors":[13,13],"current_hp_per_floor":[71,71,65,58,46,46,41,30,30,14,37,25,25,33,33,22,64,58,58,28,28,28,51,0],"gold":148,"neow_bonus":"TEN_PERCENT_HP_BONUS","is_prod":false,"is_daily":false,"chose_seed":false,"campfire_upgraded":2,"win_rate":0,"timestamp":1546640428,"path_taken":["M","?","M","?","M","R","M","E","T","E","R","M","$","E","R","BOSS","M","M","M","$","?","R","E"],"build_version":"2019-01-03v4","purchased_purges":1,"victory":false,"max_hp_per_floor":[78,78,78,78,78,78,78,78,78,78,78,78,78,78,78,78,78,78,78,78,78,78,78,78],"card_choices":[{"not_picked":["Go for the Eyes","Steam"],"picked":"Ball Lightning","floor":1},{"not_picked":["Rebound","Reinforced Body"],"picked":"Sunder","floor":3},{"not_picked":["Turbo","Hologram"],"picked":"Consume","floor":4},{"not_picked":["Force Field","Rebound","Turbo"],"picked":"SKIP","floor":5},{"not_picked":["Go for the Eyes","Redo"],"picked":"Core Surge","floor":7},{"not_picked":["Rebound","Heatsinks"],"picked":"Undo","floor":8},{"not_picked":["Sweeping Beam","Gash"],"picked":"Doom and Gloom","floor":10},{"not_picked":["Steam Power","Sweeping Beam"],"picked":"Glacier","floor":12},{"not_picked":["Beam Cell","Reinforced Body"],"picked":"Genetic Algorithm","floor":14},{"not_picked":["Reboot","Electrodynamics"],"picked":"Buffer","floor":16},{"not_picked":["Storm","Chill"],"picked":"Conserve Battery","floor":18},{"not_picked":["FTL","Lockon"],"picked":"Conserve Battery","floor":19},{"not_picked":["Storm+1","Self Repair"],"picked":"Stack","floor":20}],"player_experience":677512,"relics_obtained":[{"floor":8,"key":"Kunai"},{"floor":9,"key":"Boot"},{"floor":10,"key":"Potion Belt"},{"floor":14,"key":"Sundial"}],"event_choices":[{"damage_healed":0,"gold_gain":0,"player_choice":"Bought 1 Potion","damage_taken":0,"max_hp_gain":0,"max_hp_loss":0,"event_name":"The Woman in Blue","floor":2,"gold_loss":0},{"damage_healed":0,"gold_gain":0,"player_choice":"Opened","damage_taken":0,"relics_obtained":["Frozen Egg 2"],"max_hp_gain":0,"max_hp_loss":0,"event_name":"The Mausoleum","floor":22,"gold_loss":0,"cards_obtained":["Writhe"]}],"is_beta":false,"boss_relics":[{"not_picked":["Cursed Key","Calling Bell"],"picked":"Nuclear Battery"}],"items_purged_floors":[13],"is_endless":false,"potions_floor_spawned":[5,7,8,14,18],"killed_by":"Gremlin Leader","ascension_level":16}