{"gold_per_floor":[114,94,112,112,125,125,158,158,181,181,210,1,1,35,35,107,107,119,119,169,85,96,96,111,36,36,36,51,78,78,96,96,173,173,191,210,227,227,227,227,247,265,311,311],"floor_reached":44,"playtime":2828,"items_purged":["Strike_B"],"score":803,"play_id":"7aeca5d4-c859-4c44-9af9-ec44c54539a9","local_time":"20190105114650","is_ascension_mode":true,"campfire_choices":[{"data":"Zap","floor":6,"key":"SMITH"},{"data":"Lockon","floor":8,"key":"SMITH"},{"data":"Sunder","floor":10,"key":"SMITH"},{"floor":13,"key":"REST"},{"data":"Loop","floor":15,"key":"SMITH"},{"data":"Defragment","floor":23,"key":"SMITH"},{"floor":27,"key":"REST"},{"data":"Capacitor","floor":32,"key":"SMITH"},{"data":"Creative AI","floor":40,"key":"SMITH"}],"neow_cost":"NONE","seed_source_timestamp":520489572729549,"circlet_count":0,"master_deck":["AscendersBane","Strike_B+1","Strike_B+1","Defend_B","Defend_B","Defend_B","Defend_B","Zap+1","Dualcast","Sunder+1","Lockon+1","Steam","Genetic Algorithm","Loop+1","Conserve Battery","Cold Snap","Glacier","Electrodynamics","FTL","Defragment+1","Conserve Battery","Chill+1","Sweeping Beam","Capacitor+1","Biased Cognition+1","Leap","Creative AI+1","Glacier","Barrage","Writhe","Ball Lightning","Reinforced Body"],"relics":["Cracked Core","Bag of Marbles","Dream Catcher","Ancient Tea Set","Cables","Whetstone","Nuclear Battery","Shuriken","Potion Belt","Inserter","Omamori"],"potions_floor_usage":[1,16,33,33,33,33,35,41,42,42,44,44],"damage_taken":[{"damage":0,"enemies":"2 Louse","floor":1,"turns":1},{"damage":0,"enemies":"Cultist","floor":3,"turns":2},{"damage":0,"enemies":"Small Slimes","floor":5,"turns":2},{"damage":31,"enemies":"Lagavulin","floor":7,"turns":6},{"damage":9,"enemies":"Gremlin Nob","floor":11,"turns":3},{"damage":10,"enemies":"3 Sentries","floor":14,"turns":5},{"damage":26,"enemies":"Hexaghost","floor":16,"turns":8},{"damage":0,"enemies":"Shell Parasite","floor":18,"turns":4},{"damage":18,"enemies":"2 Thieves","floor":22,"turns":3},{"damage":9,"enemies":"Snake Plant","floor":24,"turns":3},{"damage":0,"enemies":"Centurion and Healer","floor":28,"turns":7},{"damage":17,"enemies":"Gremlin Leader","floor":29,"turns":9},{"damage":0,"enemies":"Chosen and Byrds","floor":31,"turns":4},{"damage":8,"enemies":"Collector","floor":33,"turns":14},{"damage":19,"enemies":"3 Darklings","floor":35,"turns":8},{"damage":0,"enemies":"3 Shapes","floor":36,"turns":2},{"damage":0,"enemies":"Maw","floor":37,"turns":8},{"damage":0,"enemies":"Sphere and 2 Shapes","floor":41,"turns":6},{"damage":56,"enemies":"Transient","floor":42,"turns":5},{"damage":16,"enemies":"Spire Growth","floor":44,"turns":2}],"seed_played":"2149340337254738600","potions_obtained":[{"floor":1,"key":"Fruit Juice"},{"floor":2,"key":"Ancient Potion"},{"floor":14,"key":"AttackPotion"},{"floor":18,"key":"Dexterity Potion"},{"floor":29,"key":"SkillPotion"},{"floor":31,"key":"FearPotion"},{"floor":33,"key":"SkillPotion"},{"floor":35,"key":"EntropicBrew"},{"floor":36,"key":"Swift Potion"}],"is_trial":false,"path_per_floor":["M","?","M","?","M","R","E","R","T","R","E","$","R","E","R","B",null,"M","?","?","$","M","R","M","?","T","R","M","E","?","M","R","B",null,"M","M","M","?","?","R","M","M","T","M"],"character_chosen":"DEFECT","items_purchased":["Conserve Battery","Cold Snap","Fire Potion","Defragment"],"campfire_rested":2,"item_purchase_floors":[12,12,12,21],"current_hp_per_floor":[69,69,69,69,69,69,38,38,38,38,29,29,51,41,41,15,61,61,61,61,61,43,43,34,34,34,56,56,39,39,39,39,31,65,46,46,46,46,61,61,61,5,5,0],"gold":311,"neow_bonus":"RANDOM_COMMON_RELIC","is_prod":false,"is_daily":false,"chose_seed":false,"campfire_upgraded":7,"win_rate":0,"timestamp":1546688810,"path_taken":["M","?","?","?","M","R","E","R","T","R","E","$","R","E","R","BOSS","M","?","?","?","M","R","?","?","T","R","M","E","?","M","R","BOSS","M","M","?","?","?","R","M","M","T","M"],"build_version":"2019-01-03v4","purchased_purges":1,"victory":false,"max_hp_per_floor":[76,76,76,76,76,76,76,76,76,76,76,76,76,76,76,76,76,76,76,76,76,76,76,76,76,76,76,76,76,76,76,76,76,76,76,76,76,76,76,76,76,76,76,76],"card_choices":[{"not_picked":["Steam","Chaos"],"picked":"Sunder","floor":1},{"not_picked":["Barrage","Turbo"],"picked":"Lockon","floor":3},{"not_picked":["Sweeping Beam","Redo"],"picked":"Steam","floor":5},{"not_picked":["Blizzard","Doom and Gloom"],"picked":"Genetic Algorithm","floor":7},{"not_picked":["Meteor Strike","Stack"],"picked":"Loop","floor":11},{"not_picked":["Turbo","Conserve Battery"],"picked":"Glacier","floor":14},{"not_picked":["Reboot","Buffer"],"picked":"Electrodynamics","floor":16},{"not_picked":["Cold Snap+1","Conserve Battery"],"picked":"FTL","floor":18},{"not_picked":["Rip and Tear","Steam Power"],"picked":"Conserve Battery","floor":22},{"not_picked":["Barrage","Steam"],"picked":"Chill+1","floor":24},{"not_picked":["Gash","Beam Cell"],"picked":"Sweeping Beam","floor":27},{"not_picked":["Core Surge","Ball Lightning"],"picked":"Capacitor","floor":28},{"not_picked":["Go for the Eyes","Streamline"],"picked":"Biased Cognition","floor":29},{"not_picked":["Coolheaded","Force Field"],"picked":"Leap","floor":31},{"not_picked":["Hyperbeam","All For One"],"picked":"Creative AI","floor":33},{"not_picked":["Compile Driver","Rebound+1"],"picked":"Glacier","floor":35},{"not_picked":["Beam Cell","Streamline"],"picked":"Barrage","floor":36},{"not_picked":["Self Repair","Gash","Sunder"],"picked":"SKIP","floor":37},{"not_picked":["Rip and Tear+1","Meteor Strike"],"picked":"Ball Lightning","floor":41},{"not_picked":["Streamline","Hologram"],"picked":"Reinforced Body","floor":42}],"player_experience":692303,"relics_obtained":[{"floor":7,"key":"Dream Catcher"},{"floor":9,"key":"Ancient Tea Set"},{"floor":11,"key":"Cables"},{"floor":14,"key":"Whetstone"},{"floor":26,"key":"Shuriken"},{"floor":29,"key":"Potion Belt"},{"floor":43,"key":"Omamori"}],"event_choices":[{"damage_healed":0,"gold_gain":0,"player_choice":"Bought 1 Potion","damage_taken":0,"max_hp_gain":0,"max_hp_loss":0,"event_name":"The Woman in Blue","floor":2,"gold_loss":0},{"damage_healed":0,"gold_gain":0,"player_choice":"Leave","damage_taken":0,"max_hp_gain":0,"max_hp_loss":0,"event_name":"The Cleric","floor":4,"gold_loss":0},{"damage_healed":0,"gold_gain":0,"player_choice":"Ignored","damage_taken":0,"max_hp_gain":0,"max_hp_loss":0,"event_name":"Ghosts","floor":19,"gold_loss":0},{"damage_healed":0,"gold_gain":50,"player_choice":"Stole From Cult","damage_taken":0,"max_hp_gain":0,"max_hp_loss":0,"event_name":"Nest","floor":20,"gold_loss":0},{"cards_removed":["Strike_B"],"damage_healed":0,"gold_gain":0,"player_choice":"Gave Gold","damage_taken":0,"max_hp_gain":0,"max_hp_loss":0,"event_name":"Beggar","floor":25,"gold_loss":75},{"damage_healed":0,"gold_gain":0,"player_choice":"Upgraded","damage_taken":0,"max_hp_gain":0,"max_hp_loss":0,"event_name":"Upgrade Shrine","floor":30,"gold_loss":0,"cards_upgraded":["Biased Cognition"]},{"damage_healed":0,"gold_gain":0,"player_choice":"Ignored","damage_taken":0,"max_hp_gain":0,"max_hp_loss":0,"event_name":"Tomb of Lord Red Mask","floor":38,"gold_loss":0},{"damage_healed":15,"gold_gain":0,"player_choice":"Writhe","damage_taken":0,"max_hp_gain":0,"max_hp_loss":0,"event_name":"Winding Halls","floor":39,"gold_loss":0,"cards_obtained":["Writhe"]}],"is_beta":false,"boss_relics":[{"not_picked":["Black Star","Orrery"],"picked":"Nuclear Battery"},{"not_picked":["Pandora\u0027s Box","Tiny House"],"picked":"Inserter"}],"items_purged_floors":[12],"is_endless":false,"potions_floor_spawned":[1,14,18,28,29,31,33,35,36],"killed_by":"Spire Growth","ascension_level":16}