{"gold_per_floor":[109,126,126,146,71,101,101,126,126,140,150,43,53,71,71,146,196,209,224,37,67,77,77,108,121,176,176],"floor_reached":27,"playtime":2651,"items_purged":["Decay","Strike_B"],"score":445,"play_id":"119a08b5-5395-43b7-a6c8-845e18eb34c0","local_time":"20190104214507","is_ascension_mode":true,"campfire_choices":[{"data":"Zap","floor":7,"key":"SMITH"},{"floor":15,"key":"REST"},{"floor":23,"key":"REST"}],"neow_cost":"NONE","seed_source_timestamp":470163737407169,"circlet_count":0,"master_deck":["AscendersBane","Strike_B","Strike_B","Strike_B","Defend_B","Defend_B","Defend_B","Defend_B","Zap+1","Dualcast","Go for the Eyes","Streamline","Coolheaded","Defragment","Compile Driver","Coolheaded","Defragment","Leap","Steam","Reinforced Body","All For One+1","Hologram","Go for the Eyes","Hologram+1","Ball Lightning","Defragment","Conserve Battery"],"relics":["Cracked Core","Bag of Marbles","Potion Belt","StoneCalendar","Cables","Tiny House","Tiny Chest","Sundial","Anchor"],"potions_floor_usage":[8,13,14,16,19,24,27],"damage_taken":[{"damage":0,"enemies":"Cultist","floor":1,"turns":3},{"damage":0,"enemies":"Small Slimes","floor":2,"turns":2},{"damage":7,"enemies":"Jaw Worm","floor":4,"turns":3},{"damage":12,"enemies":"Gremlin Nob","floor":6,"turns":4},{"damage":15,"enemies":"3 Sentries","floor":8,"turns":7},{"damage":1,"enemies":"2 Fungi Beasts","floor":10,"turns":2},{"damage":14,"enemies":"Exordium Wildlife","floor":11,"turns":3},{"damage":0,"enemies":"Looter","floor":13,"turns":3},{"damage":1,"enemies":"Lots of Slimes","floor":14,"turns":4},{"damage":18,"enemies":"The Guardian","floor":16,"turns":10},{"damage":4,"enemies":"Spheric Guardian","floor":18,"turns":4},{"damage":8,"enemies":"Chosen","floor":19,"turns":6},{"damage":20,"enemies":"Snake Plant","floor":22,"turns":5},{"damage":45,"enemies":"Book of Stabbing","floor":24,"turns":6},{"damage":12,"enemies":"Centurion and Healer","floor":25,"turns":7},{"damage":28,"enemies":"Slavers","floor":27,"turns":2}],"seed_played":"7436153337733519743","potions_obtained":[{"floor":1,"key":"Fire Potion"},{"floor":4,"key":"SteroidPotion"},{"floor":8,"key":"EssenceOfSteel"},{"floor":10,"key":"SkillPotion"},{"floor":11,"key":"Ancient Potion"},{"floor":17,"key":"Regen Potion"},{"floor":22,"key":"FearPotion"}],"is_trial":false,"path_per_floor":["M","M","?","M","$","E","R","E","T","M","M","$","M","M","R","B",null,"M","M","$","?","M","R","E","M","T","E"],"character_chosen":"DEFECT","items_purchased":["Defragment","Leap","Regen Potion"],"campfire_rested":2,"item_purchase_floors":[12,12,20],"current_hp_per_floor":[64,64,64,57,57,45,45,30,30,29,15,15,15,14,35,17,63,59,66,66,66,46,68,38,26,26,0],"gold":176,"neow_bonus":"RANDOM_COMMON_RELIC","is_prod":false,"is_daily":false,"chose_seed":false,"campfire_upgraded":1,"win_rate":0,"timestamp":1546638307,"path_taken":["M","M","?","M","$","E","R","E","T","M","M","?","M","M","R","BOSS","M","?","$","?","M","R","E","M","T","E"],"build_version":"2019-01-03v4","purchased_purges":2,"victory":false,"max_hp_per_floor":[71,71,71,71,71,71,71,71,71,71,71,71,71,71,71,71,76,76,76,76,76,76,76,76,76,76,76],"card_choices":[{"not_picked":["Steam Power","Leap"],"picked":"Go for the Eyes","floor":1},{"not_picked":["Blizzard","Turbo"],"picked":"Streamline","floor":2},{"not_picked":["Scrape","Barrage"],"picked":"Coolheaded","floor":4},{"not_picked":["Compile Driver","Barrage","Redo"],"picked":"SKIP","floor":6},{"not_picked":["Cold Snap","Chill"],"picked":"Defragment","floor":8},{"not_picked":["Stack","Coolheaded"],"picked":"Compile Driver","floor":10},{"not_picked":["Redo","Rip and Tear"],"picked":"Coolheaded","floor":11},{"not_picked":["Go for the Eyes","Creative AI"],"picked":"Steam","floor":13},{"not_picked":["FTL","Gash"],"picked":"Reinforced Body","floor":14},{"not_picked":["Creative AI","Amplify"],"picked":"All For One","floor":16},{"not_picked":["Leap","Heatsinks"],"picked":"Hologram","floor":17},{"not_picked":["Aggregate","Force Field"],"picked":"Go for the Eyes","floor":18},{"not_picked":["Steam","Skim"],"picked":"Hologram+1","floor":19},{"not_picked":["Go for the Eyes","Rebound"],"picked":"Ball Lightning","floor":22},{"not_picked":["Coolheaded","Rebound"],"picked":"Defragment","floor":24},{"not_picked":["Reinforced Body","Steam"],"picked":"Conserve Battery","floor":25}],"player_experience":674517,"relics_obtained":[{"floor":6,"key":"Potion Belt"},{"floor":8,"key":"StoneCalendar"},{"floor":9,"key":"Cables"},{"floor":24,"key":"Sundial"},{"floor":26,"key":"Anchor"}],"event_choices":[{"damage_healed":0,"gold_gain":0,"player_choice":"Cursed","damage_taken":0,"max_hp_gain":0,"max_hp_loss":0,"event_name":"Wheel of Change","floor":3,"gold_loss":0,"cards_obtained":["Decay"]},{"damage_healed":0,"gold_gain":0,"player_choice":"Gave Potion","damage_taken":0,"relics_obtained":["Tiny Chest"],"max_hp_gain":0,"max_hp_loss":0,"event_name":"WeMeetAgain","floor":21,"gold_loss":0}],"is_beta":false,"boss_relics":[{"not_picked":["Pandora\u0027s Box","Snecko Eye"],"picked":"Tiny House"}],"items_purged_floors":[5,20],"is_endless":false,"potions_floor_spawned":[1,4,8,10,11,22],"killed_by":"Slavers","ascension_level":16}