{"gold_per_floor":[109,121,141,141,161,161,188,188,260,45,45,45,73,89,89,161,161,180,49,48,48,48,48,48,380,380,380],"floor_reached":27,"playtime":2634,"items_purged":["Strike_B"],"score":430,"play_id":"7bc877b8-d6b7-40ab-97a5-c742b0f8d9b8","local_time":"20190105105443","is_ascension_mode":true,"campfire_choices":[{"floor":6,"key":"REST"},{"data":"Loop","floor":8,"key":"SMITH"},{"floor":12,"key":"REST"},{"data":"Consume","floor":15,"key":"SMITH"},{"floor":23,"key":"REST"}],"neow_cost":"NONE","seed_source_timestamp":517555930389131,"circlet_count":0,"master_deck":["AscendersBane","Strike_B+1","Strike_B+1","Strike_B+1","Defend_B+1","Defend_B+1","Defend_B+1","Defend_B+1","Zap","Dualcast","Loop+1","Consume+1","Go for the Eyes","Reinforced Body","Stack","Cold Snap","Coolheaded","Electrodynamics","Steam+1"],"relics":["Cracked Core","Dream Catcher","Calipers","Pantograph","DataDisk","Ancient Tea Set","Black Star","MutagenicStrength","Art of War","Old Coin","Bag of Marbles"],"potions_floor_usage":[7,20,25,27],"damage_taken":[{"damage":13,"enemies":"Jaw Worm","floor":1,"turns":4},{"damage":8,"enemies":"2 Louse","floor":2,"turns":3},{"damage":12,"enemies":"Small Slimes","floor":3,"turns":4},{"damage":15,"enemies":"Red Slaver","floor":5,"turns":4},{"damage":17,"enemies":"Gremlin Nob","floor":7,"turns":4},{"damage":11,"enemies":"3 Sentries","floor":13,"turns":9},{"damage":4,"enemies":"Exordium Thugs","floor":14,"turns":5},{"damage":20,"enemies":"The Guardian","floor":16,"turns":17},{"damage":9,"enemies":"Chosen","floor":18,"turns":6},{"damage":16,"enemies":"2 Thieves","floor":20,"turns":4},{"damage":42,"enemies":"Slavers","floor":25,"turns":4},{"damage":18,"enemies":"Gremlin Leader","floor":27,"turns":2}],"seed_played":"-1468646675473868231","potions_obtained":[{"floor":1,"key":"SpeedPotion"},{"floor":5,"key":"Poison Potion"},{"floor":20,"key":"FearPotion"}],"is_trial":false,"path_per_floor":["M","M","M","?","M","R","E","R","T","$","?","R","E","M","R","B",null,"M","$","M","?","?","R","?","E","T","E"],"character_chosen":"DEFECT","items_purchased":["DataDisk","Cold Snap","Block Potion"],"campfire_rested":3,"item_purchase_floors":[10,10,19],"current_hp_per_floor":[51,43,31,31,16,37,20,20,20,20,20,41,30,26,26,31,61,52,52,36,36,36,57,57,15,15,0],"gold":380,"neow_bonus":"RANDOM_COMMON_RELIC","is_prod":false,"is_daily":false,"chose_seed":false,"campfire_upgraded":2,"win_rate":0,"timestamp":1546685683,"path_taken":["M","M","M","?","M","R","E","R","T","$","?","R","E","M","R","BOSS","M","$","M","?","?","R","?","E","T","E"],"build_version":"2019-01-03v4","purchased_purges":1,"victory":false,"max_hp_per_floor":[71,71,71,71,71,71,71,71,71,71,71,71,71,71,71,71,71,71,71,71,71,71,71,71,71,71,71],"card_choices":[{"not_picked":["Coolheaded","Conserve Battery"],"picked":"Loop","floor":1},{"not_picked":["Barrage","Rebound"],"picked":"Consume","floor":2},{"not_picked":["Redo","Rebound"],"picked":"Go for the Eyes","floor":3},{"not_picked":["White Noise","Chaos"],"picked":"Reinforced Body","floor":5},{"not_picked":["Streamline","Barrage"],"picked":"Stack","floor":6},{"not_picked":["Redo","Lockon","Sweeping Beam"],"picked":"SKIP","floor":7},{"not_picked":["Steam","Hologram"],"picked":"Coolheaded","floor":13},{"not_picked":["Beam Cell","Tempest","Lockon"],"picked":"SKIP","floor":14},{"not_picked":["Thunder Strike","Echo Form"],"picked":"Electrodynamics","floor":16},{"not_picked":["Turbo","Hello World","Compile Driver"],"picked":"SKIP","floor":18},{"not_picked":["Turbo","Recycle+1","Beam Cell"],"picked":"SKIP","floor":20},{"not_picked":["Lockon","Cold Snap"],"picked":"Steam+1","floor":25}],"player_experience":689669,"relics_obtained":[{"floor":7,"key":"Calipers"},{"floor":9,"key":"Pantograph"},{"floor":13,"key":"Ancient Tea Set"},{"floor":25,"key":"Art of War"},{"floor":25,"key":"Old Coin"},{"floor":26,"key":"Bag of Marbles"}],"event_choices":[{"damage_healed":0,"gold_gain":0,"player_choice":"Ignored","damage_taken":0,"max_hp_gain":0,"max_hp_loss":0,"event_name":"Liars Game","floor":4,"gold_loss":0},{"damage_healed":0,"gold_gain":0,"player_choice":"Ignored","damage_taken":0,"max_hp_gain":0,"max_hp_loss":0,"event_name":"Shining Light","floor":11,"gold_loss":0},{"damage_healed":0,"gold_gain":0,"player_choice":"Simplicity","damage_taken":0,"max_hp_gain":0,"max_hp_loss":0,"event_name":"Back to Basics","floor":21,"gold_loss":0,"cards_upgraded":["Strike_B","Strike_B","Strike_B","Defend_B","Defend_B","Defend_B","Defend_B"]},{"damage_healed":0,"gold_gain":0,"player_choice":"Inject Mutagens","damage_taken":0,"relics_obtained":["MutagenicStrength"],"max_hp_gain":0,"max_hp_loss":0,"event_name":"Drug Dealer","floor":24,"gold_loss":0}],"is_beta":false,"boss_relics":[{"not_picked":["Busted Crown","Fusion Hammer"],"picked":"Black Star"}],"items_purged_floors":[19],"is_endless":false,"potions_floor_spawned":[1,5,20],"killed_by":"Gremlin Leader","ascension_level":16}