{"gold_per_floor":[115,126,138,138,158,183,183,208,263,263,263,288,302,377,377,448,448,459,477,491,89,89,117,117,136,161,188,188,223,223,251,251,322,322,332,332,32,32,32,32,62,74,109,146,158,182,226,29,29,29],"floor_reached":51,"playtime":3509,"items_purged":["Strike_B","Strike_B+1","Strike_B+1"],"score":1410,"play_id":"5617c125-a09b-4f52-b023-3b7ca4444b13","local_time":"20190104141308","is_ascension_mode":true,"campfire_choices":[{"floor":7.0,"key":"REST"},{"data":"Zap","floor":10.0,"key":"SMITH"},{"floor":15.0,"key":"REST"},{"data":"Apotheosis","floor":24.0,"key":"SMITH"},{"data":"Consume","floor":28.0,"key":"SMITH"},{"floor":32.0,"key":"REST"},{"data":"Glacier","floor":40.0,"key":"SMITH"},{"floor":42.0,"key":"REST"},{"floor":49,"key":"REST"}],"neow_cost":"NONE","seed_source_timestamp":0,"circlet_count":0,"master_deck":["AscendersBane","Defend_B+1","Defend_B+1","Defend_B+1","Defend_B+1","Zap+1","Dualcast","FTL","Ball Lightning","Ball Lightning","Leap","Conserve Battery","Undo","Consume+1","Self Repair","Electrodynamics","Stack","Go for the Eyes","Apotheosis+1","Capacitor","Glacier+1","Echo Form","Seek","Amplify","Seek","Undo","Leap+1","Capacitor","Cold Snap"],"special_seed":0,"relics":["Cracked Core","Strawberry","Mummified Hand","Regal Pillow","Anchor","Velvet Choker","Vajra","Omamori","Question Card","Darkstone Periapt","Symbiotic Virus","Sozu","OrangePellets","Orichalcum","MawBank","Bag of Preparation","Sundial","StoneCalendar"],"potions_floor_usage":[],"damage_taken":[{"damage":0.0,"enemies":"Small Slimes","floor":1.0,"turns":3.0},{"damage":1.0,"enemies":"Cultist","floor":2.0,"turns":3.0},{"damage":2.0,"enemies":"Jaw Worm","floor":3.0,"turns":2.0},{"damage":18.0,"enemies":"Exordium Wildlife","floor":5.0,"turns":4.0},{"damage":26.0,"enemies":"3 Sentries","floor":6.0,"turns":6.0},{"damage":14.0,"enemies":"Lagavulin","floor":8.0,"turns":7.0},{"damage":34.0,"enemies":"Gremlin Nob","floor":12.0,"turns":4.0},{"damage":0.0,"enemies":"Exordium Thugs","floor":13.0,"turns":4.0},{"damage":23.0,"enemies":"Slime Boss","floor":16.0,"turns":8.0},{"damage":13.0,"enemies":"3 Byrds","floor":18.0,"turns":3.0},{"damage":0.0,"enemies":"Chosen","floor":19.0,"turns":4.0},{"damage":29.0,"enemies":"Snecko","floor":20.0,"turns":6.0},{"damage":10.0,"enemies":"Slavers","floor":23.0,"turns":4.0},{"damage":0.0,"enemies":"3 Cultists","floor":25.0,"turns":4.0},{"damage":22.0,"enemies":"Gremlin Leader","floor":27.0,"turns":5.0},{"damage":38.0,"enemies":"Book of Stabbing","floor":29.0,"turns":7.0},{"damage":10.0,"enemies":"Gremlin Leader","floor":31.0,"turns":6.0},{"damage":54.0,"enemies":"Collector","floor":33.0,"turns":10.0},{"damage":3.0,"enemies":"3 Darklings","floor":35.0,"turns":3.0},{"damage":69.0,"enemies":"Reptomancer","floor":41.0,"turns":6.0},{"damage":48.0,"enemies":"Giant Head","floor":44.0,"turns":12.0},{"damage":4,"enemies":"Orb Walker","floor":46,"turns":5},{"damage":7,"enemies":"Reptomancer","floor":47,"turns":7},{"damage":36,"enemies":"Time Eater","floor":50,"turns":16}],"seed_played":"-7898525899864051645","potions_obtained":[{"floor":1.0,"key":"GamblersBrew"},{"floor":2.0,"key":"GamblersBrew"},{"floor":3.0,"key":"SpeedPotion"},{"floor":4.0,"key":"Poison Potion"},{"floor":13.0,"key":"Explosive Potion"},{"floor":23.0,"key":"SpeedPotion"},{"floor":27.0,"key":"Dexterity Potion"}],"is_trial":false,"path_per_floor":["M","M","M","?","M","E","R","E","T","R","?","E","M","?","R","B",null,"M","M","M","$","?","E","R","M","T","E","R","E","?","E","R","B",null,"M","?","$","T","$","R","E","R","T","E","?","M","E","$","R","B",null],"character_chosen":"DEFECT","items_purchased":["Apotheosis","Capacitor","Glacier","OrangePellets","Capacitor","Cold Snap"],"campfire_rested":5,"item_purchase_floors":[21,21,21,37,48,48],"current_hp_per_floor":[71,70,68,68,50,31,56,42,42,42,47,13,13,2,44,28,75,69,76,54,54,72,69,69,79,79,67,67,39,39,49,90,43,78,85,85,85,85,85,85,23,65,65,37,37,43,43,43,85,49],"gold":29,"neow_bonus":"TEN_PERCENT_HP_BONUS","is_prod":false,"is_daily":false,"chose_seed":false,"campfire_upgraded":4,"win_rate":0,"timestamp":1546611188,"path_taken":["M","M","M","?","?","E","R","E","T","R","?","E","M","?","R","BOSS","M","M","M","$","?","E","R","M","T","E","R","E","?","E","R","BOSS","M","?","$","?","$","R","E","R","T","E","?","M","E","?","R","BOSS"],"build_version":"2019-01-03v3","purchased_purges":3,"victory":true,"max_hp_per_floor":[78,78,78,78,78,85,85,85,85,85,90,90,90,90,90,90,90,90,90,90,90,90,90,90,90,90,90,90,90,90,90,90,90,90,90,90,90,90,90,90,90,90,90,90,90,90,90,90,90,90],"card_choices":[{"not_picked":["Hello World","Gash"],"picked":"FTL","floor":1.0},{"not_picked":["Steam","Turbo"],"picked":"Ball Lightning","floor":2.0},{"not_picked":["Redo","Compile Driver"],"picked":"Ball Lightning","floor":3.0},{"not_picked":["Sweeping Beam","Blizzard"],"picked":"Leap","floor":5.0},{"not_picked":["Lockon","Steam Power"],"picked":"Conserve Battery","floor":6.0},{"not_picked":["Steam Power","Meteor Strike"],"picked":"Undo","floor":8.0},{"not_picked":["Turbo","Skim"],"picked":"Consume","floor":12.0},{"not_picked":["Hologram","Leap"],"picked":"Self Repair","floor":13.0},{"not_picked":["Machine Learning","Meteor Strike"],"picked":"Electrodynamics","floor":16.0},{"not_picked":["Steam","Darkness"],"picked":"Stack","floor":18.0},{"not_picked":["BootSequence","Redo+1","Recycle"],"picked":"SKIP","floor":19.0},{"not_picked":["Hologram","Auto Shields"],"picked":"Go for the Eyes","floor":20.0},{"not_picked":["Coolheaded","Stack","Rainbow"],"picked":"SKIP","floor":23.0},{"not_picked":["Coolheaded","Stack","Rainbow"],"picked":"SKIP","floor":23.0},{"not_picked":["Steam Power","Gash","Stack"],"picked":"SKIP","floor":25.0},{"not_picked":["Redo","Gash"],"picked":"Echo Form","floor":27.0},{"not_picked":["Melter","Reinforced Body","Blizzard"],"picked":"Seek","floor":29.0},{"not_picked":["Go for the Eyes","Scrape","Auto Shields"],"picked":"Amplify","floor":31.0},{"not_picked":["Multi-Cast","Meteor Strike","Amplify"],"picked":"Seek","floor":33.0},{"not_picked":["Redo","Recycle","Compile Driver+1","Chaos"],"picked":"SKIP","floor":35.0},{"not_picked":["Hologram","Redo+1","Chill","Reprogram"],"picked":"SKIP","floor":41.0},{"not_picked":["Barrage+1","Streamline+1","Blizzard","Compile Driver+1"],"picked":"SKIP","floor":44.0},{"not_picked":["Compile Driver","Hologram","Double Energy","Sweeping Beam"],"picked":"SKIP","floor":46},{"not_picked":["Double Energy","Stack","Conserve Battery+1"],"picked":"Leap+1","floor":47}],"player_experience":662877,"relics_obtained":[{"floor":6.0,"key":"Strawberry"},{"floor":8.0,"key":"Mummified Hand"},{"floor":9.0,"key":"Regal Pillow"},{"floor":12.0,"key":"Anchor"},{"floor":23.0,"key":"Vajra"},{"floor":26.0,"key":"Omamori"},{"floor":27.0,"key":"Question Card"},{"floor":29.0,"key":"Darkstone Periapt"},{"floor":31.0,"key":"Symbiotic Virus"},{"floor":38.0,"key":"Orichalcum"},{"floor":41.0,"key":"MawBank"},{"floor":43.0,"key":"Bag of Preparation"},{"floor":44.0,"key":"Sundial"},{"floor":47,"key":"StoneCalendar"}],"event_choices":[{"damage_healed":0.0,"max_hp_gain":0.0,"max_hp_loss":0.0,"gold_gain":0.0,"event_name":"Lab","player_choice":"Got Potions","floor":4.0,"gold_loss":0.0,"damage_taken":0.0},{"damage_healed":0.0,"max_hp_gain":5.0,"max_hp_loss":0.0,"gold_gain":0.0,"event_name":"Big Fish","player_choice":"Donut","floor":11.0,"gold_loss":0.0,"damage_taken":0.0},{"damage_healed":0.0,"max_hp_gain":0.0,"max_hp_loss":0.0,"gold_gain":75.0,"event_name":"World of Goop","player_choice":"Gather Gold","floor":14.0,"gold_loss":0.0,"damage_taken":11.0},{"damage_healed":18.0,"max_hp_gain":0.0,"max_hp_loss":0.0,"gold_gain":0.0,"event_name":"The Library","player_choice":"Heal","floor":22.0,"gold_loss":0.0,"damage_taken":0.0},{"damage_healed":0.0,"max_hp_gain":0.0,"max_hp_loss":0.0,"gold_gain":0.0,"event_name":"Back to Basics","player_choice":"Simplicity","floor":30.0,"gold_loss":0.0,"damage_taken":0.0,"cards_upgraded":["Strike_B","Strike_B","Strike_B","Defend_B","Defend_B","Defend_B","Defend_B"]},{"damage_healed":0.0,"max_hp_gain":0.0,"max_hp_loss":0.0,"gold_gain":0.0,"cards_transformed":["Strike_B"],"event_name":"Transmorgrifier","player_choice":"Transformed","floor":36.0,"gold_loss":0.0,"damage_taken":0.0,"cards_obtained":["Undo"]},{"damage_healed":0,"gold_gain":0,"player_choice":"Memory 1","damage_taken":0,"max_hp_gain":0,"max_hp_loss":0,"event_name":"SensoryStone","floor":45,"gold_loss":0}],"is_beta":false,"boss_relics":[{"not_picked":["FrozenCore","Runic Dome"],"picked":"Velvet Choker"},{"not_picked":["White Beast Statue","Orrery"],"picked":"Sozu"}],"items_purged_floors":[21,37,48],"is_endless":false,"potions_floor_spawned":[1,2,3,13,23,25,27,41,44],"ascension_level":15}