{"gold_per_floor":[110,129,144,164,38,38,53,53,53,53,53,85,103,113,113,190,190,203,42,58,58,58,58,89,5,5,32,32,32,44,60,60,60],"floor_reached":33,"playtime":2722,"items_purged":["Strike_B"],"score":517,"play_id":"13a13cbd-00f9-4806-9bb8-be2e9b5e9b29","local_time":"20190105002151","is_ascension_mode":true,"campfire_choices":[{"data":"Zap","floor":6.0,"key":"SMITH"},{"data":"Go for the Eyes","floor":8.0,"key":"SMITH"},{"data":"Conserve Battery","floor":11.0,"key":"SMITH"},{"data":"Consume","floor":15.0,"key":"SMITH"},{"floor":23,"key":"RECALL"},{"floor":29,"key":"REST"},{"floor":32,"key":"REST"}],"neow_cost":"NONE","seed_source_timestamp":479477263857988,"circlet_count":0,"master_deck":["AscendersBane","Strike_B","Strike_B","Strike_B","Defend_B","Defend_B","Defend_B","Defend_B","Zap+1","Dualcast","Blind+1","Compile Driver","Coolheaded","Conserve Battery+1","Go for the Eyes+1","Self Repair","Consume+1","Cold Snap","Core Surge","Capacitor","Sunder","BootSequence","Fission+1"],"special_seed":0,"relics":["Cracked Core","Pantograph","Ornamental Fan","Fusion Hammer","Mercury Hourglass","Nunchaku","Oddly Smooth Stone"],"potions_floor_usage":[16,16,24,24,27,33,33],"damage_taken":[{"damage":12.0,"enemies":"Small Slimes","floor":1.0,"turns":3.0},{"damage":2.0,"enemies":"Cultist","floor":2.0,"turns":4.0},{"damage":10.0,"enemies":"Jaw Worm","floor":3.0,"turns":4.0},{"damage":17.0,"enemies":"Exordium Thugs","floor":4.0,"turns":7.0},{"damage":0.0,"enemies":"Blue Slaver","floor":7.0,"turns":8.0},{"damage":21.0,"enemies":"3 Sentries","floor":12.0,"turns":8.0},{"damage":8.0,"enemies":"Gremlin Gang","floor":13.0,"turns":7.0},{"damage":0.0,"enemies":"Large Slime","floor":14.0,"turns":6.0},{"damage":19,"enemies":"Hexaghost","floor":16,"turns":11},{"damage":2,"enemies":"Shell Parasite","floor":18,"turns":11},{"damage":0,"enemies":"Chosen","floor":20,"turns":4},{"damage":10,"enemies":"Colosseum Slavers","floor":21,"turns":4},{"damage":32,"enemies":"Slavers","floor":24,"turns":8},{"damage":15,"enemies":"Book of Stabbing","floor":27,"turns":6},{"damage":24,"enemies":"Snake Plant","floor":30,"turns":6},{"damage":7,"enemies":"Shelled Parasite and Fungi","floor":31,"turns":7},{"damage":77,"enemies":"Collector","floor":33,"turns":18}],"seed_played":"-4044172189608774903","potions_obtained":[{"floor":1.0,"key":"Poison Potion"},{"floor":12.0,"key":"Poison Potion"},{"floor":16,"key":"Block Potion"},{"floor":18,"key":"Weak Potion"},{"floor":24,"key":"AttackPotion"},{"floor":31,"key":"Dexterity Potion"}],"is_trial":false,"path_per_floor":["M","M","M","M","$","R","M","R","T","?","R","E","M","M","R","B",null,"M","$","M","?","$","R","E","$","T","E","?","R","M","M","R","B"],"character_chosen":"DEFECT","items_purchased":["Regen Potion","Self Repair","Sunder","EssenceOfSteel"],"campfire_rested":2,"item_purchase_floors":[5,5,19,25],"current_hp_per_floor":[52,50,40,23,23,23,45,45,45,45,45,31,30,37,37,50,66,71,71,71,68,68,68,43,43,43,35,35,56,39,39,60,0],"gold":60,"neow_bonus":"RANDOM_COLORLESS","is_prod":false,"is_daily":false,"chose_seed":false,"campfire_upgraded":4,"win_rate":0,"timestamp":1546647711,"path_taken":["M","M","M","M","$","R","M","R","T","?","R","E","M","M","R","BOSS","M","$","?","?","?","R","E","$","T","E","?","R","M","?","R","BOSS"],"build_version":"2019-01-03v4","purchased_purges":1,"victory":false,"max_hp_per_floor":[71,71,71,71,71,71,71,71,71,71,71,71,71,71,71,71,71,71,71,71,71,71,71,71,71,71,71,71,71,71,71,71,71],"card_choices":[{"not_picked":["Turbo","Beam Cell"],"picked":"Compile Driver","floor":1.0},{"not_picked":["Rebound","Redo"],"picked":"Coolheaded","floor":2.0},{"not_picked":["Barrage","Melter"],"picked":"Conserve Battery","floor":3.0},{"not_picked":["Scrape","Barrage"],"picked":"Go for the Eyes","floor":4.0},{"not_picked":["Coolheaded","Chill","Sweeping Beam"],"picked":"SKIP","floor":7.0},{"not_picked":["Cold Snap","Machine Learning"],"picked":"Consume","floor":12.0},{"not_picked":["Compile Driver","Streamline","Turbo"],"picked":"SKIP","floor":13.0},{"not_picked":["Go for the Eyes","Coolheaded"],"picked":"Cold Snap","floor":14.0},{"not_picked":["Echo Form","Rainbow"],"picked":"Core Surge","floor":16},{"not_picked":["Sunder","Beam Cell"],"picked":"Capacitor","floor":18},{"not_picked":["Rip and Tear","Fusion+1"],"picked":"BootSequence","floor":20},{"not_picked":["Scrape","Sweeping Beam","Steam Power"],"picked":"SKIP","floor":24},{"not_picked":["Gash","Compile Driver+1"],"picked":"Fission","floor":27},{"not_picked":["Cold Snap","Gash","Barrage"],"picked":"SKIP","floor":30},{"not_picked":["Recycle","BootSequence","Reprogram"],"picked":"SKIP","floor":31}],"player_experience":683366,"relics_obtained":[{"floor":9.0,"key":"Pantograph"},{"floor":12.0,"key":"Ornamental Fan"},{"floor":24,"key":"Mercury Hourglass"},{"floor":26,"key":"Nunchaku"},{"floor":27,"key":"Oddly Smooth Stone"}],"event_choices":[{"damage_healed":0.0,"max_hp_gain":0.0,"max_hp_loss":0.0,"gold_gain":0.0,"event_name":"Upgrade Shrine","player_choice":"Upgraded","floor":10.0,"gold_loss":0.0,"damage_taken":0.0,"cards_upgraded":["Blind"]},{"damage_healed":0,"gold_gain":0,"player_choice":"Fight","damage_taken":0,"max_hp_gain":0,"max_hp_loss":0,"event_name":"Colosseum","floor":21,"gold_loss":0},{"damage_healed":0,"gold_gain":0,"player_choice":"Fled From Nobs","damage_taken":0,"max_hp_gain":0,"max_hp_loss":0,"event_name":"Colosseum","floor":21,"gold_loss":0},{"damage_healed":0,"gold_gain":0,"player_choice":"Upgraded","damage_taken":0,"max_hp_gain":0,"max_hp_loss":0,"event_name":"Upgrade Shrine","floor":28,"gold_loss":0,"cards_upgraded":["Fission"]}],"is_beta":false,"boss_relics":[{"not_picked":["Orrery","Snecko Eye"],"picked":"Fusion Hammer"}],"items_purged_floors":[19],"is_endless":false,"potions_floor_spawned":[1,12,13,14,16,18,24,31],"killed_by":"Collector","ascension_level":16}