{"gold_per_floor":[112,112,126,137,62,96,96,125,150,150,150,186,198],"floor_reached":13,"playtime":754,"items_purged":[],"score":197,"play_id":"3c2587ec-cb82-4fea-8a7b-a04086f3ab7c","local_time":"20190113181314","is_ascension_mode":true,"campfire_choices":[{"floor":7,"key":"REST"},{"floor":11,"key":"REST"}],"neow_cost":"NONE","seed_source_timestamp":347140728529592,"circlet_count":0,"master_deck":["AscendersBane","Strike_B","Strike_B","Strike_B","Defend_B","Defend_B","Defend_B","Defend_B","Zap","Dualcast","Go for the Eyes","Compile Driver","Reinforced Body","Conserve Battery","Auto Shields","Ball Lightning"],"relics":["Cracked Core","Strawberry","Bronze Scales","PreservedInsect","Golden Idol","MawBank"],"potions_floor_usage":[6,8,8],"damage_taken":[{"damage":9,"enemies":"Jaw Worm","floor":1,"turns":4},{"damage":9,"enemies":"Small Slimes","floor":3,"turns":4},{"damage":0,"enemies":"2 Louse","floor":4,"turns":2},{"damage":50,"enemies":"3 Sentries","floor":6,"turns":12},{"damage":11,"enemies":"Lagavulin","floor":8,"turns":5},{"damage":26,"enemies":"3 Sentries","floor":12,"turns":7},{"damage":10,"enemies":"Exordium Thugs","floor":13,"turns":1}],"seed_played":"-2603467800985374269","potions_obtained":[{"floor":0,"key":"Poison Potion"},{"floor":0,"key":"PowerPotion"},{"floor":3,"key":"Strength Potion"},{"floor":6,"key":"Strength Potion"}],"is_trial":false,"path_per_floor":["M","?","M","M","?","E","R","E","T","?","R","E","M"],"character_chosen":"DEFECT","items_purchased":[],"campfire_rested":2,"item_purchase_floors":[],"current_hp_per_floor":[55,71,62,62,62,19,42,31,31,4,27,1,0],"gold":198,"neow_bonus":"THREE_SMALL_POTIONS","is_prod":false,"is_daily":false,"chose_seed":false,"campfire_upgraded":0,"win_rate":0,"timestamp":1547403194,"path_taken":["M","?","M","M","?","E","R","E","T","?","R","E","M"],"build_version":"2019-01-10","purchased_purges":0,"victory":false,"max_hp_per_floor":[71,71,71,71,71,78,78,78,78,78,78,78,78],"card_choices":[{"not_picked":["Streamline","Coolheaded"],"picked":"Go for the Eyes","floor":1},{"not_picked":["Storm","Stack"],"picked":"Compile Driver","floor":3},{"not_picked":["Steam","Compile Driver"],"picked":"Reinforced Body","floor":4},{"not_picked":["Beam Cell","Redo"],"picked":"Conserve Battery","floor":6},{"not_picked":["Leap","Compile Driver"],"picked":"Auto Shields","floor":8},{"not_picked":["Gash","Streamline"],"picked":"Ball Lightning","floor":12}],"player_experience":850805,"relics_obtained":[{"floor":6,"key":"Strawberry"},{"floor":8,"key":"Bronze Scales"},{"floor":9,"key":"PreservedInsect"},{"floor":12,"key":"MawBank"}],"event_choices":[{"damage_healed":23,"gold_gain":0,"player_choice":"Banana","damage_taken":0,"max_hp_gain":0,"max_hp_loss":0,"event_name":"Big Fish","floor":2,"gold_loss":0},{"cards_removed":["Strike_B"],"damage_healed":0,"gold_gain":0,"player_choice":"Card Removal","damage_taken":0,"max_hp_gain":0,"max_hp_loss":0,"event_name":"The Cleric","floor":5,"gold_loss":75},{"damage_healed":0,"gold_gain":0,"player_choice":"Take Damage","damage_taken":27,"relics_obtained":["Golden Idol"],"max_hp_gain":0,"max_hp_loss":0,"event_name":"Golden Idol","floor":10,"gold_loss":0}],"is_beta":false,"boss_relics":[],"items_purged_floors":[],"is_endless":false,"potions_floor_spawned":[1,3,6],"killed_by":"Exordium Thugs","ascension_level":19}