{"gold_per_floor":[117,0,0,17,17,44,44,59,59,78,78,26,26,42,42,116,116,129,129,139,151,23,23,58,75,75,75,75,20,31,56,56,133,133,145,165,181,181,27,27,59,59,59,59,59,79,99,113,113,113],"floor_reached":51,"playtime":5263,"items_purged":["Strike_B","Strike_B"],"score":1402,"play_id":"83d7cb9b-bc24-49f3-b869-2703f033c148","local_time":"20190113205830","is_ascension_mode":true,"campfire_choices":[{"data":"Defragment","floor":7,"key":"SMITH"},{"data":"Consume","floor":13,"key":"SMITH"},{"floor":15,"key":"REST"},{"floor":23,"key":"REST"},{"floor":28,"key":"REST"},{"floor":32,"key":"REST"},{"data":"Buffer","floor":40,"key":"SMITH"},{"floor":42,"key":"REST"},{"floor":44,"key":"REST"},{"floor":49,"key":"REST"}],"neow_cost":"NONE","seed_source_timestamp":352528855632389,"circlet_count":0,"master_deck":["AscendersBane","Strike_B+1","Defend_B","Defend_B","Defend_B","Defend_B","Zap","Dualcast","Undo","Compile Driver+1","Defragment+1","Glacier","Ball Lightning","Sweeping Beam","Consume+1","Echo Form","Leap","Defragment+1","Electrodynamics","Glacier","Defragment","Compile Driver+1","Sweeping Beam+1","Glacier","Hyperbeam+1","Buffer+1","Biased Cognition","Hologram","Go for the Eyes+1","Skim","Sunder+1","Ball Lightning+1","Stack+1"],"relics":["Cracked Core","Kunai","Molten Egg 2","Snecko Eye","Whetstone","Question Card","Boot","Sozu","Nunchaku","Cables"],"potions_floor_usage":[6,11,16,24,33,50,50],"damage_taken":[{"damage":6,"enemies":"Cultist","floor":1,"turns":5},{"damage":2,"enemies":"2 Louse","floor":4,"turns":3},{"damage":11,"enemies":"3 Sentries","floor":6,"turns":9},{"damage":1,"enemies":"Jaw Worm","floor":8,"turns":4},{"damage":7,"enemies":"Exordium Thugs","floor":10,"turns":5},{"damage":7,"enemies":"Lots of Slimes","floor":11,"turns":2},{"damage":7,"enemies":"3 Louse","floor":14,"turns":5},{"damage":28,"enemies":"The Guardian","floor":16,"turns":13},{"damage":0,"enemies":"3 Byrds","floor":18,"turns":3},{"damage":0,"enemies":"Chosen","floor":20,"turns":6},{"damage":24,"enemies":"Centurion and Healer","floor":21,"turns":4},{"damage":26,"enemies":"Book of Stabbing","floor":24,"turns":6},{"damage":6,"enemies":"Cultist and Chosen","floor":25,"turns":3},{"damage":9,"enemies":"Snake Plant","floor":30,"turns":4},{"damage":18,"enemies":"Gremlin Leader","floor":31,"turns":5},{"damage":0,"enemies":"Collector","floor":33,"turns":10},{"damage":22,"enemies":"3 Darklings","floor":35,"turns":4},{"damage":0,"enemies":"Orb Walker","floor":36,"turns":3},{"damage":20,"enemies":"Maw","floor":37,"turns":8},{"damage":56,"enemies":"Reptomancer","floor":41,"turns":5},{"damage":8,"enemies":"Writhing Mass","floor":46,"turns":8},{"damage":0,"enemies":"Sphere and 2 Shapes","floor":47,"turns":4},{"damage":0,"enemies":"4 Shapes","floor":48,"turns":4},{"damage":23,"enemies":"Awakened One","floor":50,"turns":16}],"seed_played":"3213894433479737947","potions_obtained":[{"floor":1,"key":"EssenceOfSteel"},{"floor":4,"key":"SmokeBomb"},{"floor":14,"key":"GamblersBrew"},{"floor":16,"key":"FearPotion"},{"floor":21,"key":"FearPotion"},{"floor":33,"key":"SteroidPotion"}],"is_trial":false,"path_per_floor":["M","$","?","M","$","E","R","M","T","M","M","$","R","M","R","B",null,"M","?","M","M","$","R","E","M","T","$","R","$","M","E","R","B",null,"M","M","M","?","$","R","E","R","T","R","?","M","M","M","R","B",null],"character_chosen":"DEFECT","items_purchased":["Defragment","Glacier","Leap","Sweeping Beam+1","Fire Potion","Go for the Eyes+1"],"campfire_rested":7,"item_purchase_floors":[2,2,12,22,29,39],"current_hp_per_floor":[58,58,48,46,46,35,35,34,34,27,20,20,20,13,34,6,55,55,55,55,31,31,52,26,20,20,20,41,41,32,14,35,35,62,40,40,20,58,58,58,2,19,19,36,36,28,28,28,45,22],"gold":113,"neow_bonus":"TRANSFORM_CARD","is_prod":false,"is_daily":false,"chose_seed":false,"campfire_upgraded":3,"win_rate":0,"timestamp":1547413110,"path_taken":["M","?","?","M","$","E","R","?","T","M","M","$","R","M","R","BOSS","M","?","M","M","?","R","E","?","T","$","R","$","M","E","R","BOSS","M","M","M","?","$","R","E","R","T","R","?","?","M","M","R","BOSS"],"build_version":"2019-01-10","purchased_purges":2,"victory":true,"max_hp_per_floor":[71,71,71,71,71,71,71,71,71,71,71,71,71,71,71,71,71,71,71,71,71,71,71,71,71,71,71,71,71,71,71,71,71,71,71,71,71,58,58,58,58,58,58,58,58,58,58,58,58,58],"card_choices":[{"not_picked":["Sweeping Beam","Storm"],"picked":"Compile Driver","floor":1},{"not_picked":["Leap","Gash"],"picked":"Ball Lightning","floor":4},{"not_picked":["Steam","Scrape"],"picked":"Sweeping Beam","floor":6},{"not_picked":["Doom and Gloom","Stack"],"picked":"Consume","floor":8},{"not_picked":["White Noise","Redo"],"picked":"Echo Form","floor":10},{"not_picked":["BootSequence","Blizzard+1"],"picked":"Defragment","floor":14},{"not_picked":["Machine Learning","Fission"],"picked":"Electrodynamics","floor":16},{"not_picked":["Fusion","Turbo"],"picked":"Glacier","floor":18},{"not_picked":["Double Energy","FTL+1"],"picked":"Defragment","floor":20},{"not_picked":["Reinforced Body","Melter+1"],"picked":"Compile Driver+1","floor":21},{"not_picked":["Genetic Algorithm","Sweeping Beam+1","Gash+1"],"picked":"SKIP","floor":24},{"not_picked":["Barrage+1","Coolheaded"],"picked":"Glacier","floor":25},{"not_picked":["Turbo","Rip and Tear+1","Redo+1"],"picked":"Hyperbeam+1","floor":30},{"not_picked":["Beam Cell+1","Coolheaded","Compile Driver+1"],"picked":"Buffer","floor":31},{"not_picked":["Buffer","Hyperbeam+1","Amplify"],"picked":"Biased Cognition","floor":33},{"not_picked":["Compile Driver+1","Storm","Stack"],"picked":"Hologram","floor":35},{"not_picked":["Force Field","Coolheaded","Aggregate","Cold Snap+1"],"picked":"SKIP","floor":36},{"not_picked":["Multi-Cast","Barrage+1","Static Discharge","Go for the Eyes+1"],"picked":"SKIP","floor":37},{"not_picked":["Streamline+1","Sweeping Beam+1","Heatsinks"],"picked":"Skim","floor":41},{"not_picked":["Genetic Algorithm","Conserve Battery","Skim"],"picked":"Sunder+1","floor":46},{"not_picked":["Compile Driver+1","Stack","Hologram"],"picked":"Ball Lightning+1","floor":47},{"not_picked":["Melter+1","Streamline+1","Undo"],"picked":"Stack+1","floor":48}],"player_experience":854596,"relics_obtained":[{"floor":6,"key":"Kunai"},{"floor":9,"key":"Molten Egg 2"},{"floor":24,"key":"Whetstone"},{"floor":26,"key":"Question Card"},{"floor":31,"key":"Boot"},{"floor":41,"key":"Nunchaku"},{"floor":43,"key":"Cables"}],"event_choices":[{"damage_healed":0,"gold_gain":0,"player_choice":"Damaged","damage_taken":10,"max_hp_gain":0,"max_hp_loss":0,"event_name":"Wheel of Change","floor":3,"gold_loss":0},{"damage_healed":0,"gold_gain":0,"player_choice":"Forge","damage_taken":0,"max_hp_gain":0,"max_hp_loss":0,"event_name":"Accursed Blacksmith","floor":19,"gold_loss":0,"cards_upgraded":["Defragment"]},{"damage_healed":58,"gold_gain":0,"player_choice":"Heal","damage_taken":0,"max_hp_gain":0,"max_hp_loss":13,"event_name":"The Moai Head","floor":38,"gold_loss":0},{"damage_healed":0,"gold_gain":0,"player_choice":"Got Potions","damage_taken":0,"max_hp_gain":0,"max_hp_loss":0,"event_name":"Lab","floor":45,"gold_loss":0}],"is_beta":false,"boss_relics":[{"not_picked":["Philosopher\u0027s Stone","Runic Pyramid"],"picked":"Snecko Eye"},{"not_picked":["Pandora\u0027s Box","Black Star"],"picked":"Sozu"}],"items_purged_floors":[22,39],"is_endless":false,"potions_floor_spawned":[1,4,14,16,21,30,33,36,37,47],"ascension_level":19}