{"gold_per_floor":[117,31,31,48,68,68,99,99,99,99,114,114,147,171,171,265,265,286,286,310,325,325,356,356,400,400,418,418,418,418,442,442,442],"floor_reached":33,"playtime":1617,"items_purged":[],"score":590,"play_id":"d10c0553-9cd1-46aa-946c-71bef843ead3","local_time":"20190127001148","is_ascension_mode":true,"campfire_choices":[{"data":"Sunder","floor":6,"key":"SMITH"},{"data":"Static Discharge","floor":10,"key":"SMITH"},{"data":"Go for the Eyes","floor":15,"key":"SMITH"},{"floor":24,"key":"REST"},{"floor":28,"key":"REST"},{"floor":30,"key":"REST"},{"floor":32,"key":"REST"}],"neow_cost":"NONE","seed_source_timestamp":1491000674451873,"circlet_count":0,"master_deck":["AscendersBane","Strike_B","Strike_B","Defend_B","Defend_B","Defend_B","Defend_B","Zap+1","Dualcast","Go for the Eyes+1","Sunder+1","Cold Snap","Static Discharge+1","Fission","Compile Driver","Sweeping Beam","Leap","Biased Cognition","Glacier","Electrodynamics","Double Energy","Ball Lightning+1","Glacier+1","Shame","Coolheaded","BootSequence"],"relics":["Cracked Core","Mercury Hourglass","Happy Flower","Pantograph","Golden Idol","Bottled Lightning","Cursed Key","Gremlin Horn","Dream Catcher","Blue Candle","Nilry\u0027s Codex"],"potions_floor_usage":[23,25],"damage_taken":[{"damage":1,"enemies":"Small Slimes","floor":1,"turns":3},{"damage":1,"enemies":"Cultist","floor":4,"turns":3},{"damage":0,"enemies":"2 Louse","floor":5,"turns":1},{"damage":18,"enemies":"3 Sentries","floor":7,"turns":4},{"damage":0,"enemies":"2 Fungi Beasts","floor":11,"turns":2},{"damage":9,"enemies":"Gremlin Nob","floor":13,"turns":3},{"damage":7,"enemies":"Looter","floor":14,"turns":3},{"damage":36,"enemies":"Hexaghost","floor":16,"turns":5},{"damage":11,"enemies":"2 Thieves","floor":18,"turns":3},{"damage":0,"enemies":"Chosen","floor":20,"turns":3},{"damage":14,"enemies":"Centurion and Healer","floor":21,"turns":5},{"damage":3,"enemies":"Book of Stabbing","floor":23,"turns":4},{"damage":28,"enemies":"Gremlin Leader","floor":25,"turns":3},{"damage":1,"enemies":"Sentry and Sphere","floor":27,"turns":2},{"damage":3,"enemies":"Snecko","floor":31,"turns":4},{"damage":94,"enemies":"Automaton","floor":33,"turns":12}],"seed_played":"-3691223934572336590","potions_obtained":[{"floor":1,"key":"Poison Potion"},{"floor":7,"key":"Swift Potion"},{"floor":13,"key":"SpeedPotion"},{"floor":20,"key":"Explosive Potion"},{"floor":23,"key":"Weak Potion"}],"is_trial":false,"path_per_floor":["M","$","?","M","M","R","E","?","T","R","M","?","E","M","R","B",null,"M","?","M","M","?","E","R","E","T","M","R","?","R","M","R","B"],"character_chosen":"DEFECT","items_purchased":["Sunder"],"campfire_rested":4,"item_purchase_floors":[2],"current_hp_per_floor":[70,70,70,69,69,69,51,51,51,51,51,51,42,35,35,24,59,48,48,48,34,34,31,52,24,24,23,44,23,44,41,62,0],"gold":442,"neow_bonus":"TEN_PERCENT_HP_BONUS","is_prod":false,"is_daily":false,"chose_seed":false,"campfire_upgraded":3,"win_rate":0,"timestamp":1548547908,"path_taken":["M","$","?","M","?","R","E","?","T","R","M","?","E","M","R","BOSS","M","?","M","M","?","E","R","E","T","?","R","?","R","M","R","BOSS"],"build_version":"2019-01-23","purchased_purges":0,"victory":false,"max_hp_per_floor":[78,78,78,78,78,78,78,78,78,78,78,71,71,71,71,71,71,71,71,71,71,71,71,71,71,71,71,71,71,71,71,71,71],"card_choices":[{"not_picked":["Tempest","Steam"],"picked":"Go for the Eyes","floor":1},{"not_picked":["Steam Power","Sweeping Beam"],"picked":"Cold Snap","floor":4},{"not_picked":["Skim","Beam Cell"],"picked":"Static Discharge","floor":5},{"not_picked":["Skim","Go for the Eyes"],"picked":"Fission","floor":7},{"not_picked":["Hologram","Rebound"],"picked":"Compile Driver","floor":11},{"not_picked":["Rebound","Hello World"],"picked":"Sweeping Beam","floor":13},{"not_picked":["Redo","Coolheaded"],"picked":"Leap","floor":14},{"not_picked":["All For One","Rainbow"],"picked":"Biased Cognition","floor":16},{"not_picked":["Heatsinks","Gash"],"picked":"Glacier","floor":18},{"not_picked":["Leap+1","Recycle"],"picked":"Ball Lightning+1","floor":20},{"not_picked":["Sweeping Beam+1","Compile Driver+1"],"picked":"Glacier+1","floor":21},{"not_picked":["Redo","Cold Snap","Consume+1"],"picked":"SKIP","floor":23},{"not_picked":["Sweeping Beam+1","Steam","Rip and Tear+1"],"picked":"SKIP","floor":25},{"not_picked":["Glacier+1","Sweeping Beam","Streamline"],"picked":"SKIP","floor":27},{"not_picked":["FTL","Gash"],"picked":"Coolheaded","floor":28},{"not_picked":["Leap","Meteor Strike","Sweeping Beam"],"picked":"SKIP","floor":31},{"not_picked":["Conserve Battery","FTL"],"picked":"BootSequence","floor":32}],"player_experience":1015446,"relics_obtained":[{"floor":7,"key":"Happy Flower"},{"floor":9,"key":"Pantograph"},{"floor":13,"key":"Bottled Lightning"},{"floor":23,"key":"Gremlin Horn"},{"floor":25,"key":"Dream Catcher"},{"floor":26,"key":"Blue Candle"},{"floor":29,"key":"Nilry\u0027s Codex"}],"event_choices":[{"damage_healed":0,"gold_gain":0,"player_choice":"Gave Potion","damage_taken":0,"relics_obtained":["Mercury Hourglass"],"max_hp_gain":0,"max_hp_loss":0,"event_name":"WeMeetAgain","floor":3,"gold_loss":0},{"damage_healed":0,"gold_gain":0,"player_choice":"Grow","damage_taken":0,"max_hp_gain":0,"max_hp_loss":0,"event_name":"Living Wall","floor":8,"gold_loss":0,"cards_upgraded":["Zap"]},{"damage_healed":0,"gold_gain":0,"player_choice":"Lose Max HP","damage_taken":0,"relics_obtained":["Golden Idol"],"max_hp_gain":0,"max_hp_loss":7,"event_name":"Golden Idol","floor":12,"gold_loss":0},{"damage_healed":0,"gold_gain":0,"cards_transformed":["Strike_B","Strike_B"],"player_choice":"Became Test Subject","damage_taken":0,"max_hp_gain":0,"max_hp_loss":0,"event_name":"Drug Dealer","floor":19,"gold_loss":0,"cards_obtained":["Electrodynamics","Double Energy"]},{"damage_healed":0,"gold_gain":0,"player_choice":"Ignored","damage_taken":0,"max_hp_gain":0,"max_hp_loss":0,"event_name":"N\u0027loth","floor":22,"gold_loss":0},{"damage_healed":0,"gold_gain":0,"player_choice":"Obtained Book","damage_taken":21,"max_hp_gain":0,"max_hp_loss":0,"event_name":"Cursed Tome","floor":29,"gold_loss":0}],"is_beta":false,"boss_relics":[{"not_picked":["White Beast Statue","Ectoplasm"],"picked":"Cursed Key"}],"items_purged_floors":[],"is_endless":false,"potions_floor_spawned":[1,7,13,16,20,23],"killed_by":"Automaton","ascension_level":20}