{"gold_per_floor":[214,226,239,64,44,73,83,118,118,118,133,153,153,153,153,224,224,239,84,104,154,166,166,183,183,183,194,194,214,214,249,249,249],"floor_reached":33,"playtime":1433,"items_purged":["Strike_B","Regret"],"score":658,"play_id":"cd5410fb-26cb-41d5-9766-0ead0ea4da8f","local_time":"20190127093650","is_ascension_mode":true,"campfire_choices":[{"floor":10,"key":"REST"},{"data":"Zap","floor":13,"key":"SMITH"},{"floor":15,"key":"REST"},{"floor":23,"key":"REST"},{"data":"Biased Cognition","floor":28,"key":"SMITH"},{"data":"Machine Learning","floor":30,"key":"SMITH"},{"floor":32,"key":"REST"}],"neow_cost":"NONE","seed_source_timestamp":1525089080771844,"circlet_count":0,"master_deck":["AscendersBane","Strike_B","Strike_B","Strike_B","Defend_B","Defend_B","Defend_B","Defend_B","Zap+1","Dualcast","Barrage+1","Chaos","Ball Lightning","Ball Lightning+1","Conserve Battery","Compile Driver","Biased Cognition+1","Machine Learning+1","Ball Lightning+1","Reinforced Body+1","Sweeping Beam+1","Hologram+1","Go for the Eyes","Conserve Battery","Coolheaded"],"relics":["Cracked Core","Whetstone","Bag of Marbles","Meat on the Bone","Lizard Tail","Art of War","Dead Branch"],"potions_floor_usage":[6,7,8,22,31,31],"damage_taken":[{"damage":4,"enemies":"Small Slimes","floor":1,"turns":4},{"damage":7,"enemies":"Cultist","floor":2,"turns":4},{"damage":1,"enemies":"2 Louse","floor":3,"turns":3},{"damage":18,"enemies":"3 Sentries","floor":6,"turns":6},{"damage":24,"enemies":"Gremlin Gang","floor":7,"turns":4},{"damage":5,"enemies":"Gremlin Nob","floor":8,"turns":3},{"damage":13,"enemies":"Exordium Thugs","floor":11,"turns":3},{"damage":0,"enemies":"2 Fungi Beasts","floor":12,"turns":2},{"damage":2,"enemies":"Slime Boss","floor":16,"turns":6},{"damage":37,"enemies":"Shell Parasite","floor":18,"turns":4},{"damage":28,"enemies":"2 Thieves","floor":20,"turns":3},{"damage":39,"enemies":"Shelled Parasite and Fungi","floor":22,"turns":5},{"damage":32,"enemies":"Sentry and Sphere","floor":24,"turns":5},{"damage":25,"enemies":"Snake Plant","floor":27,"turns":3},{"damage":9,"enemies":"3 Cultists","floor":29,"turns":4},{"damage":42,"enemies":"Book of Stabbing","floor":31,"turns":4},{"damage":87,"enemies":"Automaton","floor":33,"turns":6}],"seed_played":"-1747111158194891637","potions_obtained":[{"floor":2,"key":"EssenceOfSteel"},{"floor":3,"key":"PowerPotion"},{"floor":5,"key":"LiquidBronze"},{"floor":6,"key":"Dexterity Potion"},{"floor":24,"key":"Block Potion"},{"floor":29,"key":"PowerPotion"}],"is_trial":false,"path_per_floor":["M","M","M","$","?","E","M","E","T","R","M","M","R","?","R","B",null,"M","$","M","?","M","R","M","?","T","M","R","M","R","E","R","B"],"character_chosen":"DEFECT","items_purchased":["Ball Lightning","Conserve Battery","Poison Potion"],"campfire_rested":4,"item_purchase_floors":[4,4,19],"current_hp_per_floor":[60,53,52,52,52,34,10,5,5,26,25,37,37,37,58,56,67,42,42,26,26,40,61,41,55,55,42,42,45,45,15,36,0],"gold":249,"neow_bonus":"HUNDRED_GOLD","is_prod":false,"is_daily":false,"chose_seed":false,"campfire_upgraded":3,"win_rate":0,"timestamp":1548581810,"path_taken":["M","M","M","$","?","E","M","E","T","R","M","?","R","?","R","BOSS","M","$","?","?","M","R","M","?","T","M","R","M","R","E","R","BOSS"],"build_version":"2019-01-23","purchased_purges":2,"victory":false,"max_hp_per_floor":[71,71,71,71,71,71,71,71,71,71,71,71,71,71,71,71,71,71,71,71,71,71,71,71,71,71,71,71,71,71,71,71,71],"card_choices":[{"not_picked":["Streamline","Undo"],"picked":"Barrage","floor":1},{"not_picked":["Streamline","Barrage"],"picked":"Chaos","floor":2},{"not_picked":["Aggregate","Beam Cell"],"picked":"Ball Lightning","floor":3},{"not_picked":["Steam","Stack","Chaos"],"picked":"SKIP","floor":6},{"not_picked":["Ball Lightning","Rebound"],"picked":"Compile Driver","floor":7},{"not_picked":["Cold Snap","Fusion"],"picked":"Biased Cognition","floor":8},{"not_picked":["Fusion","Streamline","Gash"],"picked":"SKIP","floor":11},{"not_picked":["Fusion","Streamline","Lockon"],"picked":"SKIP","floor":12},{"not_picked":["Thunder Strike","Amplify"],"picked":"Machine Learning","floor":16},{"not_picked":["Streamline","Rebound"],"picked":"Ball Lightning+1","floor":18},{"not_picked":["Beam Cell","Capacitor"],"picked":"Reinforced Body+1","floor":20},{"not_picked":["Loop","Cold Snap"],"picked":"Sweeping Beam+1","floor":22},{"not_picked":["Static Discharge","Turbo"],"picked":"Hologram+1","floor":24},{"not_picked":["Rebound","Sweeping Beam"],"picked":"Go for the Eyes","floor":27},{"not_picked":["Stack","Hyperbeam"],"picked":"Conserve Battery","floor":29},{"not_picked":["Compile Driver","Conserve Battery"],"picked":"Coolheaded","floor":31}],"player_experience":1020148,"relics_obtained":[{"floor":6,"key":"Whetstone"},{"floor":8,"key":"Bag of Marbles"},{"floor":9,"key":"Meat on the Bone"},{"floor":26,"key":"Art of War"},{"floor":31,"key":"Dead Branch"}],"event_choices":[{"damage_healed":0,"gold_gain":0,"player_choice":"Bought 1 Potion","damage_taken":0,"max_hp_gain":0,"max_hp_loss":0,"event_name":"The Woman in Blue","floor":5,"gold_loss":0},{"damage_healed":0,"gold_gain":0,"player_choice":"1 cards matched","damage_taken":0,"max_hp_gain":0,"max_hp_loss":0,"event_name":"Match and Keep!","floor":14,"gold_loss":0,"cards_obtained":["Regret"]},{"damage_healed":0,"gold_gain":50,"player_choice":"Stole From Cult","damage_taken":0,"max_hp_gain":0,"max_hp_loss":0,"event_name":"Nest","floor":21,"gold_loss":0},{"damage_healed":14,"gold_gain":0,"player_choice":"Heal","damage_taken":0,"max_hp_gain":0,"max_hp_loss":0,"event_name":"The Library","floor":25,"gold_loss":0}],"is_beta":false,"boss_relics":[{"not_picked":["Snecko Eye","Runic Pyramid"],"picked":"Lizard Tail"}],"items_purged_floors":[4,19],"is_endless":false,"potions_floor_spawned":[2,3,6,24,29],"killed_by":"Automaton","ascension_level":20}