{"gold_per_floor":[116,127,277,58,68,68,87,87,87,118,118,118,130,37,37,111,111,126,141,154,28,40,40,40],"floor_reached":24,"playtime":1173,"items_purged":["Doubt"],"score":496,"play_id":"fb0c13e4-ae4e-4e49-9094-c972bfc052c3","local_time":"20190129205333","is_ascension_mode":true,"campfire_choices":[{"data":"Zap","floor":6,"key":"SMITH"},{"data":"Buffer","floor":8,"key":"SMITH"},{"data":"Darkness","floor":12,"key":"SMITH"},{"floor":15,"key":"REST"},{"floor":23,"key":"REST"}],"neow_cost":"PERCENT_DAMAGE","seed_source_timestamp":1738753033642593,"circlet_count":0,"master_deck":["AscendersBane","Strike_B","Defend_B","Defend_B","Defend_B","Defend_B","Zap+1","Dualcast","Sweeping Beam","Buffer+1","Darkness+1","Cold Snap","Leap","Compile Driver","Biased Cognition","BootSequence+1","Hologram","Self Repair","Coolheaded+1"],"relics":["Cracked Core","The Courier","Matryoshka","Empty Cage","Oddly Smooth Stone"],"potions_floor_usage":[10,16,18,20,22,22],"damage_taken":[{"damage":0,"enemies":"Cultist","floor":1,"turns":3},{"damage":0,"enemies":"2 Louse","floor":2,"turns":3},{"damage":0,"enemies":"Small Slimes","floor":5,"turns":3},{"damage":9,"enemies":"3 Louse","floor":7,"turns":4},{"damage":15,"enemies":"3 Sentries","floor":10,"turns":6},{"damage":0,"enemies":"2 Fungi Beasts","floor":13,"turns":3},{"damage":0,"enemies":"Slime Boss","floor":16,"turns":8},{"damage":13,"enemies":"3 Byrds","floor":18,"turns":4},{"damage":0,"enemies":"Chosen","floor":19,"turns":5},{"damage":22,"enemies":"Shelled Parasite and Fungi","floor":20,"turns":5},{"damage":33,"enemies":"Cultist and Chosen","floor":22,"turns":5},{"damage":48,"enemies":"Gremlin Leader","floor":24,"turns":5}],"seed_played":"-1582241809673600944","potions_obtained":[{"floor":10,"key":"SkillPotion"},{"floor":13,"key":"Weak Potion"},{"floor":16,"key":"AttackPotion"},{"floor":19,"key":"Energy Potion"},{"floor":20,"key":"Poison Potion"},{"floor":22,"key":"SmokeBomb"}],"is_trial":false,"path_per_floor":["M","M","?","$","M","R","M","R","T","E","?","R","M","$","R","B",null,"M","M","M","$","M","R","E"],"character_chosen":"DEFECT","items_purchased":["Buffer","PowerPotion","Leap","Compile Driver","Oddly Smooth Stone"],"campfire_rested":2,"item_purchase_floors":[4,4,14,14,21],"current_hp_per_floor":[60,60,60,60,60,60,51,51,51,36,36,36,36,36,61,61,79,66,66,44,44,18,43,0],"gold":40,"neow_bonus":"TWENTY_PERCENT_HP_BONUS","is_prod":false,"is_daily":false,"chose_seed":false,"campfire_upgraded":3,"win_rate":0,"timestamp":1548795213,"path_taken":["M","?","?","$","M","R","M","R","T","E","?","R","M","$","R","BOSS","M","M","M","$","?","R","E"],"build_version":"2019-01-23","purchased_purges":1,"victory":false,"max_hp_per_floor":[85,85,85,85,85,85,85,85,85,85,85,85,85,85,85,85,85,85,85,85,85,85,85,85],"card_choices":[{"not_picked":["Gash","Barrage","Hologram"],"picked":"SKIP","floor":1},{"not_picked":["Blizzard","Stack"],"picked":"Sweeping Beam","floor":2},{"not_picked":["Barrage","Fusion","Lockon"],"picked":"SKIP","floor":5},{"not_picked":["Heatsinks","BootSequence"],"picked":"Darkness","floor":7},{"not_picked":["Fusion","Beam Cell","Rip and Tear"],"picked":"SKIP","floor":10},{"not_picked":["Compile Driver","Steam"],"picked":"Cold Snap","floor":13},{"not_picked":["Core Surge","Rainbow"],"picked":"Biased Cognition","floor":16},{"not_picked":["Lockon","Turbo+1"],"picked":"BootSequence+1","floor":18},{"not_picked":["Rebound","Leap"],"picked":"Hologram","floor":19},{"not_picked":["Compile Driver","Doom and Gloom"],"picked":"Self Repair","floor":20},{"not_picked":["Barrage","Beam Cell"],"picked":"Coolheaded+1","floor":22}],"player_experience":1049940,"relics_obtained":[{"floor":9,"key":"The Courier"},{"floor":10,"key":"Matryoshka"}],"event_choices":[{"damage_healed":0,"gold_gain":150,"player_choice":"AGREE","damage_taken":0,"max_hp_gain":0,"max_hp_loss":0,"event_name":"Liars Game","floor":3,"gold_loss":0,"cards_obtained":["Doubt"]},{"cards_removed":["Strike_B"],"damage_healed":0,"gold_gain":0,"player_choice":"Card Removal","damage_taken":0,"max_hp_gain":0,"max_hp_loss":0,"event_name":"Wheel of Change","floor":11,"gold_loss":0}],"is_beta":false,"boss_relics":[{"not_picked":["Calling Bell","White Beast Statue"],"picked":"Empty Cage"}],"items_purged_floors":[4],"is_endless":false,"potions_floor_spawned":[10,13,16,19,20,22],"killed_by":"Gremlin Leader","ascension_level":20}