{"gold_per_floor":[117,117,18,31,31,31,42,75,155,166,166,166,166,178,178,255,255,272,197,197,197,197,197,222,232,232,258,258,258,229,246,246,323,323,340,340,358,38,57,57,67,67,91,91,117,134,147,147,147,147,147],"floor_reached":51,"playtime":3878,"items_purged":["Strike_B"],"score":1376,"play_id":"153cdaf2-b918-4885-9816-9d970f06b84a","local_time":"20190127134523","is_ascension_mode":true,"campfire_choices":[{"data":"Zap","floor":6,"key":"SMITH"},{"floor":11,"key":"REST"},{"data":"Defragment","floor":13,"key":"SMITH"},{"data":"Compile Driver","floor":15,"key":"SMITH"},{"data":"Capacitor","floor":23,"key":"SMITH"},{"floor":29,"key":"REST"},{"floor":32,"key":"REST"},{"data":"Hyperbeam","floor":40,"key":"SMITH"},{"data":"Electrodynamics","floor":42,"key":"SMITH"},{"floor":44,"key":"REST"},{"data":"Barrage","floor":49,"key":"SMITH"}],"neow_cost":"NONE","seed_source_timestamp":1537554099287591,"circlet_count":0,"master_deck":["AscendersBane","Strike_B+1","Strike_B+1","Defend_B+1","Defend_B+1","Defend_B+1","Defend_B+1","Zap+1","Dualcast","Aggregate","Coolheaded+1","Rip and Tear","Defragment+1","Cold Snap","Glacier","Self Repair","Compile Driver+1","Electrodynamics+1","Capacitor+1","Writhe","Ball Lightning","Stack+1","Necronomicurse","Ball Lightning","Barrage+1","Hyperbeam+1","Capacitor+1","Chill","Barrage+1","Echo Form","Leap+1","Leap+1","Doubt"],"relics":["Cracked Core","Orichalcum","Pen Nib","Mercury Hourglass","Letter Opener","Nuclear Battery","Bronze Scales","Question Card","Pear","Bottled Flame","Blue Candle","Necronomicon","Lizard Tail","War Paint","Bag of Marbles","Shuriken"],"potions_floor_usage":[8,8,27,33,41,41,45,47,50],"damage_taken":[{"damage":0,"enemies":"2 Louse","floor":1,"turns":1},{"damage":2,"enemies":"Small Slimes","floor":4,"turns":4},{"damage":0,"enemies":"Jaw Worm","floor":7,"turns":2},{"damage":8,"enemies":"Lagavulin","floor":8,"turns":4},{"damage":0,"enemies":"Large Slime","floor":10,"turns":5},{"damage":0,"enemies":"Looter","floor":14,"turns":3},{"damage":24,"enemies":"Hexaghost","floor":16,"turns":12},{"damage":2,"enemies":"Shell Parasite","floor":18,"turns":5},{"damage":18,"enemies":"Gremlin Leader","floor":24,"turns":6},{"damage":2,"enemies":"3 Byrds","floor":25,"turns":2},{"damage":16,"enemies":"Book of Stabbing","floor":27,"turns":4},{"damage":22,"enemies":"Shelled Parasite and Fungi","floor":31,"turns":4},{"damage":39,"enemies":"Automaton","floor":33,"turns":10},{"damage":8,"enemies":"3 Shapes","floor":35,"turns":5},{"damage":0,"enemies":"3 Darklings","floor":37,"turns":1},{"damage":11,"enemies":"Writhing Mass","floor":39,"turns":8},{"damage":19,"enemies":"Transient","floor":41,"turns":6},{"damage":65,"enemies":"Giant Head","floor":45,"turns":8},{"damage":27,"enemies":"Maw","floor":46,"turns":7},{"damage":24,"enemies":"4 Shapes","floor":47,"turns":3},{"damage":31,"enemies":"Donu and Deca","floor":50,"turns":10},{"damage":65,"enemies":"Awakened One","floor":51,"turns":5}],"seed_played":"-6235174648295720663","potions_obtained":[{"floor":1,"key":"SteroidPotion"},{"floor":18,"key":"EssenceOfSteel"},{"floor":24,"key":"Energy Potion"},{"floor":31,"key":"Swift Potion"},{"floor":39,"key":"AttackPotion"},{"floor":41,"key":"EssenceOfSteel"},{"floor":46,"key":"Explosive Potion"},{"floor":47,"key":"Dexterity Potion"}],"is_trial":false,"path_per_floor":["M","?","$","M","?","R","M","E","T","M","R","T","R","M","R","B",null,"M","$","?","?","T","R","E","M","T","E","?","R","$","M","R","B",null,"M","$","M","$","M","R","M","R","T","R","E","M","M","?","R","B","B"],"character_chosen":"DEFECT","items_purchased":["Rip and Tear","FearPotion","Ball Lightning","War Paint","Chill","Regen Potion"],"campfire_rested":4,"item_purchase_floors":[3,3,30,38,38,38],"current_hp_per_floor":[64,43,43,41,23,23,23,15,15,15,36,36,36,43,43,26,60,65,65,65,65,65,65,64,62,62,53,32,56,56,34,58,26,67,66,66,66,66,55,55,51,51,51,75,17,39,15,81,81,64,0],"gold":147,"neow_bonus":"TRANSFORM_CARD","is_prod":false,"is_daily":false,"chose_seed":false,"campfire_upgraded":7,"win_rate":0,"timestamp":1548596723,"path_taken":["M","?","$","M","?","R","M","E","T","M","R","?","R","M","R","BOSS","M","$","?","?","?","R","E","M","T","E","?","R","$","M","R","BOSS","M","$","M","$","M","R","M","R","T","R","E","M","M","?","R","BOSS","BOSS"],"build_version":"2019-01-23","purchased_purges":1,"victory":false,"max_hp_per_floor":[71,71,71,71,71,71,71,71,71,71,71,71,71,71,71,71,71,71,71,71,71,71,71,81,81,81,81,81,81,81,81,81,81,81,81,81,81,81,81,81,81,81,81,81,81,81,81,81,81,81,81],"card_choices":[{"not_picked":["Streamline","Steam"],"picked":"Coolheaded","floor":1},{"not_picked":["Redo","Consume"],"picked":"Defragment","floor":4},{"not_picked":["Coolheaded","Turbo"],"picked":"Cold Snap","floor":7},{"not_picked":["Redo","Steam"],"picked":"Glacier","floor":8},{"not_picked":["Meteor Strike","Hologram"],"picked":"Self Repair","floor":10},{"not_picked":["Barrage","Coolheaded"],"picked":"Compile Driver","floor":14},{"not_picked":["Seek","Core Surge"],"picked":"Electrodynamics","floor":16},{"not_picked":["Reprogram","Beam Cell"],"picked":"Capacitor","floor":18},{"not_picked":["FTL","Hello World","Skim"],"picked":"Ball Lightning","floor":24},{"not_picked":["Rebound","Gash","Hologram","Melter"],"picked":"SKIP","floor":25},{"not_picked":["Darkness","Turbo","Doom and Gloom"],"picked":"Stack","floor":27},{"not_picked":["Sweeping Beam","Stack","Gash"],"picked":"Barrage","floor":31},{"not_picked":["Fission","Machine Learning","Seek"],"picked":"Hyperbeam","floor":33},{"not_picked":["Hologram","Conserve Battery","Fusion","Steam"],"picked":"SKIP","floor":35},{"not_picked":["Cold Snap","Compile Driver+1","Recycle"],"picked":"Capacitor+1","floor":37},{"not_picked":["Coolheaded","Steam","Rebound+1","Ball Lightning"],"picked":"SKIP","floor":39},{"not_picked":["Force Field","Doom and Gloom","Streamline"],"picked":"Barrage+1","floor":41},{"not_picked":["FTL","Hologram","Skim"],"picked":"Echo Form","floor":45},{"not_picked":["Self Repair","Redo","Recycle+1"],"picked":"Leap+1","floor":46},{"not_picked":["Chaos+1","Ball Lightning+1","Cold Snap"],"picked":"Leap+1","floor":47}],"player_experience":1021581,"relics_obtained":[{"floor":8,"key":"Pen Nib"},{"floor":9,"key":"Mercury Hourglass"},{"floor":12,"key":"Letter Opener"},{"floor":22,"key":"Question Card"},{"floor":24,"key":"Pear"},{"floor":26,"key":"Bottled Flame"},{"floor":27,"key":"Blue Candle"},{"floor":28,"key":"Necronomicon"},{"floor":43,"key":"Bag of Marbles"},{"floor":45,"key":"Shuriken"}],"event_choices":[{"damage_healed":0,"gold_gain":0,"player_choice":"Entered Light","damage_taken":21,"max_hp_gain":0,"max_hp_loss":0,"event_name":"Shining Light","floor":2,"gold_loss":0,"cards_upgraded":["Defend_B","Defend_B"]},{"damage_healed":0,"gold_gain":0,"player_choice":"Success","damage_taken":18,"relics_obtained":["Orichalcum"],"max_hp_gain":0,"max_hp_loss":0,"event_name":"Scrap Ooze","floor":5,"gold_loss":0},{"damage_healed":0,"gold_gain":0,"player_choice":"Simplicity","damage_taken":0,"max_hp_gain":0,"max_hp_loss":0,"event_name":"Back to Basics","floor":20,"gold_loss":0,"cards_upgraded":["Strike_B","Strike_B","Defend_B","Defend_B"]},{"damage_healed":0,"gold_gain":0,"player_choice":"Opened","damage_taken":0,"relics_obtained":["Bronze Scales"],"max_hp_gain":0,"max_hp_loss":0,"event_name":"The Mausoleum","floor":21,"gold_loss":0,"cards_obtained":["Writhe"]},{"damage_healed":0,"gold_gain":0,"player_choice":"Obtained Book","damage_taken":21,"max_hp_gain":0,"max_hp_loss":0,"event_name":"Cursed Tome","floor":28,"gold_loss":0},{"damage_healed":66,"gold_gain":0,"player_choice":"Heal","damage_taken":0,"max_hp_gain":0,"max_hp_loss":0,"event_name":"MindBloom","floor":48,"gold_loss":0,"cards_obtained":["Doubt"]}],"is_beta":false,"boss_relics":[{"not_picked":["Coffee Dripper","Astrolabe"],"picked":"Nuclear Battery"},{"not_picked":["Runic Dome","Tiny House"],"picked":"Lizard Tail"}],"items_purged_floors":[19],"is_endless":false,"potions_floor_spawned":[1,7,18,24,31,39,41,46,47],"killed_by":"Awakened One","ascension_level":20}