{"gold_per_floor":[112,131,52,52,64,64,80,80,80,108,108,108,123,48,48,125,125,143,156,156,156,156,156,156],"floor_reached":24,"playtime":1314,"items_purged":["Strike_B"],"score":538,"play_id":"30ae6c77-509e-47d3-ad4c-a3c0a38365e9","local_time":"20190127091236","is_ascension_mode":true,"campfire_choices":[{"data":"Zap","floor":6,"key":"SMITH"},{"data":"Go for the Eyes","floor":8,"key":"SMITH"},{"data":"Sweeping Beam","floor":11,"key":"SMITH"},{"data":"Defragment","floor":15,"key":"SMITH"},{"data":"Buffer","floor":23,"key":"SMITH"}],"neow_cost":"NONE","seed_source_timestamp":1523752792137107,"circlet_count":0,"master_deck":["AscendersBane","Defend_B","Defend_B","Defend_B","Defend_B","Zap+1","Dualcast","Defragment+1","Coolheaded","Go for the Eyes+1","Ball Lightning","Cold Snap","Undo","Sweeping Beam+1","Buffer+1","Leap","BootSequence","Defragment","Skim"],"relics":["Cracked Core","Happy Flower","Centennial Puzzle","Symbiotic Virus","Velvet Choker"],"potions_floor_usage":[10,16,24],"damage_taken":[{"damage":3,"enemies":"2 Louse","floor":1,"turns":3},{"damage":0,"enemies":"Cultist","floor":2,"turns":3},{"damage":2,"enemies":"Small Slimes","floor":5,"turns":4},{"damage":15,"enemies":"3 Louse","floor":7,"turns":3},{"damage":0,"enemies":"Gremlin Nob","floor":10,"turns":3},{"damage":3,"enemies":"Large Slime","floor":13,"turns":4},{"damage":0,"enemies":"Slime Boss","floor":16,"turns":8},{"damage":14,"enemies":"3 Byrds","floor":18,"turns":4},{"damage":3,"enemies":"Chosen","floor":19,"turns":5},{"damage":0,"enemies":"Colosseum Slavers","floor":22,"turns":5},{"damage":47,"enemies":"Slavers","floor":24,"turns":3}],"seed_played":"39461154550283584","potions_obtained":[{"floor":1,"key":"Poison Potion"},{"floor":10,"key":"SneckoOil"},{"floor":13,"key":"Poison Potion"},{"floor":16,"key":"EssenceOfSteel"},{"floor":18,"key":"Energy Potion"}],"is_trial":false,"path_per_floor":["M","M","$","?","M","R","M","R","T","E","R","?","M","$","R","B",null,"M","M","?","$","?","R","E"],"character_chosen":"DEFECT","items_purchased":["Go for the Eyes","Ball Lightning"],"campfire_rested":0,"item_purchase_floors":[3,3],"current_hp_per_floor":[61,61,61,61,59,59,44,44,44,44,44,44,41,41,41,41,64,50,47,47,47,47,47,0],"gold":156,"neow_bonus":"RANDOM_COMMON_RELIC","is_prod":false,"is_daily":false,"chose_seed":false,"campfire_upgraded":5,"win_rate":0,"timestamp":1548580356,"path_taken":["M","M","$","?","?","R","M","R","T","E","R","?","?","$","R","BOSS","M","M","?","$","?","R","E"],"build_version":"2019-01-23","purchased_purges":1,"victory":false,"max_hp_per_floor":[71,71,71,71,71,71,71,71,71,71,71,71,71,71,71,71,71,71,71,71,71,71,71,71],"card_choices":[{"not_picked":["Streamline","Steam Power"],"picked":"Defragment","floor":1},{"not_picked":["Turbo","Hologram"],"picked":"Coolheaded","floor":2},{"not_picked":["Tempest","Beam Cell"],"picked":"Cold Snap","floor":5},{"not_picked":["Barrage","Streamline"],"picked":"Undo","floor":7},{"not_picked":["Loop","Steam"],"picked":"Sweeping Beam","floor":10},{"not_picked":["Doom and Gloom","Rebound","Steam"],"picked":"SKIP","floor":13},{"not_picked":["All For One","Reboot"],"picked":"Buffer","floor":16},{"not_picked":["Beam Cell","Doom and Gloom"],"picked":"Leap","floor":18},{"not_picked":["Double Energy","Doom and Gloom"],"picked":"BootSequence","floor":19}],"player_experience":1018834,"relics_obtained":[{"floor":9,"key":"Centennial Puzzle"},{"floor":10,"key":"Symbiotic Virus"}],"event_choices":[{"cards_removed":["Strike_B"],"damage_healed":0,"gold_gain":0,"player_choice":"Card Removal","damage_taken":0,"max_hp_gain":0,"max_hp_loss":0,"event_name":"Wheel of Change","floor":4,"gold_loss":0},{"damage_healed":0,"gold_gain":0,"player_choice":"0 cards matched","damage_taken":0,"max_hp_gain":0,"max_hp_loss":0,"event_name":"Match and Keep!","floor":12,"gold_loss":0,"cards_obtained":[]},{"damage_healed":0,"gold_gain":0,"cards_transformed":["Strike_B","Strike_B"],"player_choice":"Became Test Subject","damage_taken":0,"max_hp_gain":0,"max_hp_loss":0,"event_name":"Drug Dealer","floor":20,"gold_loss":0,"cards_obtained":["Defragment","Skim"]},{"damage_healed":0,"gold_gain":0,"player_choice":"Fight","damage_taken":0,"max_hp_gain":0,"max_hp_loss":0,"event_name":"Colosseum","floor":22,"gold_loss":0},{"damage_healed":0,"gold_gain":0,"player_choice":"Fled From Nobs","damage_taken":0,"max_hp_gain":0,"max_hp_loss":0,"event_name":"Colosseum","floor":22,"gold_loss":0}],"is_beta":false,"boss_relics":[{"not_picked":["Lizard Tail","Orrery"],"picked":"Velvet Choker"}],"items_purged_floors":[14],"is_endless":false,"potions_floor_spawned":[1,10,13,16,18,22],"killed_by":"Slavers","ascension_level":20}