{"gold_per_floor":[115,115,56,56,76,76,101,117,117,148,148,181,256,256,256,256],"floor_reached":16,"playtime":587,"items_purged":[],"score":216,"play_id":"49157d95-f832-43e0-92a8-13fded77ea1e","local_time":"20190125225021","is_ascension_mode":true,"campfire_choices":[{"floor":6,"key":"REST"},{"floor":15,"key":"REST"}],"neow_cost":"NONE","seed_source_timestamp":1400744711377938,"circlet_count":0,"master_deck":["AscendersBane","Strike_B","Strike_B","Strike_B+1","Strike_B+1","Defend_B","Defend_B","Defend_B","Defend_B","Zap","Dualcast","Conserve Battery","Compile Driver","Pain","Genetic Algorithm","Self Repair","Defragment","Chill"],"relics":["Cracked Core","Golden Idol","WarpedTongs","Art of War","Cables","Darkstone Periapt","Whetstone"],"potions_floor_usage":[1,10,10],"damage_taken":[{"damage":14,"enemies":"Small Slimes","floor":1,"turns":4},{"damage":8,"enemies":"Cultist","floor":5,"turns":5},{"damage":0,"enemies":"2 Louse","floor":7,"turns":1},{"damage":14,"enemies":"Looter","floor":8,"turns":4},{"damage":4,"enemies":"3 Sentries","floor":10,"turns":5},{"damage":36,"enemies":"Gremlin Nob","floor":12,"turns":4},{"damage":52,"enemies":"The Guardian","floor":16,"turns":10}],"seed_played":"-8277849037927819248","potions_obtained":[{"floor":0,"key":"Fruit Juice"},{"floor":0,"key":"Dexterity Potion"},{"floor":1,"key":"AttackPotion"}],"is_trial":false,"path_per_floor":["M","?","$","?","M","R","M","M","T","E","?","E","?","?","R","B"],"character_chosen":"DEFECT","items_purchased":["Compile Driver"],"campfire_rested":2,"item_purchase_floors":[3],"current_hp_per_floor":[55,55,55,55,47,67,67,60,60,56,45,19,8,31,51,0],"gold":256,"neow_bonus":"THREE_SMALL_POTIONS","is_prod":false,"is_daily":false,"chose_seed":false,"campfire_upgraded":0,"win_rate":0,"timestamp":1548456621,"path_taken":["M","?","$","?","M","R","M","?","T","E","?","E","?","?","R","BOSS"],"build_version":"2019-01-23","purchased_purges":0,"victory":false,"max_hp_per_floor":[76,69,69,69,69,69,69,69,69,69,69,69,69,69,69,69],"card_choices":[{"not_picked":["Streamline","Double Energy"],"picked":"Conserve Battery","floor":1},{"not_picked":["Beam Cell","Go for the Eyes"],"picked":"Genetic Algorithm","floor":5},{"not_picked":["Sweeping Beam","Barrage"],"picked":"Self Repair","floor":7},{"not_picked":["Gash","Hologram"],"picked":"Defragment","floor":8},{"not_picked":["Multi-Cast","Gash","Streamline"],"picked":"SKIP","floor":10},{"not_picked":["Redo","Streamline"],"picked":"Chill","floor":12}],"player_experience":996971,"relics_obtained":[{"floor":9,"key":"Art of War"},{"floor":10,"key":"Cables"},{"floor":12,"key":"Whetstone"}],"event_choices":[{"damage_healed":0,"gold_gain":0,"player_choice":"Lose Max HP","damage_taken":0,"relics_obtained":["Golden Idol"],"max_hp_gain":0,"max_hp_loss":7,"event_name":"Golden Idol","floor":2,"gold_loss":0},{"damage_healed":0,"gold_gain":0,"player_choice":"Rummage","damage_taken":0,"relics_obtained":["WarpedTongs"],"max_hp_gain":0,"max_hp_loss":0,"event_name":"Accursed Blacksmith","floor":4,"gold_loss":0,"cards_obtained":["Pain"]},{"damage_healed":0,"gold_gain":0,"player_choice":"Success","damage_taken":11,"relics_obtained":["Darkstone Periapt"],"max_hp_gain":0,"max_hp_loss":0,"event_name":"Scrap Ooze","floor":11,"gold_loss":0},{"damage_healed":0,"gold_gain":75,"player_choice":"Gather Gold","damage_taken":11,"max_hp_gain":0,"max_hp_loss":0,"event_name":"World of Goop","floor":13,"gold_loss":0},{"damage_healed":23,"gold_gain":0,"player_choice":"Banana","damage_taken":0,"max_hp_gain":0,"max_hp_loss":0,"event_name":"Big Fish","floor":14,"gold_loss":0}],"is_beta":false,"boss_relics":[],"items_purged_floors":[],"is_endless":false,"potions_floor_spawned":[1,8],"killed_by":"The Guardian","ascension_level":20}