{"gold_per_floor":[359,284,302,302,321,321,37,70,97,97,115,147,147,18,18,89,89,105,105],"floor_reached":19,"playtime":1395,"items_purged":["Regret","Parasite"],"score":350,"play_id":"75ec9b43-65dd-434c-9363-5e5cf286111c","local_time":"20190126132839","is_ascension_mode":true,"campfire_choices":[{"data":"Sweeping Beam","floor":6,"key":"SMITH"},{"floor":10,"key":"REST"},{"floor":15,"key":"REST"}],"neow_cost":"CURSE","seed_source_timestamp":1452634914339122,"circlet_count":0,"master_deck":["AscendersBane","Strike_B","Strike_B","Strike_B","Strike_B","Defend_B","Defend_B","Defend_B","Defend_B","Zap+1","Dualcast","Coolheaded","Sweeping Beam+1","White Noise","Storm","Machine Learning","Ball Lightning","Echo Form","BootSequence"],"relics":["Cracked Core","Mummified Hand","Ancient Tea Set","Juzu Bracelet","Meat on the Bone","Inserter"],"potions_floor_usage":[8,12,19],"damage_taken":[{"damage":6,"enemies":"Jaw Worm","floor":1,"turns":4},{"damage":0,"enemies":"Small Slimes","floor":3,"turns":2},{"damage":4,"enemies":"2 Louse","floor":5,"turns":3},{"damage":13,"enemies":"3 Sentries","floor":8,"turns":6},{"damage":4,"enemies":"Looter","floor":11,"turns":3},{"damage":50,"enemies":"Gremlin Nob","floor":12,"turns":4},{"damage":36,"enemies":"Slime Boss","floor":16,"turns":7},{"damage":43,"enemies":"Shell Parasite","floor":18,"turns":6},{"damage":26,"enemies":"Spheric Guardian","floor":19,"turns":4}],"seed_played":"-2106852227510472814","potions_obtained":[{"floor":1,"key":"FearPotion"},{"floor":3,"key":"PowerPotion"},{"floor":12,"key":"Energy Potion"}],"is_trial":false,"path_per_floor":["M","$","M","?","M","R","$","E","T","R","M","E","?","$","R","B",null,"M","M"],"character_chosen":"DEFECT","items_purchased":["Mummified Hand","Ball Lightning"],"campfire_rested":2,"item_purchase_floors":[7,14],"current_hp_per_floor":[58,58,58,58,54,54,54,41,41,62,58,8,25,25,45,21,56,25,0],"gold":105,"neow_bonus":"TWO_FIFTY_GOLD","is_prod":false,"is_daily":false,"chose_seed":false,"campfire_upgraded":1,"win_rate":0,"timestamp":1548509319,"path_taken":["M","$","M","?","M","R","$","E","T","R","M","E","?","$","R","BOSS","M","M"],"build_version":"2019-01-23","purchased_purges":2,"victory":false,"max_hp_per_floor":[71,71,71,71,71,71,71,71,71,71,71,71,71,68,68,68,68,68,68],"card_choices":[{"not_picked":["Stack","Aggregate","Chill"],"picked":"SKIP","floor":1},{"not_picked":["Stack","Hologram"],"picked":"Coolheaded","floor":3},{"not_picked":["Fusion","Consume"],"picked":"Sweeping Beam","floor":5},{"not_picked":["Redo","Fission"],"picked":"White Noise","floor":8},{"not_picked":["Sweeping Beam","Redo"],"picked":"Storm","floor":11},{"not_picked":["Self Repair","Tempest"],"picked":"Machine Learning","floor":12},{"not_picked":["Hyperbeam","Rainbow"],"picked":"Echo Form","floor":16},{"not_picked":["Coolheaded","Hologram"],"picked":"BootSequence","floor":18}],"player_experience":1008483,"relics_obtained":[{"floor":8,"key":"Ancient Tea Set"},{"floor":9,"key":"Juzu Bracelet"},{"floor":12,"key":"Meat on the Bone"}],"event_choices":[{"damage_healed":0,"gold_gain":0,"player_choice":"Grow","damage_taken":0,"max_hp_gain":0,"max_hp_loss":0,"event_name":"Living Wall","floor":4,"gold_loss":0,"cards_upgraded":["Zap"]},{"damage_healed":17,"gold_gain":0,"player_choice":"Healed and dodged fight","damage_taken":0,"max_hp_gain":0,"max_hp_loss":0,"event_name":"Mushrooms","floor":13,"gold_loss":0,"cards_obtained":["Parasite"]}],"is_beta":false,"boss_relics":[{"not_picked":["Pandora\u0027s Box","Runic Pyramid"],"picked":"Inserter"}],"items_purged_floors":[2,14],"is_endless":false,"potions_floor_spawned":[1,3,12],"killed_by":"Spheric Guardian","ascension_level":20}