{"gold_per_floor":[117,133,48,48,48,11,11,43,66,80,107,31,47,59,59,133,133,149,162,0,0,0,0,0,0,0,0,15,0,0],"floor_reached":30,"playtime":1064,"items_purged":[],"score":522,"play_id":"a1916a50-ef72-461a-8291-34cd4c68f1af","local_time":"20190129230517","is_ascension_mode":true,"campfire_choices":[{"data":"Zap","floor":7,"key":"SMITH"},{"floor":15,"key":"REST"},{"floor":23,"key":"REST"},{"data":"Defragment","floor":25,"key":"SMITH"},{"data":"Fission","floor":27,"key":"SMITH"}],"neow_cost":"NONE","seed_source_timestamp":1746766700385112,"circlet_count":0,"master_deck":["AscendersBane","Strike_B","Strike_B","Defend_B","Defend_B","Defend_B","Defend_B","Zap+1","Dualcast","Defragment+1","Genetic Algorithm","Capacitor","Self Repair","Gash","Electrodynamics","Cold Snap+1","Go for the Eyes+1","Barrage+1","Fission+1","Sweeping Beam+1","Writhe","Static Discharge","Ghostly","Ghostly","Ghostly","Coolheaded"],"relics":["Cracked Core","NeowsBlessing","Dream Catcher","Oddly Smooth Stone","Molten Egg 2","Empty Cage","Vajra","Boot","Shuriken"],"potions_floor_usage":[11,30,30],"damage_taken":[{"damage":0,"enemies":"Cultist","floor":1,"turns":1},{"damage":0,"enemies":"2 Louse","floor":2,"turns":1},{"damage":0,"enemies":"3 Sentries","floor":8,"turns":1},{"damage":6,"enemies":"Jaw Worm","floor":10,"turns":4},{"damage":34,"enemies":"Lagavulin","floor":11,"turns":7},{"damage":32,"enemies":"Lots of Slimes","floor":13,"turns":4},{"damage":3,"enemies":"Red Slaver","floor":14,"turns":3},{"damage":2,"enemies":"The Guardian","floor":16,"turns":9},{"damage":39,"enemies":"Spheric Guardian","floor":18,"turns":6},{"damage":6,"enemies":"3 Byrds","floor":19,"turns":3},{"damage":20,"enemies":"Centurion and Healer","floor":28,"turns":8},{"damage":24,"enemies":"Slavers","floor":30,"turns":1}],"seed_played":"4113257789629265986","potions_obtained":[{"floor":1,"key":"Dexterity Potion"},{"floor":10,"key":"LiquidBronze"},{"floor":14,"key":"Swift Potion"},{"floor":19,"key":"Explosive Potion"}],"is_trial":false,"path_per_floor":["M","M","$","?","?","$","R","E","T","M","E","$","M","M","R","B",null,"M","M","$","?","?","R","?","R","T","R","M","?","E"],"character_chosen":"DEFECT","items_purchased":["Genetic Algorithm","Capacitor","Cold Snap+1","Go for the Eyes+1","Vajra"],"campfire_rested":2,"item_purchase_floors":[3,6,12,12,20],"current_hp_per_floor":[64,64,64,64,69,69,69,69,69,70,43,43,18,15,37,42,68,36,30,30,9,9,31,31,31,31,31,18,18,0],"gold":0,"neow_bonus":"THREE_ENEMY_KILL","is_prod":false,"is_daily":false,"chose_seed":false,"campfire_upgraded":3,"win_rate":0,"timestamp":1548803117,"path_taken":["M","?","$","?","?","?","R","E","T","?","E","?","M","M","R","BOSS","M","M","$","?","?","R","?","R","T","R","M","?","E"],"build_version":"2019-01-23","purchased_purges":0,"victory":false,"max_hp_per_floor":[71,71,71,71,76,76,76,76,76,76,76,76,76,76,76,76,76,76,76,76,76,76,76,38,38,38,38,38,38,38],"card_choices":[{"not_picked":["Melter","Turbo","Skim"],"picked":"SKIP","floor":1},{"not_picked":["Redo","Compile Driver"],"picked":"Defragment","floor":2},{"not_picked":["Heatsinks","Storm"],"picked":"Self Repair","floor":8},{"not_picked":["Streamline","BootSequence"],"picked":"Gash","floor":10},{"not_picked":["Recycle","Genetic Algorithm"],"picked":"Electrodynamics","floor":11},{"not_picked":["Aggregate","Darkness","Gash+1"],"picked":"SKIP","floor":13},{"not_picked":["Rebound+1","Double Energy","Auto Shields"],"picked":"SKIP","floor":14},{"not_picked":["Leap","Gash+1"],"picked":"Barrage+1","floor":15},{"not_picked":["Amplify","Creative AI"],"picked":"Fission","floor":16},{"not_picked":["Steam Power","Gash+1","Go for the Eyes+1"],"picked":"SKIP","floor":18},{"not_picked":["Stack","Sunder+1"],"picked":"Sweeping Beam+1","floor":19},{"not_picked":["Darkness+1","Beam Cell+1"],"picked":"Static Discharge","floor":23},{"not_picked":["Storm","Turbo"],"picked":"Coolheaded","floor":28}],"player_experience":1051113,"relics_obtained":[{"floor":8,"key":"Dream Catcher"},{"floor":9,"key":"Oddly Smooth Stone"},{"floor":11,"key":"Molten Egg 2"},{"floor":26,"key":"Shuriken"}],"event_choices":[{"damage_healed":0,"gold_gain":0,"player_choice":"Leave","damage_taken":0,"max_hp_gain":0,"max_hp_loss":0,"event_name":"The Cleric","floor":4,"gold_loss":0},{"damage_healed":0,"gold_gain":0,"player_choice":"Donut","damage_taken":0,"max_hp_gain":5,"max_hp_loss":0,"event_name":"Big Fish","floor":5,"gold_loss":0},{"damage_healed":0,"gold_gain":0,"player_choice":"Obtained Book","damage_taken":21,"max_hp_gain":0,"max_hp_loss":0,"event_name":"Cursed Tome","floor":21,"gold_loss":0},{"damage_healed":0,"gold_gain":0,"player_choice":"Opened","damage_taken":0,"relics_obtained":["Boot"],"max_hp_gain":0,"max_hp_loss":0,"event_name":"The Mausoleum","floor":22,"gold_loss":0,"cards_obtained":["Writhe"]},{"damage_healed":0,"gold_gain":0,"player_choice":"Became a Ghost","damage_taken":0,"max_hp_gain":0,"max_hp_loss":38,"event_name":"Ghosts","floor":24,"gold_loss":0,"cards_obtained":["Ghostly","Ghostly","Ghostly"]},{"damage_healed":0,"gold_gain":0,"player_choice":"Paid Fearfully","damage_taken":0,"max_hp_gain":0,"max_hp_loss":0,"event_name":"Masked Bandits","floor":29,"gold_loss":15}],"is_beta":false,"boss_relics":[{"not_picked":["Velvet Choker","Runic Dome"],"picked":"Empty Cage"}],"items_purged_floors":[],"is_endless":false,"potions_floor_spawned":[1,10,14,18,19],"killed_by":"Slavers","ascension_level":20}