{"gold_per_floor":[217,233,246,260,260,260,52,52,79,96,112,33,45,45],"floor_reached":14,"playtime":624,"items_purged":[],"score":168,"play_id":"2ed07c76-f662-4f70-b264-8ac4b1db4d90","local_time":"20190127215139","is_ascension_mode":true,"campfire_choices":[{"data":"Zap","floor":6,"key":"SMITH"},{"data":"Creative AI","floor":8,"key":"SMITH"}],"neow_cost":"NONE","seed_source_timestamp":1569986495047585,"circlet_count":0,"master_deck":["AscendersBane","Strike_B","Strike_B","Strike_B","Defend_B","Defend_B","Defend_B","Defend_B","Zap+1","Dualcast","Undo","Darkness","Cold Snap","Creative AI+1","Cold Snap","Seek","Capacitor","Ball Lightning"],"relics":["Cracked Core","Lantern"],"potions_floor_usage":[4,10,14],"damage_taken":[{"damage":1,"enemies":"Cultist","floor":1,"turns":3},{"damage":0,"enemies":"2 Louse","floor":2,"turns":3},{"damage":4,"enemies":"Small Slimes","floor":3,"turns":4},{"damage":17,"enemies":"Exordium Thugs","floor":4,"turns":5},{"damage":0,"enemies":"Gremlin Gang","floor":10,"turns":2},{"damage":0,"enemies":"2 Fungi Beasts","floor":11,"turns":4},{"damage":12,"enemies":"Exordium Thugs","floor":13,"turns":5},{"damage":44,"enemies":"Gremlin Nob","floor":14,"turns":4}],"seed_played":"6913354713560373610","potions_obtained":[{"floor":1,"key":"SpeedPotion"},{"floor":2,"key":"AttackPotion"},{"floor":3,"key":"Explosive Potion"}],"is_trial":false,"path_per_floor":["M","M","M","M","?","R","$","R","T","M","M","$","M","E"],"character_chosen":"DEFECT","items_purchased":["Creative AI","Block Potion","Capacitor"],"campfire_rested":0,"item_purchase_floors":[7,7,12],"current_hp_per_floor":[63,63,59,42,42,42,42,42,42,42,42,42,30,0],"gold":45,"neow_bonus":"HUNDRED_GOLD","is_prod":false,"is_daily":false,"chose_seed":false,"campfire_upgraded":2,"win_rate":0,"timestamp":1548625899,"path_taken":["M","M","M","?","?","R","$","R","T","M","M","$","?","E"],"build_version":"2019-01-23","purchased_purges":0,"victory":false,"max_hp_per_floor":[71,71,71,71,71,71,71,71,71,71,71,71,71,71],"card_choices":[{"not_picked":["Chill","Fusion"],"picked":"Undo","floor":1},{"not_picked":["Gash","Lockon","Streamline"],"picked":"SKIP","floor":2},{"not_picked":["Beam Cell","Hologram"],"picked":"Darkness","floor":3},{"not_picked":["Chill","Coolheaded"],"picked":"Cold Snap","floor":4},{"not_picked":["Tempest","Barrage"],"picked":"Cold Snap","floor":10},{"not_picked":["Stack","Conserve Battery"],"picked":"Seek","floor":11},{"not_picked":["Aggregate","Gash"],"picked":"Ball Lightning","floor":13}],"player_experience":1034632,"relics_obtained":[{"floor":9,"key":"Lantern"}],"event_choices":[{"cards_removed":["Strike_B"],"damage_healed":0,"gold_gain":0,"player_choice":"Offered Basic","damage_taken":0,"max_hp_gain":0,"max_hp_loss":0,"event_name":"Bonfire Elementals","floor":5,"gold_loss":0}],"is_beta":false,"boss_relics":[],"items_purged_floors":[],"is_endless":false,"potions_floor_spawned":[1,2,3],"killed_by":"Gremlin Nob","ascension_level":20}