{"gold_per_floor":[119,119,44,61,61,75,75,87,133,149,18,50,78,115,127,218,230,258,286,214,214],"floor_reached":21,"playtime":1152,"items_purged":["Strike_B"],"score":432,"play_id":"e4e582e5-7f52-4f7e-aa26-8cd53f0fd932","local_time":"20190129203304","is_ascension_mode":true,"campfire_choices":[{"data":"Zap","floor":7,"key":"SMITH"},{"floor":15,"key":"REST"}],"neow_cost":"NONE","seed_source_timestamp":1737545057299972,"circlet_count":0,"master_deck":["AscendersBane","Strike_B","Defend_B","Defend_B","Defend_B","Defend_B","Zap+1","Dualcast","Coolheaded","Static Discharge","Reinforced Body","Cold Snap","Barrage","Hyperbeam","Hologram","Gash","White Noise","Electrodynamics","Undo"],"relics":["Cracked Core","Art of War","MawBank","Question Card","Sozu"],"potions_floor_usage":[10,12,14,16],"damage_taken":[{"damage":5,"enemies":"Small Slimes","floor":1,"turns":3},{"damage":0,"enemies":"2 Louse","floor":4,"turns":4},{"damage":0,"enemies":"Cultist","floor":6,"turns":4},{"damage":7,"enemies":"2 Fungi Beasts","floor":8,"turns":3},{"damage":9,"enemies":"Lots of Slimes","floor":10,"turns":3},{"damage":13,"enemies":"Lagavulin","floor":12,"turns":6},{"damage":10,"enemies":"Gremlin Gang","floor":13,"turns":2},{"damage":0,"enemies":"3 Sentries","floor":14,"turns":3},{"damage":13,"enemies":"The Guardian","floor":16,"turns":10},{"damage":14,"enemies":"Spheric Guardian","floor":18,"turns":4},{"damage":38,"enemies":"2 Thieves","floor":19,"turns":4},{"damage":11,"enemies":"Shelled Parasite and Fungi","floor":21,"turns":1}],"seed_played":"7098565414306962187","potions_obtained":[{"floor":1,"key":"Fire Potion"},{"floor":4,"key":"Energy Potion"},{"floor":5,"key":"AttackPotion"},{"floor":13,"key":"Swift Potion"},{"floor":14,"key":"Strength Potion"}],"is_trial":false,"path_per_floor":["M","?","$","M","?","M","R","M","T","M","$","E","M","E","R","B",null,"M","M","$","M"],"character_chosen":"DEFECT","items_purchased":["Static Discharge","Poison Potion","Undo"],"campfire_rested":1,"item_purchase_floors":[3,11,20],"current_hp_per_floor":[59,52,52,52,52,52,52,45,45,36,36,23,13,13,34,21,59,45,7,7,0],"gold":214,"neow_bonus":"REMOVE_CARD","is_prod":false,"is_daily":false,"chose_seed":false,"campfire_upgraded":1,"win_rate":0,"timestamp":1548793984,"path_taken":["M","?","$","M","?","M","R","M","T","M","$","E","M","E","R","BOSS","M","M","$","M"],"build_version":"2019-01-23","purchased_purges":1,"victory":false,"max_hp_per_floor":[71,71,71,71,71,71,71,71,71,71,71,71,71,71,71,71,71,71,71,71,71],"card_choices":[{"not_picked":["Chill","Turbo"],"picked":"Coolheaded","floor":1},{"not_picked":["Hello World","Steam"],"picked":"Reinforced Body","floor":4},{"not_picked":["Consume","Heatsinks"],"picked":"Cold Snap","floor":6},{"not_picked":["FTL","Turbo"],"picked":"Barrage","floor":8},{"not_picked":["Turbo","Beam Cell"],"picked":"Hyperbeam","floor":10},{"not_picked":["Stack","Streamline"],"picked":"Hologram","floor":12},{"not_picked":["Turbo","Barrage"],"picked":"Gash","floor":13},{"not_picked":["Aggregate","Sweeping Beam"],"picked":"White Noise","floor":14},{"not_picked":["Thunder Strike","Echo Form","Creative AI"],"picked":"Electrodynamics","floor":16},{"not_picked":["Cold Snap","Fusion+1","Barrage","Rebound"],"picked":"SKIP","floor":18},{"not_picked":["Blizzard","Gash","Redo+1","Force Field"],"picked":"SKIP","floor":19}],"player_experience":1048788,"relics_obtained":[{"floor":9,"key":"Art of War"},{"floor":12,"key":"MawBank"},{"floor":14,"key":"Question Card"}],"event_choices":[{"cards_removed":["Strike_B"],"damage_healed":0,"gold_gain":0,"player_choice":"Card Removal","damage_taken":7,"max_hp_gain":0,"max_hp_loss":0,"event_name":"Golden Wing","floor":2,"gold_loss":0},{"damage_healed":0,"gold_gain":0,"player_choice":"Got Potions","damage_taken":0,"max_hp_gain":0,"max_hp_loss":0,"event_name":"Lab","floor":5,"gold_loss":0}],"is_beta":false,"boss_relics":[{"not_picked":["Eternal Feather","Tiny House"],"picked":"Sozu"}],"items_purged_floors":[11],"is_endless":false,"potions_floor_spawned":[1,4,8,13,14,18,19],"killed_by":"Shelled Parasite and Fungi","ascension_level":20}