{"gold_per_floor":[16,33,49,49,49,80,80,110,135,151,151,151,151,171,171,171],"floor_reached":16,"playtime":747,"items_purged":[],"score":220,"play_id":"8f82ff8e-7696-425f-a14f-748bd509a353","local_time":"20190126091305","is_ascension_mode":true,"campfire_choices":[{"floor":7,"key":"REST"},{"floor":11,"key":"REST"},{"data":"Zap","floor":13,"key":"SMITH"},{"data":"Sweeping Beam","floor":15,"key":"SMITH"}],"neow_cost":"NO_GOLD","seed_source_timestamp":1437948761968437,"circlet_count":0,"master_deck":["AscendersBane","Strike_B","Strike_B","Strike_B","Strike_B","Defend_B","Defend_B+1","Defend_B","Defend_B","Zap+1","Dualcast","Ball Lightning","Chill","Cold Snap","Coolheaded+1","Machine Learning","Parasite","Sweeping Beam+1"],"relics":["Cracked Core","Calipers","Vajra","War Paint","PreservedInsect"],"potions_floor_usage":[3,6,16],"damage_taken":[{"damage":2,"enemies":"Small Slimes","floor":1,"turns":3},{"damage":10,"enemies":"2 Louse","floor":2,"turns":3},{"damage":7,"enemies":"Jaw Worm","floor":3,"turns":4},{"damage":42,"enemies":"Gremlin Nob","floor":6,"turns":4},{"damage":17,"enemies":"3 Sentries","floor":8,"turns":7},{"damage":6,"enemies":"3 Louse","floor":10,"turns":4},{"damage":3,"enemies":"2 Fungi Beasts","floor":14,"turns":3},{"damage":40,"enemies":"Hexaghost","floor":16,"turns":9}],"seed_played":"8803989590794036628","potions_obtained":[{"floor":1,"key":"SkillPotion"},{"floor":2,"key":"PowerPotion"},{"floor":10,"key":"Fire Potion"}],"is_trial":false,"path_per_floor":["M","M","M","$","?","E","R","E","T","M","R","?","R","M","R","B"],"character_chosen":"DEFECT","items_purchased":[],"campfire_rested":2,"item_purchase_floors":[],"current_hp_per_floor":[62,52,45,45,45,3,24,7,7,1,22,39,39,36,36,0],"gold":171,"neow_bonus":"ONE_RARE_RELIC","is_prod":false,"is_daily":false,"chose_seed":false,"campfire_upgraded":2,"win_rate":0,"timestamp":1548493985,"path_taken":["M","M","M","$","?","E","R","E","T","M","R","?","R","M","R","BOSS"],"build_version":"2019-01-23","purchased_purges":0,"victory":false,"max_hp_per_floor":[71,71,71,71,71,71,71,71,71,71,71,71,71,71,71,71],"card_choices":[{"not_picked":["Sweeping Beam","Undo"],"picked":"Ball Lightning","floor":1},{"not_picked":["White Noise","Skim"],"picked":"Chill","floor":2},{"not_picked":["Aggregate","Barrage"],"picked":"Cold Snap","floor":3},{"not_picked":["Reboot","Amplify"],"picked":"Coolheaded","floor":6},{"not_picked":["Meteor Strike","Beam Cell"],"picked":"Machine Learning","floor":8},{"not_picked":["Lockon","Stack","Aggregate"],"picked":"SKIP","floor":10},{"not_picked":["Redo","Rebound"],"picked":"Sweeping Beam","floor":14}],"player_experience":1000273,"relics_obtained":[{"floor":6,"key":"Vajra"},{"floor":8,"key":"War Paint"},{"floor":9,"key":"PreservedInsect"}],"event_choices":[{"damage_healed":0,"gold_gain":0,"player_choice":"Ignored","damage_taken":0,"max_hp_gain":0,"max_hp_loss":0,"event_name":"Liars Game","floor":5,"gold_loss":0},{"damage_healed":17,"gold_gain":0,"player_choice":"Healed and dodged fight","damage_taken":0,"max_hp_gain":0,"max_hp_loss":0,"event_name":"Mushrooms","floor":12,"gold_loss":0,"cards_obtained":["Parasite"]}],"is_beta":false,"boss_relics":[],"items_purged_floors":[],"is_endless":false,"potions_floor_spawned":[1,2,10],"killed_by":"Hexaghost","ascension_level":20}