{"gold_per_floor":[112,112,123,173,188,188,214,214,214,246,3,21,39,70,70,147,147,161,171,86,56,56],"floor_reached":22,"playtime":2494,"items_purged":[],"score":458,"play_id":"2118a97d-345d-4c5c-8190-6f0075171a40","local_time":"20190126155343","is_ascension_mode":true,"campfire_choices":[{"data":"Zap","floor":6,"key":"SMITH"},{"floor":8,"key":"REST"},{"data":"Creative AI","floor":15,"key":"SMITH"}],"neow_cost":"NONE","seed_source_timestamp":1460238947662026,"circlet_count":0,"master_deck":["AscendersBane","Zap+1","Dualcast","Ball Lightning","Cold Snap","Creative AI+1","Static Discharge","Conserve Battery","Ball Lightning","Core Surge","Turbo","Leap","Go for the Eyes","Creative AI","Electrodynamics","Beam Cell","Seek","Go for the Eyes","Multi-Cast","BootSequence","Compile Driver","Creative AI","Conserve Battery","Undo+1","Leap+1","Defragment"],"relics":["Cracked Core","Prayer Wheel","Question Card","Bird Faced Urn","Bronze Scales","Nunchaku","Pandora\u0027s Box","Meat on the Bone"],"potions_floor_usage":[7,7,7,7,10,14,16,22],"damage_taken":[{"damage":3,"enemies":"2 Louse","floor":1,"turns":3},{"damage":0,"enemies":"Cultist","floor":3,"turns":2},{"damage":7,"enemies":"Small Slimes","floor":5,"turns":3},{"damage":25,"enemies":"3 Sentries","floor":7,"turns":8},{"damage":12,"enemies":"Lagavulin","floor":10,"turns":6},{"damage":2,"enemies":"3 Louse","floor":12,"turns":3},{"damage":7,"enemies":"Red Slaver","floor":13,"turns":3},{"damage":0,"enemies":"Gremlin Nob","floor":14,"turns":3},{"damage":41,"enemies":"Slime Boss","floor":16,"turns":7},{"damage":51,"enemies":"Chosen","floor":18,"turns":5},{"damage":23,"enemies":"2 Thieves","floor":19,"turns":3},{"damage":19,"enemies":"Sentry and Sphere","floor":22,"turns":3}],"seed_played":"-7619046942590033795","potions_obtained":[{"floor":0,"key":"PowerPotion"},{"floor":0,"key":"EntropicBrew"},{"floor":7,"key":"Strength Potion"},{"floor":10,"key":"PowerPotion"},{"floor":19,"key":"Explosive Potion"},{"floor":21,"key":"Energy Potion"}],"is_trial":false,"path_per_floor":["M","$","M","?","M","R","E","R","T","E","$","M","M","E","R","B",null,"M","M","?","?","M"],"character_chosen":"DEFECT","items_purchased":["Bronze Scales","Ball Lightning","Poison Potion"],"campfire_rested":1,"item_purchase_floors":[11,11,11],"current_hp_per_floor":[61,61,61,61,54,54,44,65,65,53,53,53,46,50,50,15,57,18,5,5,5,0],"gold":56,"neow_bonus":"THREE_SMALL_POTIONS","is_prod":false,"is_daily":false,"chose_seed":false,"campfire_upgraded":2,"win_rate":0,"timestamp":1548518023,"path_taken":["M","$","M","?","M","R","E","R","T","E","$","M","M","E","R","BOSS","M","M","?","?","M"],"build_version":"2019-01-23","purchased_purges":0,"victory":false,"max_hp_per_floor":[71,71,71,71,71,71,71,71,71,71,71,71,71,71,71,71,71,71,71,71,71,71],"card_choices":[{"not_picked":["Heatsinks","White Noise"],"picked":"Ball Lightning","floor":1},{"not_picked":["Blizzard","Rebound"],"picked":"Cold Snap","floor":3},{"not_picked":["Cold Snap","Storm"],"picked":"Creative AI","floor":5},{"not_picked":["Fission","Gash"],"picked":"Static Discharge","floor":7},{"not_picked":["Leap","Compile Driver","Cold Snap"],"picked":"Conserve Battery","floor":10},{"not_picked":["Beam Cell","Hologram","Consume"],"picked":"Core Surge","floor":12},{"not_picked":["FTL","Static Discharge","Aggregate"],"picked":"Turbo","floor":12},{"not_picked":["Coolheaded","Streamline","Stack"],"picked":"Leap","floor":13},{"not_picked":["Rebound","Turbo","Hello World","Skim"],"picked":"SKIP","floor":13},{"not_picked":["Fusion","Lockon","Beam Cell"],"picked":"Go for the Eyes","floor":14},{"not_picked":["Meteor Strike","All For One","Rainbow"],"picked":"Creative AI","floor":16},{"not_picked":["Melter","Leap","Stack"],"picked":"Conserve Battery","floor":18},{"not_picked":["Gash","Auto Shields","Darkness"],"picked":"Undo+1","floor":18},{"not_picked":["Steam","Barrage","Rip and Tear"],"picked":"Leap+1","floor":19},{"not_picked":["Stack","Aggregate","Conserve Battery"],"picked":"Defragment","floor":19}],"player_experience":1012458,"relics_obtained":[{"floor":7,"key":"Prayer Wheel"},{"floor":9,"key":"Question Card"},{"floor":10,"key":"Bird Faced Urn"},{"floor":14,"key":"Nunchaku"}],"event_choices":[{"damage_healed":0,"gold_gain":50,"player_choice":"Pray","damage_taken":0,"max_hp_gain":0,"max_hp_loss":0,"event_name":"Golden Shrine","floor":4,"gold_loss":0},{"damage_healed":0,"gold_gain":0,"player_choice":"Obtained Relic","damage_taken":0,"relics_obtained":["Meat on the Bone"],"max_hp_gain":0,"max_hp_loss":0,"event_name":"Addict","floor":20,"gold_loss":85},{"damage_healed":0,"gold_gain":0,"player_choice":"Bought 2 Potions","damage_taken":0,"max_hp_gain":0,"max_hp_loss":0,"event_name":"The Woman in Blue","floor":21,"gold_loss":0}],"is_beta":false,"boss_relics":[{"not_picked":["Runic Pyramid","Astrolabe"],"picked":"Pandora\u0027s Box"}],"items_purged_floors":[],"is_endless":false,"potions_floor_spawned":[7,10,12,13,19],"killed_by":"Sentry and Sphere","ascension_level":20}