{"gold_per_floor":[109,184,69,82,82,82,123,123,174,217,10,10,10,43,43,134,134,149,165,3,28,28,28,68,68,92,104,31,59,71,107,119,222,234,267,58,73,73,98,98,134,134,134,134,147,147,178,201,201,201,201],"floor_reached":51,"playtime":3066,"items_purged":["Strike_B"],"score":1453,"play_id":"04f93c63-82dd-40b0-a562-6b58cd1c5a12","local_time":"20190128225244","is_ascension_mode":true,"campfire_choices":[{"data":"Zap","floor":6.0,"key":"SMITH"},{"floor":8.0,"key":"REST"},{"data":"Apotheosis","floor":15.0,"key":"SMITH"},{"floor":23,"key":"REST"},{"floor":25,"key":"REST"},{"floor":27,"key":"REST"},{"floor":32,"key":"REST"},{"floor":40,"key":"REST"},{"floor":42,"key":"REST"},{"floor":44,"key":"REST"},{"floor":46,"key":"REST"},{"floor":49,"key":"REST"}],"neow_cost":"NONE","seed_source_timestamp":0,"circlet_count":0,"master_deck":["AscendersBane","Strike_B","Defend_B","Defend_B","Defend_B","Defend_B","Zap+1","Dualcast","Ball Lightning","Coolheaded","Doom and Gloom","Consume","Cold Snap","Apotheosis+1","Parasite","Core Surge","Compile Driver","Conserve Battery+1","Leap","Ball Lightning","Glacier","Stack+1","Thunder Strike","Go for the Eyes","Coolheaded+1","Zap+1","All For One","FTL"],"special_seed":0,"relics":["Cracked Core","NeowsBlessing","Golden Idol","Oddly Smooth Stone","Pen Nib","DataDisk","Du-Vu Doll","Singing Bowl","Empty Cage","Emotion Chip","MawBank","Prayer Wheel","Happy Flower","Sozu","Medical Kit","Bronze Scales","Unceasing Top","Dream Catcher"],"potions_floor_usage":[24,33,41],"damage_taken":[{"damage":0.0,"enemies":"Small Slimes","floor":1.0,"turns":1.0},{"damage":0.0,"enemies":"2 Louse","floor":4.0,"turns":1.0},{"damage":0.0,"enemies":"Lagavulin","floor":7.0,"turns":1.0},{"damage":26.0,"enemies":"3 Sentries","floor":10.0,"turns":7.0},{"damage":8.0,"enemies":"Gremlin Nob","floor":14.0,"turns":3.0},{"damage":14.0,"enemies":"Hexaghost","floor":16.0,"turns":7.0},{"damage":29,"enemies":"2 Thieves","floor":18,"turns":3},{"damage":0,"enemies":"Spheric Guardian","floor":19,"turns":3},{"damage":17,"enemies":"Centurion and Healer","floor":21,"turns":6},{"damage":23,"enemies":"Slavers","floor":24,"turns":3},{"damage":4,"enemies":"Snecko","floor":29,"turns":5},{"damage":0,"enemies":"Snake Plant","floor":31,"turns":5},{"damage":52,"enemies":"Automaton","floor":33,"turns":11},{"damage":11,"enemies":"3 Shapes","floor":35,"turns":4},{"damage":10,"enemies":"Orb Walker","floor":37,"turns":2},{"damage":3,"enemies":"3 Darklings","floor":39,"turns":5},{"damage":58,"enemies":"Reptomancer","floor":41,"turns":9},{"damage":6,"enemies":"4 Shapes","floor":45,"turns":6},{"damage":14,"enemies":"Nemesis","floor":47,"turns":5},{"damage":0,"enemies":"Writhing Mass","floor":48,"turns":5},{"damage":54,"enemies":"Awakened One","floor":50,"turns":13},{"damage":56,"enemies":"Time Eater","floor":51,"turns":11}],"seed_played":"-4017304886013934658","potions_obtained":[{"floor":7.0,"key":"SkillPotion"},{"floor":10.0,"key":"SkillPotion"},{"floor":16.0,"key":"GamblersBrew"},{"floor":18,"key":"PowerPotion"},{"floor":21,"key":"EssenceOfSteel"},{"floor":33,"key":"LiquidBronze"}],"is_trial":false,"path_per_floor":["M","?","$","M","?","R","E","R","T","E","$","?","T","E","R","B",null,"M","M","$","M","?","R","E","R","T","R","?","M","T","M","R","B",null,"M","$","M","?","M","R","E","R","T","R","M","R","E","M","R","B","B"],"character_chosen":"DEFECT","items_purchased":["Ball Lightning","Coolheaded","Apotheosis","Leap","Ball Lightning","Medical Kit"],"campfire_rested":10,"item_purchase_floors":[3,3,11,20,20,36],"current_hp_per_floor":[64,53,53,53,29,29,29,50,50,24,24,41,41,35,35,21,60,31,31,31,16,16,38,17,40,40,63,63,61,61,63,81,29,68,59,59,51,51,52,78,20,46,46,72,70,93,81,83,99,45,0],"gold":201,"neow_bonus":"THREE_ENEMY_KILL","is_prod":false,"is_daily":false,"chose_seed":false,"campfire_upgraded":2,"win_rate":0,"timestamp":1548715964,"path_taken":["M","?","$","M","?","R","E","R","T","E","$","?","?","E","R","BOSS","M","M","$","M","?","R","E","R","T","R","?","M","?","M","R","BOSS","M","$","M","?","M","R","E","R","T","R","M","R","E","?","R","BOSS","BOSS"],"build_version":"2019-01-23","purchased_purges":1,"victory":false,"max_hp_per_floor":[71,71,71,71,71,71,71,71,71,71,71,71,71,73,73,73,73,73,73,73,75,75,75,77,77,77,77,77,79,79,81,81,81,81,83,83,85,85,89,89,89,89,89,89,93,93,95,97,99,99,99],"card_choices":[{"not_picked":["Turbo","Chaos","Skim"],"picked":"SKIP","floor":1.0},{"not_picked":["Recycle","Redo"],"picked":"Doom and Gloom","floor":4.0},{"not_picked":["Steam","Blizzard"],"picked":"Consume","floor":7.0},{"not_picked":["Sweeping Beam","Barrage"],"picked":"Cold Snap","floor":10.0},{"not_picked":["Tempest","Beam Cell","Steam"],"picked":"Singing Bowl","floor":14.0},{"not_picked":["Hyperbeam","Thunder Strike"],"picked":"Core Surge","floor":16.0},{"not_picked":["Redo","Scrape"],"picked":"Compile Driver","floor":18},{"not_picked":["Fusion","Consume"],"picked":"Conserve Battery+1","floor":19},{"not_picked":["Undo","Hologram","Rip and Tear"],"picked":"Singing Bowl","floor":21},{"not_picked":["Steam Power","Redo","Fusion"],"picked":"Singing Bowl","floor":24},{"not_picked":["Leap+1","Static Discharge"],"picked":"Glacier","floor":29},{"not_picked":["Turbo","Darkness+1","Consume"],"picked":"Singing Bowl","floor":29},{"not_picked":["Loop","Fusion","Doom and Gloom"],"picked":"Singing Bowl","floor":31},{"not_picked":["Coolheaded","Melter"],"picked":"Stack+1","floor":31},{"not_picked":["Buffer","Multi-Cast"],"picked":"Thunder Strike","floor":33},{"not_picked":["Beam Cell","Coolheaded+1"],"picked":"Go for the Eyes","floor":35},{"not_picked":["Chaos","Go for the Eyes","Steam"],"picked":"Singing Bowl","floor":35},{"not_picked":["Beam Cell+1","Go for the Eyes","Conserve Battery+1"],"picked":"Singing Bowl","floor":37},{"not_picked":["Sunder","Conserve Battery"],"picked":"Coolheaded+1","floor":37},{"not_picked":["Heatsinks","Ball Lightning","BootSequence+1"],"picked":"Singing Bowl","floor":39},{"not_picked":["Double Energy","Beam Cell","Cold Snap"],"picked":"Singing Bowl","floor":39},{"not_picked":["Streamline","FTL"],"picked":"All For One","floor":41},{"not_picked":["Undo","Consume","Force Field"],"picked":"Singing Bowl","floor":45},{"not_picked":["Stack+1","Tempest","Coolheaded+1"],"picked":"Singing Bowl","floor":45},{"not_picked":["Steam+1","Go for the Eyes","Cold Snap+1"],"picked":"Singing Bowl","floor":47},{"not_picked":["Rebound","Cold Snap"],"picked":"FTL","floor":48},{"not_picked":["Turbo+1","Coolheaded","Self Repair"],"picked":"Singing Bowl","floor":48},{"not_picked":["Steam","Fusion","Amplify"],"picked":"Singing Bowl","floor":49}],"player_experience":1035256,"relics_obtained":[{"floor":7.0,"key":"Oddly Smooth Stone"},{"floor":9.0,"key":"Pen Nib"},{"floor":10.0,"key":"DataDisk"},{"floor":13.0,"key":"Du-Vu Doll"},{"floor":14.0,"key":"Singing Bowl"},{"floor":24,"key":"Emotion Chip"},{"floor":26,"key":"MawBank"},{"floor":30,"key":"Happy Flower"},{"floor":41,"key":"Bronze Scales"},{"floor":43,"key":"Unceasing Top"},{"floor":47,"key":"Dream Catcher"}],"event_choices":[{"damage_healed":0.0,"max_hp_gain":0.0,"max_hp_loss":0.0,"gold_gain":75.0,"event_name":"World of Goop","player_choice":"Gather Gold","floor":2.0,"gold_loss":0.0,"damage_taken":11.0},{"damage_healed":0.0,"max_hp_gain":0.0,"max_hp_loss":0.0,"gold_gain":0.0,"event_name":"Golden Idol","player_choice":"Take Damage","floor":5.0,"gold_loss":0.0,"damage_taken":24.0,"relics_obtained":["Golden Idol"]},{"damage_healed":17.0,"max_hp_gain":0.0,"max_hp_loss":0.0,"gold_gain":0.0,"event_name":"Mushrooms","player_choice":"Healed and dodged fight","floor":12.0,"gold_loss":0.0,"damage_taken":0.0,"cards_obtained":["Parasite"]},{"damage_healed":0,"gold_gain":0,"player_choice":"Ignored","damage_taken":0,"max_hp_gain":0,"max_hp_loss":0,"event_name":"Vampires","floor":22,"gold_loss":0},{"damage_healed":0,"gold_gain":0,"player_choice":"Obtained Relic","damage_taken":0,"relics_obtained":["Prayer Wheel"],"max_hp_gain":0,"max_hp_loss":0,"event_name":"Addict","floor":28,"gold_loss":85},{"damage_healed":0,"gold_gain":0,"player_choice":"Copied","damage_taken":0,"max_hp_gain":0,"max_hp_loss":0,"event_name":"Duplicator","floor":38,"gold_loss":0,"cards_obtained":["Zap"]}],"is_beta":false,"boss_relics":[{"not_picked":["Eternal Feather","White Beast Statue"],"picked":"Empty Cage"},{"not_picked":["Calling Bell","Runic Dome"],"picked":"Sozu"}],"items_purged_floors":[20],"is_endless":false,"potions_floor_spawned":[7,10,16,18,21,33,35,39,47],"killed_by":"Time Eater","ascension_level":20}