{"gold_per_floor":[119,132,102,113,126,156,156,187,187,202,202,202,221,239,239,313,313,333,333,343,343,343,343,372,388,388,388,416,429,429,73,73,145,145,159,34,46,64,74,74,102,102,129,129,129,149,149,183,183,183,183],"floor_reached":51,"playtime":6723,"items_purged":["Strike_B","Strike_B"],"score":1439,"play_id":"1304c4fd-db37-4d9f-90bc-af9b87dc980a","local_time":"20190129183509","is_ascension_mode":true,"campfire_choices":[{"floor":7,"key":"REST"},{"floor":12,"key":"REST"},{"floor":15,"key":"REST"},{"floor":23,"key":"REST"},{"floor":27,"key":"REST"},{"floor":32,"key":"REST"},{"floor":40,"key":"REST"},{"data":"Thunder Strike","floor":42,"key":"SMITH"},{"floor":44,"key":"REST"},{"floor":47,"key":"REST"},{"floor":49,"key":"REST"}],"neow_cost":"NONE","seed_source_timestamp":1724906286903031,"circlet_count":0,"master_deck":["AscendersBane","Strike_B+1","Strike_B","Defend_B+1","Defend_B","Defend_B","Defend_B+1","Zap+1","Dualcast","Ball Lightning","Go for the Eyes+1","Reinforced Body","Electrodynamics","Doom and Gloom","Thunder Strike+1","Leap+1","Necronomicurse","Decay","Meteor Strike","Compile Driver","Static Discharge+1","Skim","All For One","Coolheaded","Consume+1","Compile Driver"],"relics":["Cracked Core","NeowsBlessing","Singing Bowl","Bag of Marbles","Whetstone","Snecko Eye","Necronomicon","Question Card","Ornamental Fan","Incense Burner","War Paint","Busted Crown","Vajra","Orichalcum","Thread and Needle"],"potions_floor_usage":[6,8,24,24,28,46,48,50],"damage_taken":[{"damage":0,"enemies":"Small Slimes","floor":1,"turns":1},{"damage":0,"enemies":"Cultist","floor":2,"turns":1},{"damage":0,"enemies":"2 Louse","floor":4,"turns":1},{"damage":19,"enemies":"Exordium Wildlife","floor":5,"turns":4},{"damage":18,"enemies":"3 Sentries","floor":6,"turns":9},{"damage":35,"enemies":"Gremlin Nob","floor":8,"turns":4},{"damage":0,"enemies":"Gremlin Gang","floor":10,"turns":3},{"damage":0,"enemies":"3 Louse","floor":13,"turns":1},{"damage":4,"enemies":"Red Slaver","floor":14,"turns":3},{"damage":19,"enemies":"Slime Boss","floor":16,"turns":7},{"damage":7,"enemies":"Chosen","floor":18,"turns":5},{"damage":14,"enemies":"Spheric Guardian","floor":20,"turns":4},{"damage":16,"enemies":"Slavers","floor":24,"turns":3},{"damage":0,"enemies":"Centurion and Healer","floor":25,"turns":3},{"damage":25,"enemies":"Book of Stabbing","floor":28,"turns":4},{"damage":3,"enemies":"Cultist and Chosen","floor":29,"turns":3},{"damage":31,"enemies":"Automaton","floor":33,"turns":9},{"damage":13,"enemies":"3 Darklings","floor":35,"turns":2},{"damage":9,"enemies":"Orb Walker","floor":37,"turns":3},{"damage":0,"enemies":"Writhing Mass","floor":38,"turns":4},{"damage":27,"enemies":"Spire Growth","floor":39,"turns":3},{"damage":7,"enemies":"Nemesis","floor":41,"turns":3},{"damage":0,"enemies":"Sphere and 2 Shapes","floor":46,"turns":3},{"damage":21,"enemies":"Giant Head","floor":48,"turns":5},{"damage":86,"enemies":"Time Eater","floor":50,"turns":8},{"damage":14,"enemies":"Donu and Deca","floor":51,"turns":3}],"seed_played":"6629703264532165698","potions_obtained":[{"floor":1,"key":"LiquidBronze"},{"floor":3,"key":"AttackPotion"},{"floor":3,"key":"SteroidPotion"},{"floor":13,"key":"Fire Potion"},{"floor":16,"key":"SpeedPotion"},{"floor":20,"key":"Poison Potion"},{"floor":25,"key":"Regen Potion"},{"floor":46,"key":"AttackPotion"},{"floor":48,"key":"SmokeBomb"}],"is_trial":false,"path_per_floor":["M","M","?","M","M","E","R","E","T","M","?","R","M","M","R","B",null,"M","?","M","?","?","R","E","M","T","R","E","M","?","$","R","B",null,"M","$","M","M","M","R","E","R","T","R","?","M","R","E","R","B","B"],"character_chosen":"DEFECT","items_purchased":["War Paint","Swift Potion","FearPotion","Coolheaded"],"campfire_rested":10,"item_purchase_floors":[31,31,31,36],"current_hp_per_floor":[64,64,64,64,45,27,48,15,15,17,17,39,39,37,60,41,68,61,61,49,28,28,51,35,35,35,58,45,42,42,42,65,34,68,57,57,48,50,25,50,45,45,45,71,71,73,89,70,91,5,0],"gold":183,"neow_bonus":"THREE_ENEMY_KILL","is_prod":false,"is_daily":false,"chose_seed":false,"campfire_upgraded":1,"win_rate":0,"timestamp":1548786909,"path_taken":["M","M","?","?","?","E","R","E","T","M","?","R","M","M","R","BOSS","M","?","M","?","?","R","E","?","T","R","E","?","?","$","R","BOSS","M","$","M","M","M","R","E","R","T","R","?","M","R","E","R","BOSS","BOSS"],"build_version":"2019-01-23","purchased_purges":2,"victory":false,"max_hp_per_floor":[71,71,71,71,71,71,71,73,73,75,75,75,75,77,77,77,77,77,77,79,79,79,79,79,79,79,79,79,79,79,79,79,79,79,81,81,81,83,85,85,87,87,87,87,87,89,89,91,91,91,91],"card_choices":[{"not_picked":["Streamline","Heatsinks","Turbo"],"picked":"SKIP","floor":1},{"not_picked":["Hologram","Loop"],"picked":"Ball Lightning","floor":2},{"not_picked":["Compile Driver","Coolheaded"],"picked":"Go for the Eyes","floor":4},{"not_picked":["Barrage","Rebound"],"picked":"Reinforced Body","floor":5},{"not_picked":["Reprogram","Leap"],"picked":"Electrodynamics","floor":6},{"not_picked":["Barrage","Stack","Blizzard"],"picked":"Singing Bowl","floor":8},{"not_picked":["Melter","Turbo","Rebound"],"picked":"Singing Bowl","floor":10},{"not_picked":["Compile Driver","Double Energy"],"picked":"Doom and Gloom","floor":13},{"not_picked":["Doom and Gloom","Gash","Turbo"],"picked":"Singing Bowl","floor":14},{"not_picked":["Fission","Hyperbeam"],"picked":"Thunder Strike","floor":16},{"not_picked":["Doom and Gloom","Storm"],"picked":"Leap+1","floor":18},{"not_picked":["Turbo","White Noise","Conserve Battery"],"picked":"Singing Bowl","floor":20},{"not_picked":["Hologram","Recycle"],"picked":"Meteor Strike","floor":24},{"not_picked":["Barrage","Go for the Eyes","Gash"],"picked":"Compile Driver","floor":25},{"not_picked":["Rebound","Conserve Battery","Compile Driver+1"],"picked":"Static Discharge+1","floor":28},{"not_picked":["Leap","Sweeping Beam+1","Redo"],"picked":"Skim","floor":29},{"not_picked":["Core Surge","Fission","Rainbow"],"picked":"All For One","floor":33},{"not_picked":["Rebound+1","BootSequence"],"picked":"Singing Bowl","floor":35},{"not_picked":["Steam"],"picked":"Consume+1","floor":37},{"not_picked":["Barrage","Redo"],"picked":"Singing Bowl","floor":38},{"not_picked":["Barrage","Redo"],"picked":"Singing Bowl","floor":39},{"not_picked":["Chaos","Fusion+1"],"picked":"Singing Bowl","floor":41},{"not_picked":["Redo","Scrape"],"picked":"Singing Bowl","floor":46},{"not_picked":["Coolheaded","Steam"],"picked":"Singing Bowl","floor":48}],"player_experience":1042065,"relics_obtained":[{"floor":6,"key":"Singing Bowl"},{"floor":8,"key":"Bag of Marbles"},{"floor":9,"key":"Whetstone"},{"floor":21,"key":"Necronomicon"},{"floor":24,"key":"Question Card"},{"floor":26,"key":"Ornamental Fan"},{"floor":28,"key":"Incense Burner"},{"floor":41,"key":"Vajra"},{"floor":43,"key":"Orichalcum"},{"floor":48,"key":"Thread and Needle"}],"event_choices":[{"damage_healed":0,"gold_gain":0,"player_choice":"Bought 2 Potions","damage_taken":0,"max_hp_gain":0,"max_hp_loss":0,"event_name":"The Woman in Blue","floor":3,"gold_loss":0},{"damage_healed":0,"gold_gain":0,"player_choice":"Forge","damage_taken":0,"max_hp_gain":0,"max_hp_loss":0,"event_name":"Accursed Blacksmith","floor":11,"gold_loss":0,"cards_upgraded":["Zap"]},{"damage_healed":0,"gold_gain":0,"player_choice":"Ignored","damage_taken":0,"max_hp_gain":0,"max_hp_loss":0,"event_name":"Vampires","floor":19,"gold_loss":0},{"damage_healed":0,"gold_gain":0,"player_choice":"Obtained Book","damage_taken":21,"max_hp_gain":0,"max_hp_loss":0,"event_name":"Cursed Tome","floor":21,"gold_loss":0},{"damage_healed":0,"gold_gain":0,"player_choice":"Smashed Altar","damage_taken":0,"max_hp_gain":0,"max_hp_loss":0,"event_name":"Forgotten Altar","floor":22,"gold_loss":0,"cards_obtained":["Decay"]},{"damage_healed":0,"gold_gain":0,"player_choice":"Ignored","damage_taken":0,"max_hp_gain":0,"max_hp_loss":0,"event_name":"Ghosts","floor":30,"gold_loss":0},{"damage_healed":0,"gold_gain":0,"player_choice":"1 cards matched","damage_taken":0,"max_hp_gain":0,"max_hp_loss":0,"event_name":"Match and Keep!","floor":45,"gold_loss":0,"cards_obtained":["Compile Driver"]}],"is_beta":false,"boss_relics":[{"not_picked":["Velvet Choker","Fusion Hammer"],"picked":"Snecko Eye"},{"not_picked":["Sozu","Coffee Dripper"],"picked":"Busted Crown"}],"items_purged_floors":[31,36],"is_endless":false,"potions_floor_spawned":[1,5,13,16,20,25,37,41,46,48],"killed_by":"Donu and Deca","ascension_level":20}