{"gold_per_floor":[111,125,400,410,430,460,13,32,32,51,51,79,94,125,125,200,200,153,73,87,97,97,97,107,121,167,167,182,182,182],"floor_reached":30,"playtime":1771,"items_purged":["Regret","Strike_B"],"score":562,"play_id":"5c099b82-ec7f-493c-85cc-a5423ec25a8c","local_time":"20190127004231","is_ascension_mode":true,"campfire_choices":[{"data":"Reinforced Body","floor":11.0,"key":"SMITH"},{"floor":15.0,"key":"REST"},{"floor":23.0,"key":"REST"},{"floor":27.0,"key":"REST"}],"neow_cost":"NONE","seed_source_timestamp":1492668328402149,"circlet_count":0,"master_deck":["AscendersBane","Strike_B","Strike_B","Strike_B","Defend_B","Defend_B","Defend_B","Defend_B","Zap+1","Dualcast","Barrage","Compile Driver","Conserve Battery","Reinforced Body+1","Chill","Darkness","Creative AI","Hyperbeam","Capacitor","Ghostly","Ghostly","Ghostly","Sweeping Beam","Capacitor+1","Cold Snap"],"special_seed":0,"relics":["Cracked Core","Omamori","DataDisk","Lee\u0027s Waffle","The Courier","Art of War","Matryoshka","Nuclear Battery","Boot","Ancient Tea Set","WarpedTongs"],"potions_floor_usage":[],"damage_taken":[{"damage":2.0,"enemies":"2 Louse","floor":1.0,"turns":3.0},{"damage":1.0,"enemies":"Cultist","floor":2.0,"turns":4.0},{"damage":8.0,"enemies":"Small Slimes","floor":4.0,"turns":3.0},{"damage":8.0,"enemies":"Looter","floor":5.0,"turns":3.0},{"damage":31.0,"enemies":"Gremlin Nob","floor":6.0,"turns":4.0},{"damage":0.0,"enemies":"Lots of Slimes","floor":8.0,"turns":3.0},{"damage":4.0,"enemies":"Blue Slaver","floor":10.0,"turns":4.0},{"damage":30.0,"enemies":"Lagavulin","floor":12.0,"turns":8.0},{"damage":1.0,"enemies":"Looter","floor":13.0,"turns":3.0},{"damage":25.0,"enemies":"Gremlin Nob","floor":14.0,"turns":4.0},{"damage":9.0,"enemies":"Hexaghost","floor":16.0,"turns":9.0},{"damage":19.0,"enemies":"2 Thieves","floor":18.0,"turns":5.0},{"damage":27.0,"enemies":"Spheric Guardian","floor":20.0,"turns":4.0},{"damage":28.0,"enemies":"Chosen and Byrds","floor":21.0,"turns":6.0},{"damage":14.0,"enemies":"3 Cultists","floor":24.0,"turns":6.0},{"damage":0.0,"enemies":"Centurion and Healer","floor":25.0,"turns":9.0},{"damage":12.0,"enemies":"Shelled Parasite and Fungi","floor":28.0,"turns":8.0},{"damage":1,"enemies":"Snake Plant","floor":30,"turns":5}],"seed_played":"-4538238599427264894","potions_obtained":[{"floor":1.0,"key":"LiquidBronze"},{"floor":2.0,"key":"Fire Potion"},{"floor":12.0,"key":"PowerPotion"},{"floor":14.0,"key":"Ancient Potion"},{"floor":16.0,"key":"Regen Potion"},{"floor":18.0,"key":"Swift Potion"},{"floor":24.0,"key":"FearPotion"}],"is_trial":false,"path_per_floor":["M","M","?","M","M","E","$","M","T","M","R","E","M","E","R","B",null,"M","$","M","M","?","R","M","M","T","R","M","?","M"],"character_chosen":"DEFECT","items_purchased":["DataDisk","Lee\u0027s Waffle"],"campfire_rested":3,"item_purchase_floors":[7,7],"current_hp_per_floor":[62,61,61,53,45,14,78,78,78,74,74,44,43,18,41,32,67,48,48,33,5,5,16,2,2,2,13,1,1,0],"gold":182,"neow_bonus":"UPGRADE_CARD","is_prod":false,"is_daily":false,"chose_seed":false,"campfire_upgraded":1,"win_rate":0,"timestamp":1548549751,"path_taken":["M","M","?","M","?","E","$","M","T","M","R","E","M","E","R","BOSS","M","$","M","?","?","R","M","M","T","R","M","?","M"],"build_version":"2019-01-23","purchased_purges":2,"victory":false,"max_hp_per_floor":[71,71,71,71,71,71,78,78,78,78,78,78,78,78,78,78,78,78,78,78,78,39,39,39,39,39,39,39,39,39],"card_choices":[{"not_picked":["Rebound","FTL"],"picked":"Barrage","floor":1.0},{"not_picked":["Aggregate","Double Energy","Redo"],"picked":"SKIP","floor":2.0},{"not_picked":["Chaos","Auto Shields"],"picked":"Compile Driver","floor":4.0},{"not_picked":["Go for the Eyes","Undo"],"picked":"Conserve Battery","floor":5.0},{"not_picked":["Melter","Streamline","Consume"],"picked":"SKIP","floor":6.0},{"not_picked":["Scrape","Steam"],"picked":"Reinforced Body","floor":8.0},{"not_picked":["Fusion","Leap","Conserve Battery"],"picked":"SKIP","floor":10.0},{"not_picked":["Redo","Self Repair"],"picked":"Chill","floor":12.0},{"not_picked":["Hologram","Gash"],"picked":"Darkness","floor":13.0},{"not_picked":["Storm","Rebound"],"picked":"Creative AI","floor":14.0},{"not_picked":["Creative AI","Reboot"],"picked":"Hyperbeam","floor":16.0},{"not_picked":["Leap","Reprogram","Coolheaded"],"picked":"SKIP","floor":18.0},{"not_picked":["Consume","Lockon"],"picked":"Capacitor","floor":20.0},{"not_picked":["Tempest+1","Barrage","Skim"],"picked":"SKIP","floor":21.0},{"not_picked":["Tempest","Fission"],"picked":"Sweeping Beam","floor":24.0},{"not_picked":["Compile Driver","Ball Lightning"],"picked":"Capacitor+1","floor":25.0},{"not_picked":["Gash","Lockon+1"],"picked":"Cold Snap","floor":28.0}],"player_experience":1017063,"relics_obtained":[{"floor":6.0,"key":"Omamori"},{"floor":9.0,"key":"The Courier"},{"floor":12.0,"key":"Art of War"},{"floor":14.0,"key":"Matryoshka"},{"floor":26.0,"key":"Boot"},{"floor":26.0,"key":"Ancient Tea Set"}],"event_choices":[{"damage_healed":0.0,"max_hp_gain":0.0,"max_hp_loss":0.0,"gold_gain":275.0,"event_name":"Golden Shrine","player_choice":"Desecrate","floor":3.0,"gold_loss":0.0,"damage_taken":0.0,"cards_obtained":["Regret"]},{"damage_healed":0.0,"max_hp_gain":0.0,"max_hp_loss":39.0,"gold_gain":0.0,"event_name":"Ghosts","player_choice":"Became a Ghost","floor":22.0,"gold_loss":0.0,"damage_taken":0.0,"cards_obtained":["Ghostly","Ghostly","Ghostly"]},{"damage_healed":0,"gold_gain":0,"player_choice":"Rummage","damage_taken":0,"relics_obtained":["WarpedTongs"],"max_hp_gain":0,"max_hp_loss":0,"event_name":"Accursed Blacksmith","floor":29,"gold_loss":0,"cards_obtained":["Pain"]}],"is_beta":false,"boss_relics":[{"not_picked":["Runic Pyramid","Busted Crown"],"picked":"Nuclear Battery"}],"items_purged_floors":[7,19],"is_endless":false,"potions_floor_spawned":[1,2,12,14,16,18,24],"killed_by":"Snake Plant","ascension_level":20}