{"gold_per_floor":[117,128,138,288,288,319,319,21,98,111,127,127,162,162,162,255,255,274,27,47,63,13,52,52,52],"floor_reached":25,"playtime":1467,"items_purged":["Doubt"],"score":512,"play_id":"52bb0323-b24f-406f-9335-6be74ce965f5","local_time":"20190130090149","is_ascension_mode":true,"campfire_choices":[{"data":"Zap","floor":7,"key":"SMITH"},{"data":"Consume","floor":12,"key":"SMITH"},{"data":"Static Discharge","floor":15,"key":"SMITH"},{"floor":24,"key":"REST"}],"neow_cost":"NONE","seed_source_timestamp":1782155032780914,"circlet_count":0,"master_deck":["AscendersBane","Strike_B","Strike_B","Defend_B","Defend_B","Defend_B","Defend_B","Zap+1","Dualcast","Turbo","Coolheaded","Cold Snap","Consume+1","Static Discharge+1","Conserve Battery","Ball Lightning","Leap","Machine Learning","Coolheaded","Leap","Glacier","Capacitor"],"relics":["Cracked Core","Golden Idol","Vajra","Strawberry","Ornamental Fan","Letter Opener","Inserter","PreservedInsect","Gambling Chip"],"potions_floor_usage":[6,16,23,23],"damage_taken":[{"damage":6,"enemies":"2 Louse","floor":1,"turns":3},{"damage":2,"enemies":"Jaw Worm","floor":2,"turns":3},{"damage":0,"enemies":"Cultist","floor":3,"turns":3},{"damage":12,"enemies":"3 Sentries","floor":6,"turns":12},{"damage":7,"enemies":"Looter","floor":10,"turns":3},{"damage":6,"enemies":"Blue Slaver","floor":11,"turns":4},{"damage":0,"enemies":"Lagavulin","floor":13,"turns":7},{"damage":6,"enemies":"The Guardian","floor":16,"turns":9},{"damage":24,"enemies":"Shell Parasite","floor":18,"turns":5},{"damage":9,"enemies":"Spheric Guardian","floor":20,"turns":3},{"damage":6,"enemies":"Snecko","floor":21,"turns":6},{"damage":2,"enemies":"Slavers","floor":23,"turns":6},{"damage":44,"enemies":"Gremlin Leader","floor":25,"turns":4}],"seed_played":"-7419041309880734196","potions_obtained":[{"floor":2,"key":"Fire Potion"},{"floor":10,"key":"FocusPotion"}],"is_trial":false,"path_per_floor":["M","M","M","?","?","E","R","$","T","M","M","R","E","?","R","B",null,"M","$","M","M","?","E","R","E"],"character_chosen":"DEFECT","items_purchased":["Strawberry","Fire Potion","PreservedInsect","Leap","Poison Potion"],"campfire_rested":1,"item_purchase_floors":[8,8,19,19,19],"current_hp_per_floor":[58,56,56,56,56,44,44,51,51,44,38,38,38,31,31,25,60,36,36,27,21,21,19,40,0],"gold":52,"neow_bonus":"TRANSFORM_CARD","is_prod":false,"is_daily":false,"chose_seed":false,"campfire_upgraded":3,"win_rate":0,"timestamp":1548838909,"path_taken":["M","M","M","?","?","E","R","$","T","M","M","R","E","?","R","BOSS","M","$","M","M","?","E","R","E"],"build_version":"2019-01-23","purchased_purges":1,"victory":false,"max_hp_per_floor":[71,71,71,71,64,64,64,71,71,71,71,71,71,71,71,71,71,71,71,71,71,71,71,71,71],"card_choices":[{"not_picked":["Defragment","Leap"],"picked":"Coolheaded","floor":1},{"not_picked":["Conserve Battery","Skim"],"picked":"Cold Snap","floor":2},{"not_picked":["Go for the Eyes","Reprogram"],"picked":"Consume","floor":3},{"not_picked":["Barrage","Coolheaded"],"picked":"Static Discharge","floor":6},{"not_picked":["Beam Cell","Hologram"],"picked":"Conserve Battery","floor":10},{"not_picked":["Hologram","Rainbow"],"picked":"Ball Lightning","floor":11},{"not_picked":["Redo","Sweeping Beam"],"picked":"Leap","floor":13},{"not_picked":["Hyperbeam","All For One"],"picked":"Machine Learning","floor":16},{"not_picked":["Recycle","Scrape"],"picked":"Coolheaded","floor":18},{"not_picked":["Hello World","Streamline","Cold Snap"],"picked":"SKIP","floor":20},{"not_picked":["Darkness","Loop"],"picked":"Glacier","floor":21},{"not_picked":["Heatsinks","Static Discharge"],"picked":"Capacitor","floor":23}],"player_experience":1053788,"relics_obtained":[{"floor":6,"key":"Vajra"},{"floor":9,"key":"Ornamental Fan"},{"floor":13,"key":"Letter Opener"},{"floor":23,"key":"Gambling Chip"}],"event_choices":[{"damage_healed":0,"gold_gain":150,"player_choice":"AGREE","damage_taken":0,"max_hp_gain":0,"max_hp_loss":0,"event_name":"Liars Game","floor":4,"gold_loss":0,"cards_obtained":["Doubt"]},{"damage_healed":0,"gold_gain":0,"player_choice":"Lose Max HP","damage_taken":0,"relics_obtained":["Golden Idol"],"max_hp_gain":0,"max_hp_loss":7,"event_name":"Golden Idol","floor":5,"gold_loss":0},{"cards_removed":["Strike_B"],"damage_healed":0,"gold_gain":0,"player_choice":"Card Removal","damage_taken":7,"max_hp_gain":0,"max_hp_loss":0,"event_name":"Golden Wing","floor":14,"gold_loss":0},{"damage_healed":0,"gold_gain":0,"player_choice":"Bet on Owner","damage_taken":0,"max_hp_gain":0,"max_hp_loss":0,"event_name":"The Joust","floor":22,"gold_loss":50}],"is_beta":false,"boss_relics":[{"not_picked":["Calling Bell","Busted Crown"],"picked":"Inserter"}],"items_purged_floors":[8],"is_endless":false,"potions_floor_spawned":[2,10,13,20],"killed_by":"Gremlin Leader","ascension_level":20}