{"gold_per_floor":[117,117,134,152,152,152,162,188,212,23,23,33,59,76,76,150,150,70,70,70,19,35,69,69,80,107,107,141,154,154,154,154,233,233,246,261,42,42,59,59,85,2,72,72,89,89,89,107,107,107],"floor_reached":50,"playtime":4019,"items_purged":["Strike_B"],"score":1066,"play_id":"52f19472-a687-40a5-bb44-ff2ab27ab930","local_time":"20190126122047","is_ascension_mode":true,"campfire_choices":[{"data":"Zap","floor":6.0,"key":"SMITH"},{"floor":11.0,"key":"REST"},{"floor":15.0,"key":"REST"},{"floor":24.0,"key":"REST"},{"floor":27.0,"key":"REST"},{"floor":32.0,"key":"REST"},{"floor":40,"key":"REST"},{"data":"Defragment","floor":44,"key":"SMITH"},{"floor":47,"key":"REST"},{"floor":49,"key":"REST"}],"neow_cost":"NONE","seed_source_timestamp":0,"circlet_count":0,"master_deck":["AscendersBane","Defend_B+1","Defend_B+1","Defend_B+1","Defend_B+1","Zap+1","Dualcast","Ball Lightning","Hologram","Coolheaded","Auto Shields","Defragment+1","Glacier","Core Surge","Leap","Ball Lightning","Steam","Seek","Go for the Eyes","Sweeping Beam","Machine Learning","Capacitor","Seek","Ball Lightning","Core Surge","Stack+1","Defragment+1","Glacier","Force Field+1","Go for the Eyes+1"],"special_seed":0,"relics":["Cracked Core","Anchor","Vajra","Odd Mushroom","Smiling Mask","Omamori","Nuclear Battery","Ginger","Juzu Bracelet","Sundial","Busted Crown","DollysMirror","Shuriken"],"potions_floor_usage":[41,45,48],"damage_taken":[{"damage":0.0,"enemies":"Small Slimes","floor":1.0,"turns":3.0},{"damage":0.0,"enemies":"2 Louse","floor":3.0,"turns":2.0},{"damage":0.0,"enemies":"Jaw Worm","floor":4.0,"turns":2.0},{"damage":12.0,"enemies":"Exordium Wildlife","floor":7.0,"turns":4.0},{"damage":26.0,"enemies":"The Mushroom Lair","floor":8.0,"turns":5.0},{"damage":0.0,"enemies":"Blue Slaver","floor":12.0,"turns":4.0},{"damage":9.0,"enemies":"3 Sentries","floor":13.0,"turns":7.0},{"damage":0.0,"enemies":"Red Slaver","floor":14.0,"turns":3.0},{"damage":18.0,"enemies":"Hexaghost","floor":16.0,"turns":12.0},{"damage":8.0,"enemies":"2 Thieves","floor":18.0,"turns":4.0},{"damage":0.0,"enemies":"Chosen","floor":22.0,"turns":5.0},{"damage":44.0,"enemies":"Book of Stabbing","floor":23.0,"turns":8.0},{"damage":0.0,"enemies":"Snecko","floor":25.0,"turns":5.0},{"damage":38.0,"enemies":"Gremlin Leader","floor":28.0,"turns":8.0},{"damage":2.0,"enemies":"Sentry and Sphere","floor":29.0,"turns":7.0},{"damage":28.0,"enemies":"Collector","floor":33.0,"turns":15.0},{"damage":2,"enemies":"Orb Walker","floor":35,"turns":4},{"damage":0,"enemies":"3 Shapes","floor":36,"turns":7},{"damage":18,"enemies":"3 Darklings","floor":39,"turns":8},{"damage":0,"enemies":"Nemesis","floor":41,"turns":9},{"damage":44,"enemies":"Jaw Worm Horde","floor":45,"turns":6},{"damage":0,"enemies":"Maw","floor":48,"turns":11},{"damage":53,"enemies":"Donu and Deca","floor":50,"turns":8}],"seed_played":"-6141773272580511665","potions_obtained":[{"floor":8.0,"key":"Weak Potion"},{"floor":16.0,"key":"EssenceOfSteel"},{"floor":23.0,"key":"SteroidPotion"},{"floor":25.0,"key":"Poison Potion"},{"floor":29.0,"key":"FocusPotion"},{"floor":35,"key":"Ancient Potion"},{"floor":36,"key":"PowerPotion"},{"floor":39,"key":"Weak Potion"},{"floor":45,"key":"PowerPotion"}],"is_trial":false,"path_per_floor":["M","?","M","M","?","R","M","?","T","$","R","M","E","M","R","B",null,"M","?","?","$","M","E","R","M","T","R","E","M","$","?","R","B",null,"M","M","$","?","M","R","E","$","T","R","M","?","R","M","R","B"],"character_chosen":"DEFECT","items_purchased":["Glacier","PowerPotion","Go for the Eyes","DollysMirror","Glacier"],"campfire_rested":8,"item_purchase_floors":[10,10,21,37,42],"current_hp_per_floor":[64,53,53,53,46,46,34,8,8,8,29,29,20,20,41,23,59,51,51,51,51,51,7,28,28,28,49,11,9,9,9,30,2,54,52,52,52,52,34,55,55,55,55,55,11,11,32,32,53,0],"gold":107,"neow_bonus":"RANDOM_COMMON_RELIC","is_prod":false,"is_daily":false,"chose_seed":false,"campfire_upgraded":2,"win_rate":0,"timestamp":1548505247,"path_taken":["M","?","M","M","?","R","M","?","T","$","R","M","E","M","R","BOSS","M","?","?","$","M","E","R","M","T","R","E","M","?","?","R","BOSS","M","M","$","?","M","R","E","$","T","R","M","?","R","M","R","BOSS"],"build_version":"2019-01-23","purchased_purges":1,"victory":false,"max_hp_per_floor":[71,71,71,71,71,71,71,71,71,71,71,71,71,71,71,71,71,71,71,71,71,71,71,71,71,71,71,71,71,71,71,71,71,71,71,71,71,71,71,71,71,71,71,71,71,71,71,71,71,71],"card_choices":[{"not_picked":["Steam","Skim"],"picked":"Ball Lightning","floor":1.0},{"not_picked":["Steam","Storm"],"picked":"Hologram","floor":3.0},{"not_picked":["Consume","Go for the Eyes"],"picked":"Coolheaded","floor":4.0},{"not_picked":["Hello World","Coolheaded"],"picked":"Auto Shields","floor":7.0},{"not_picked":["Capacitor","Streamline"],"picked":"Defragment","floor":8.0},{"not_picked":["Rip and Tear","Turbo"],"picked":"Core Surge","floor":12.0},{"not_picked":["Conserve Battery","Coolheaded"],"picked":"Leap","floor":13.0},{"not_picked":["FTL","Hello World","Barrage"],"picked":"SKIP","floor":14.0},{"not_picked":["Amplify","Buffer"],"picked":"Machine Learning","floor":16.0},{"not_picked":["Barrage","Turbo"],"picked":"Ball Lightning","floor":18.0},{"not_picked":["Steam","Rebound"],"picked":"Sweeping Beam","floor":22.0},{"not_picked":["Leap","Barrage"],"picked":"Machine Learning","floor":23.0},{"not_picked":["Lockon+1","Static Discharge"],"picked":"Capacitor","floor":25.0},{"not_picked":["Chaos","Recycle"],"picked":"Seek","floor":28.0},{"not_picked":["Beam Cell","Gash"],"picked":"Ball Lightning","floor":29.0},{"not_picked":["Seek","Amplify"],"picked":"Core Surge","floor":33.0},{"not_picked":[],"picked":"Stack+1","floor":35},{"not_picked":["Ball Lightning"],"picked":"SKIP","floor":36},{"not_picked":["Tempest"],"picked":"SKIP","floor":39},{"not_picked":["Hello World+1"],"picked":"SKIP","floor":41},{"not_picked":[],"picked":"Force Field+1","floor":45},{"not_picked":[],"picked":"Go for the Eyes+1","floor":48}],"player_experience":1002661,"relics_obtained":[{"floor":8.0,"key":"Odd Mushroom"},{"floor":9.0,"key":"Smiling Mask"},{"floor":13.0,"key":"Omamori"},{"floor":23.0,"key":"Ginger"},{"floor":26.0,"key":"Juzu Bracelet"},{"floor":28.0,"key":"Sundial"},{"floor":43,"key":"Shuriken"}],"event_choices":[{"damage_healed":0.0,"max_hp_gain":0.0,"max_hp_loss":0.0,"gold_gain":0.0,"event_name":"Scrap Ooze","player_choice":"Success","floor":2.0,"gold_loss":0.0,"damage_taken":11.0,"relics_obtained":["Vajra"]},{"cards_removed":["Strike_B"],"damage_healed":0.0,"max_hp_gain":0.0,"max_hp_loss":0.0,"gold_gain":0.0,"event_name":"Golden Wing","player_choice":"Card Removal","floor":5.0,"gold_loss":0.0,"damage_taken":7.0},{"damage_healed":0.0,"max_hp_gain":0.0,"max_hp_loss":0.0,"gold_gain":0.0,"event_name":"Mushrooms","player_choice":"Fought Mushrooms","floor":8.0,"gold_loss":0.0,"damage_taken":0.0},{"damage_healed":0.0,"max_hp_gain":0.0,"max_hp_loss":0.0,"gold_gain":0.0,"event_name":"Ghosts","player_choice":"Ignored","floor":19.0,"gold_loss":0.0,"damage_taken":0.0},{"damage_healed":0.0,"max_hp_gain":0.0,"max_hp_loss":0.0,"gold_gain":0.0,"cards_transformed":["Strike_B","Strike_B"],"event_name":"Drug Dealer","player_choice":"Became Test Subject","floor":20.0,"gold_loss":0.0,"damage_taken":0.0,"cards_obtained":["Steam","Seek"]},{"damage_healed":0.0,"max_hp_gain":0.0,"max_hp_loss":0.0,"gold_gain":0.0,"event_name":"Back to Basics","player_choice":"Simplicity","floor":31.0,"gold_loss":0.0,"damage_taken":0.0,"cards_upgraded":["Defend_B","Defend_B","Defend_B","Defend_B"]},{"damage_healed":0,"gold_gain":0,"player_choice":"Upgraded","damage_taken":0,"max_hp_gain":0,"max_hp_loss":0,"event_name":"Upgrade Shrine","floor":38,"gold_loss":0,"cards_upgraded":["Defragment"]},{"cards_removed":["Machine Learning"],"damage_healed":0,"gold_gain":0,"player_choice":"Removed Power","damage_taken":0,"max_hp_gain":0,"max_hp_loss":0,"event_name":"Falling","floor":46,"gold_loss":0}],"is_beta":false,"boss_relics":[{"not_picked":["Orrery","Fusion Hammer"],"picked":"Nuclear Battery"},{"not_picked":["Lizard Tail","Empty Cage"],"picked":"Busted Crown"}],"items_purged_floors":[10],"is_endless":false,"potions_floor_spawned":[8,12,13,16,23,25,29,35,36,39,45],"killed_by":"Donu and Deca","ascension_level":20}