{"gold_per_floor":[110,35,35,53,53,53,80,80,80,96,96],"floor_reached":11,"playtime":362,"items_purged":["Pain"],"score":142,"play_id":"64f76cd0-ca53-42dd-a113-5f59e2db491b","local_time":"20190129164249","is_ascension_mode":true,"campfire_choices":[{"data":"Zap","floor":6,"key":"SMITH"}],"neow_cost":"CURSE","seed_source_timestamp":1724520069751501,"circlet_count":0,"master_deck":["AscendersBane","Strike_B","Strike_B","Defend_B","Defend_B","Defend_B","Defend_B","Zap+1","Dualcast","Compile Driver","Machine Learning","Sweeping Beam","Darkness","Conserve Battery"],"relics":["Cracked Core","Shovel","Question Card","Unceasing Top"],"potions_floor_usage":[7],"damage_taken":[{"damage":14,"enemies":"Jaw Worm","floor":1,"turns":4},{"damage":1,"enemies":"Cultist","floor":4,"turns":3},{"damage":50,"enemies":"Lagavulin","floor":7,"turns":6},{"damage":0,"enemies":"2 Louse","floor":10,"turns":2},{"damage":19,"enemies":"Exordium Thugs","floor":11,"turns":2}],"seed_played":"-5456771106711278900","potions_obtained":[{"floor":4,"key":"Regen Potion"}],"is_trial":false,"path_per_floor":["M","$","?","M","?","R","E","$","T","M","M"],"character_chosen":"DEFECT","items_purchased":[],"campfire_rested":0,"item_purchase_floors":[],"current_hp_per_floor":[50,50,50,49,49,49,13,13,13,13,0],"gold":96,"neow_bonus":"ONE_RARE_RELIC","is_prod":false,"is_daily":false,"chose_seed":false,"campfire_upgraded":1,"win_rate":0,"timestamp":1548780169,"path_taken":["M","$","?","?","?","R","E","$","T","M","M"],"build_version":"2019-01-23","purchased_purges":1,"victory":false,"max_hp_per_floor":[71,71,71,71,71,71,71,71,71,71,71],"card_choices":[{"not_picked":["Chill","Stack"],"picked":"Compile Driver","floor":1},{"not_picked":["Rebound","Beam Cell"],"picked":"Sweeping Beam","floor":4},{"not_picked":["Chaos","Recycle"],"picked":"Darkness","floor":7},{"not_picked":["Redo","Stack","Blizzard"],"picked":"Conserve Battery","floor":10}],"player_experience":1041703,"relics_obtained":[{"floor":7,"key":"Question Card"},{"floor":9,"key":"Unceasing Top"}],"event_choices":[{"damage_healed":0,"gold_gain":0,"cards_transformed":["Strike_B"],"player_choice":"Transformed","damage_taken":0,"max_hp_gain":0,"max_hp_loss":0,"event_name":"Transmorgrifier","floor":3,"gold_loss":0,"cards_obtained":["Machine Learning"]},{"cards_removed":["Strike_B"],"damage_healed":0,"gold_gain":0,"player_choice":"Purged","damage_taken":0,"max_hp_gain":0,"max_hp_loss":0,"event_name":"Purifier","floor":5,"gold_loss":0}],"is_beta":false,"boss_relics":[],"items_purged_floors":[2],"is_endless":false,"potions_floor_spawned":[4],"killed_by":"Exordium Thugs","ascension_level":20}