{"gold_per_floor":[114,114,132,145,164,164,191,191,191,222,233,252,252,266,266,342,342,352,2,12,23,34,69,69,69,69,69,83,83,83,98,98,177,177,188,9,28,47,64,64,77,77,77,77,97,97,97,110,110,110,110],"floor_reached":51,"playtime":3176,"items_purged":["Strike_B","Strike_B"],"score":1320,"play_id":"e9a97a08-178f-41ca-9ed4-a62a55cfb57e","local_time":"20190124220944","is_ascension_mode":true,"campfire_choices":[{"data":"Go for the Eyes","floor":6,"key":"SMITH"},{"floor":8,"key":"REST"},{"data":"Sweeping Beam","floor":13,"key":"SMITH"},{"data":"Multi-Cast","floor":15,"key":"SMITH"},{"floor":25,"key":"REST"},{"floor":27,"key":"REST"},{"data":"Conserve Battery","floor":32,"key":"SMITH"},{"floor":40,"key":"REST"},{"floor":42,"key":"REST"},{"data":"Consume","floor":44,"key":"SMITH"},{"floor":47,"key":"REST"},{"floor":49,"key":"REST"}],"neow_cost":"NONE","seed_source_timestamp":1309317301512932,"circlet_count":0,"master_deck":["AscendersBane","Strike_B","Defend_B","Defend_B","Defend_B","Defend_B","Zap+1","Dualcast","Go for the Eyes+1","Conserve Battery+1","Rip and Tear","Hologram","Cold Snap","Undo","Self Repair","Sweeping Beam+1","Multi-Cast+1","Reboot","Recycle","White Noise","Seek","Rainbow","Stack","Capacitor","Consume+1","Steam+1","Conserve Battery+1","Decay"],"relics":["Cracked Core","Bag of Marbles","Bronze Scales","Symbiotic Virus","Runic Pyramid","Cables","Thread and Needle","Regal Pillow","Nuclear Battery","Pantograph"],"potions_floor_usage":[14,16,21,23,33,41,41,48,51],"damage_taken":[{"damage":2,"enemies":"2 Louse","floor":1,"turns":3},{"damage":0,"enemies":"Cultist","floor":3,"turns":3},{"damage":0,"enemies":"Small Slimes","floor":4,"turns":3},{"damage":8,"enemies":"Looter","floor":5,"turns":2},{"damage":15,"enemies":"Lagavulin","floor":7,"turns":7},{"damage":5,"enemies":"Gremlin Nob","floor":10,"turns":3},{"damage":0,"enemies":"Blue Slaver","floor":11,"turns":3},{"damage":10,"enemies":"Gremlin Gang","floor":12,"turns":3},{"damage":2,"enemies":"Exordium Thugs","floor":14,"turns":3},{"damage":13,"enemies":"The Guardian","floor":16,"turns":6},{"damage":13,"enemies":"Shell Parasite","floor":18,"turns":4},{"damage":19,"enemies":"Spheric Guardian","floor":20,"turns":5},{"damage":11,"enemies":"Centurion and Healer","floor":21,"turns":4},{"damage":9,"enemies":"3 Cultists","floor":22,"turns":3},{"damage":25,"enemies":"Slavers","floor":23,"turns":4},{"damage":5,"enemies":"Snecko","floor":28,"turns":4},{"damage":10,"enemies":"Snake Plant","floor":31,"turns":3},{"damage":10,"enemies":"Champ","floor":33,"turns":10},{"damage":21,"enemies":"3 Shapes","floor":35,"turns":5},{"damage":15,"enemies":"Orb Walker","floor":37,"turns":6},{"damage":9,"enemies":"Maw","floor":38,"turns":6},{"damage":34,"enemies":"Spire Growth","floor":39,"turns":7},{"damage":39,"enemies":"Transient","floor":41,"turns":6},{"damage":36,"enemies":"Sphere and 2 Shapes","floor":45,"turns":6},{"damage":18,"enemies":"4 Shapes","floor":48,"turns":3},{"damage":59,"enemies":"Time Eater","floor":50,"turns":7},{"damage":48,"enemies":"Awakened One","floor":51,"turns":3}],"seed_played":"-6851785446848458071","potions_obtained":[{"floor":10,"key":"Block Potion"},{"floor":11,"key":"Strength Potion"},{"floor":14,"key":"Swift Potion"},{"floor":18,"key":"Ancient Potion"},{"floor":22,"key":"Explosive Potion"},{"floor":33,"key":"FearPotion"},{"floor":35,"key":"SpeedPotion"},{"floor":41,"key":"SteroidPotion"},{"floor":45,"key":"AttackPotion"}],"is_trial":false,"path_per_floor":["M","?","M","M","M","R","E","R","T","E","M","M","R","M","R","B",null,"M","$","M","M","M","E","?","R","T","R","M","?","?","M","R","B",null,"M","$","M","M","M","R","M","R","T","R","M","?","R","M","R","B","B"],"character_chosen":"DEFECT","items_purchased":["Cables","Capacitor"],"campfire_rested":7,"item_purchase_floors":[19,36],"current_hp_per_floor":[62,52,52,52,44,44,29,50,50,45,45,35,35,33,33,27,60,54,54,42,38,36,11,11,32,32,68,63,63,63,60,60,57,68,54,54,46,44,17,53,14,50,50,50,21,21,57,46,71,19,0],"gold":110,"neow_bonus":"UPGRADE_CARD","is_prod":false,"is_daily":false,"chose_seed":false,"campfire_upgraded":5,"win_rate":0,"timestamp":1548367784,"path_taken":["M","?","M","M","?","R","E","R","T","E","M","M","R","M","R","BOSS","M","$","M","M","M","E","?","R","T","R","M","?","?","M","R","BOSS","M","$","M","M","M","R","M","R","T","R","?","?","R","?","R","BOSS","BOSS"],"build_version":"2019-01-23","purchased_purges":2,"victory":false,"max_hp_per_floor":[71,71,71,71,71,71,71,71,71,71,71,71,71,71,71,71,71,71,71,71,71,71,71,71,71,71,71,71,71,71,71,71,71,71,71,71,71,71,71,71,71,71,71,71,71,71,71,71,71,71,71],"card_choices":[{"not_picked":["Streamline","Conserve Battery"],"picked":"Go for the Eyes","floor":1},{"not_picked":["Beam Cell","Skim"],"picked":"Conserve Battery","floor":3},{"not_picked":["Storm","Machine Learning"],"picked":"Rip and Tear","floor":4},{"not_picked":["Redo","Rip and Tear"],"picked":"Hologram","floor":5},{"not_picked":["Rebound","Streamline"],"picked":"Cold Snap","floor":7},{"not_picked":["Doom and Gloom","Gash"],"picked":"Undo","floor":10},{"not_picked":["Stack","Buffer"],"picked":"Self Repair","floor":11},{"not_picked":["Rebound","Barrage"],"picked":"Sweeping Beam","floor":12},{"not_picked":["Conserve Battery","Doom and Gloom"],"picked":"Multi-Cast","floor":14},{"not_picked":["Multi-Cast","Amplify"],"picked":"Reboot","floor":16},{"not_picked":["Undo","Chill"],"picked":"Recycle","floor":18},{"not_picked":["Hologram","Redo+1","Gash"],"picked":"SKIP","floor":20},{"not_picked":["Scrape+1","Sweeping Beam","Compile Driver"],"picked":"SKIP","floor":21},{"not_picked":["Consume","Barrage"],"picked":"White Noise","floor":22},{"not_picked":["Gash","Static Discharge"],"picked":"Seek","floor":23},{"not_picked":["Aggregate","Hologram","Hello World+1"],"picked":"SKIP","floor":28},{"not_picked":["Hologram","Turbo+1","Scrape"],"picked":"SKIP","floor":31},{"not_picked":["Hyperbeam","Multi-Cast"],"picked":"Rainbow","floor":33},{"not_picked":["Aggregate+1","Self Repair"],"picked":"Stack","floor":35},{"not_picked":["Chaos","Lockon"],"picked":"Consume","floor":37},{"not_picked":["Gash","Coolheaded"],"picked":"Steam+1","floor":38},{"not_picked":["Go for the Eyes","Streamline","Beam Cell"],"picked":"SKIP","floor":39},{"not_picked":["Coolheaded","Barrage"],"picked":"Conserve Battery+1","floor":41},{"not_picked":["Sweeping Beam","Streamline","Redo"],"picked":"SKIP","floor":45},{"not_picked":["Turbo","Tempest","Scrape"],"picked":"SKIP","floor":48}],"player_experience":990491,"relics_obtained":[{"floor":7,"key":"Bag of Marbles"},{"floor":9,"key":"Bronze Scales"},{"floor":10,"key":"Symbiotic Virus"},{"floor":23,"key":"Thread and Needle"},{"floor":26,"key":"Regal Pillow"},{"floor":43,"key":"Pantograph"}],"event_choices":[{"damage_healed":0,"gold_gain":0,"player_choice":"Damaged","damage_taken":10,"max_hp_gain":0,"max_hp_loss":0,"event_name":"Wheel of Change","floor":2,"gold_loss":0},{"damage_healed":0,"gold_gain":0,"player_choice":"Ignored","damage_taken":0,"max_hp_gain":0,"max_hp_loss":0,"event_name":"Ghosts","floor":24,"gold_loss":0},{"cards_removed":["Strike_B"],"damage_healed":0,"gold_gain":0,"player_choice":"Offered Basic","damage_taken":0,"max_hp_gain":0,"max_hp_loss":0,"event_name":"Bonfire Elementals","floor":30,"gold_loss":0},{"damage_healed":0,"gold_gain":0,"player_choice":"Cursed","damage_taken":0,"max_hp_gain":0,"max_hp_loss":0,"event_name":"Wheel of Change","floor":46,"gold_loss":0,"cards_obtained":["Decay"]}],"is_beta":false,"boss_relics":[{"not_picked":["White Beast Statue","Calling Bell"],"picked":"Runic Pyramid"},{"not_picked":["FrozenCore","Coffee Dripper"],"picked":"Nuclear Battery"}],"items_purged_floors":[19,36],"is_endless":false,"potions_floor_spawned":[10,11,12,14,18,22,33,35,41,45],"killed_by":"Awakened One","ascension_level":20}