{"gold_per_floor":[367,29,29,44,58,58,85,85,85,116,116,127,137,137,137,212,212,227,240,240,109,209,209,238,238,263,298,298,316,316,331,331,408,408,422,1,49,271,284,284,616,616,639,105,121,131,231,263,263,263,263],"floor_reached":51,"playtime":8424,"items_purged":["Strike_B","Decay","Strike_B+1"],"score":1437,"play_id":"f977f195-3d92-4303-8454-35610fc8dba8","local_time":"20190127193756","is_ascension_mode":true,"campfire_choices":[{"data":"Zap","floor":6.0,"key":"SMITH"},{"data":"Defragment","floor":8.0,"key":"SMITH"},{"floor":11.0,"key":"REST"},{"data":"Creative AI","floor":15,"key":"SMITH"},{"data":"Buffer","floor":23,"key":"SMITH"},{"data":"Defragment","floor":25,"key":"SMITH"},{"floor":28,"key":"REST"},{"data":"White Noise","floor":30,"key":"SMITH"},{"data":"Go for the Eyes","floor":32,"key":"SMITH"},{"data":"Capacitor","floor":40,"key":"SMITH"},{"data":"Glacier","floor":42,"key":"SMITH"},{"data":"Apotheosis","floor":49,"key":"SMITH"}],"neow_cost":"TEN_PERCENT_HP_LOSS","seed_source_timestamp":0,"circlet_count":0,"master_deck":["AscendersBane","Defend_B","Defend_B","Defend_B","Defend_B","Zap+1","Dualcast","Defragment+1","Go for the Eyes+1","Self Repair","Ball Lightning","Creative AI+1","Coolheaded","Coolheaded","Cold Snap","Buffer+1","Gash+1","Melter","Compile Driver+1","Defragment+1","White Noise+1","Conserve Battery","FTL+1","Amplify","Glacier+1","Capacitor+1","Undo+1","Decay","Creative AI+1","Apotheosis+1","Barrage+1","Thunder Strike+1"],"special_seed":0,"relics":["Cracked Core","Bird Faced Urn","Dream Catcher","Bottled Tornado","Blood Vial","DataDisk","Cursed Key","WingedGreaves","Molten Egg 2","Kunai","Whetstone","Red Mask","Velvet Choker","ClockworkSouvenir","StoneCalendar","Old Coin","Potion Belt","DollysMirror","Pocketwatch","Mercury Hourglass"],"potions_floor_usage":[22,22,33,33,51,51,51],"damage_taken":[{"damage":2.0,"enemies":"Jaw Worm","floor":1.0,"turns":4.0},{"damage":1.0,"enemies":"Cultist","floor":4.0,"turns":4.0},{"damage":1.0,"enemies":"2 Louse","floor":5.0,"turns":3.0},{"damage":35.0,"enemies":"Lagavulin","floor":7.0,"turns":7.0},{"damage":30.0,"enemies":"3 Sentries","floor":10.0,"turns":7.0},{"damage":20.0,"enemies":"Exordium Wildlife","floor":12.0,"turns":5.0},{"damage":6,"enemies":"Looter","floor":13,"turns":4},{"damage":21,"enemies":"The Guardian","floor":16,"turns":10},{"damage":15,"enemies":"Shell Parasite","floor":18,"turns":7},{"damage":8,"enemies":"3 Byrds","floor":19,"turns":5},{"damage":27,"enemies":"Colosseum Slavers","floor":22,"turns":6},{"damage":17,"enemies":"Colosseum Nobs","floor":22,"turns":5},{"damage":50,"enemies":"Book of Stabbing","floor":24,"turns":7},{"damage":20,"enemies":"Masked Bandits","floor":27,"turns":5},{"damage":12,"enemies":"Snake Plant","floor":29,"turns":4},{"damage":3,"enemies":"Chosen and Byrds","floor":31,"turns":13},{"damage":16,"enemies":"Collector","floor":33,"turns":9},{"damage":14,"enemies":"Orb Walker","floor":35,"turns":4},{"damage":8,"enemies":"2 Orb Walkers","floor":37,"turns":3},{"damage":17,"enemies":"3 Shapes","floor":39,"turns":7},{"damage":27,"enemies":"Reptomancer","floor":41,"turns":11},{"damage":0,"enemies":"Spire Growth","floor":45,"turns":7},{"damage":11,"enemies":"Sphere and 2 Shapes","floor":46,"turns":7},{"damage":13,"enemies":"Mind Bloom Boss Battle","floor":47,"turns":7},{"damage":0,"enemies":"Giant Head","floor":48,"turns":9},{"damage":54,"enemies":"Donu and Deca","floor":50,"turns":12},{"damage":81,"enemies":"Awakened One","floor":51,"turns":5}],"seed_played":"-7247655929479249161","potions_obtained":[{"floor":4.0,"key":"FearPotion"},{"floor":7.0,"key":"Swift Potion"},{"floor":10.0,"key":"Swift Potion"},{"floor":16,"key":"Ancient Potion"},{"floor":27,"key":"SpeedPotion"},{"floor":29,"key":"Strength Potion"},{"floor":31,"key":"Dexterity Potion"},{"floor":37,"key":"SneckoOil"},{"floor":48,"key":"Explosive Potion"}],"is_trial":false,"path_per_floor":["M","$","?","M","M","R","E","R","T","E","R","M","M","?","R","B",null,"M","M","?","$","?","R","E","R","T","?","R","M","R","M","R","B",null,"M","$","?","?","M","R","E","R","T","$","M","M","?","E","R","B","B"],"character_chosen":"DEFECT","items_purchased":["Bird Faced Urn","PowerPotion","Capacitor","ClockworkSouvenir","Poison Potion","DollysMirror","Apotheosis"],"campfire_rested":2,"item_purchase_floors":[2,21,36,36,36,44,44],"current_hp_per_floor":[62,62,62,63,64,64,36,36,36,17,36,29,42,42,42,52,61,64,64,64,64,51,51,24,24,24,18,37,41,41,64,64,64,64,64,64,64,64,64,64,64,64,64,64,64,64,64,64,64,64,0],"gold":263,"neow_bonus":"TWO_FIFTY_GOLD","is_prod":false,"is_daily":false,"chose_seed":false,"campfire_upgraded":10,"win_rate":0,"timestamp":1548617876,"path_taken":["M","$","?","M","M","R","E","R","T","E","R","M","M","?","R","BOSS","M","M","?","$","?","R","E","R","T","?","R","M","R","M","R","BOSS","M","$","?","?","M","R","E","R","T","?","?","M","?","E","R","BOSS","BOSS"],"build_version":"2019-01-23","purchased_purges":3,"victory":false,"max_hp_per_floor":[64,64,64,64,64,64,64,64,64,64,64,64,64,64,64,64,64,64,64,64,64,64,64,64,64,64,64,64,64,64,64,64,64,64,64,64,64,64,64,64,64,64,64,64,64,64,64,64,64,64,64],"card_choices":[{"not_picked":["Beam Cell","Redo"],"picked":"Defragment","floor":1.0},{"not_picked":["Barrage","Steam"],"picked":"Go for the Eyes","floor":4.0},{"not_picked":["Scrape","Turbo"],"picked":"Self Repair","floor":5.0},{"not_picked":["Sweeping Beam","Beam Cell"],"picked":"Ball Lightning","floor":7.0},{"not_picked":["Glacier","Reprogram"],"picked":"Creative AI","floor":10.0},{"not_picked":["Turbo","Streamline"],"picked":"Coolheaded","floor":11.0},{"not_picked":["Streamline","Beam Cell"],"picked":"Coolheaded","floor":12},{"not_picked":["Lockon","Streamline"],"picked":"Cold Snap","floor":13},{"not_picked":["All For One","Meteor Strike"],"picked":"Buffer","floor":16},{"not_picked":["Redo","Aggregate","Barrage"],"picked":"SKIP","floor":18},{"not_picked":["Storm","Darkness","Sunder"],"picked":"SKIP","floor":19},{"not_picked":["Double Energy","Go for the Eyes"],"picked":"Compile Driver","floor":22},{"not_picked":["Redo","White Noise"],"picked":"Defragment","floor":24},{"not_picked":["Recycle","Consume"],"picked":"White Noise","floor":27},{"not_picked":["Redo","Tempest"],"picked":"Conserve Battery","floor":28},{"not_picked":["Conserve Battery","Beam Cell+1"],"picked":"FTL+1","floor":29},{"not_picked":["Turbo","Redo","Tempest"],"picked":"SKIP","floor":31},{"not_picked":["Creative AI","Fission"],"picked":"Amplify","floor":33},{"not_picked":["Leap","Barrage+1"],"picked":"Glacier","floor":35},{"not_picked":["Scrape+1","Turbo+1"],"picked":"Undo+1","floor":37},{"not_picked":["Steam","Melter+1","Chill"],"picked":"SKIP","floor":39},{"not_picked":["Gash+1","Fission","Loop"],"picked":"SKIP","floor":41},{"not_picked":["Beam Cell+1","Gash+1","Conserve Battery"],"picked":"SKIP","floor":45},{"not_picked":["Compile Driver+1","Conserve Battery"],"picked":"Barrage+1","floor":46},{"not_picked":["Compile Driver+1","Stack"],"picked":"Thunder Strike+1","floor":48}],"player_experience":1025459,"relics_obtained":[{"floor":7.0,"key":"Dream Catcher"},{"floor":9.0,"key":"Bottled Tornado"},{"floor":10.0,"key":"Blood Vial"},{"floor":22,"key":"WingedGreaves"},{"floor":22,"key":"Molten Egg 2"},{"floor":24,"key":"Kunai"},{"floor":26,"key":"Whetstone"},{"floor":27,"key":"Red Mask"},{"floor":37,"key":"StoneCalendar"},{"floor":41,"key":"Old Coin"},{"floor":43,"key":"Potion Belt"},{"floor":47,"key":"Pocketwatch"},{"floor":48,"key":"Mercury Hourglass"}],"event_choices":[{"damage_healed":0.0,"max_hp_gain":0.0,"max_hp_loss":0.0,"gold_gain":0.0,"event_name":"The Cleric","player_choice":"Leave","floor":3.0,"gold_loss":0.0,"damage_taken":0.0},{"damage_healed":0,"gold_gain":0,"player_choice":"Gave Potion","damage_taken":0,"relics_obtained":["DataDisk"],"max_hp_gain":0,"max_hp_loss":0,"event_name":"WeMeetAgain","floor":14,"gold_loss":0},{"damage_healed":0,"gold_gain":0,"cards_transformed":["Strike_B","Strike_B"],"player_choice":"Became Test Subject","damage_taken":0,"max_hp_gain":0,"max_hp_loss":0,"event_name":"Drug Dealer","floor":20,"gold_loss":0,"cards_obtained":["Gash","Melter"]},{"damage_healed":0,"gold_gain":0,"player_choice":"Fight","damage_taken":0,"max_hp_gain":0,"max_hp_loss":0,"event_name":"Colosseum","floor":22,"gold_loss":0},{"damage_healed":0,"gold_gain":0,"player_choice":"Fought Nobs","damage_taken":0,"max_hp_gain":0,"max_hp_loss":0,"event_name":"Colosseum","floor":22,"gold_loss":0},{"damage_healed":0,"gold_gain":0,"player_choice":"Fought Bandits","damage_taken":0,"max_hp_gain":0,"max_hp_loss":0,"event_name":"Masked Bandits","floor":27,"gold_loss":0},{"damage_healed":0,"gold_gain":0,"player_choice":"Fight","damage_taken":0,"max_hp_gain":0,"max_hp_loss":0,"event_name":"Mysterious Sphere","floor":37,"gold_loss":0},{"damage_healed":0,"gold_gain":222,"player_choice":"Wore Mask","damage_taken":0,"max_hp_gain":0,"max_hp_loss":0,"event_name":"Tomb of Lord Red Mask","floor":38,"gold_loss":0},{"damage_healed":0,"gold_gain":0,"player_choice":"Fight","damage_taken":0,"max_hp_gain":0,"max_hp_loss":0,"event_name":"MindBloom","floor":47,"gold_loss":0}],"is_beta":false,"boss_relics":[{"not_picked":["Snecko Eye","Orrery"],"picked":"Cursed Key"},{"not_picked":["Astrolabe","Eternal Feather"],"picked":"Velvet Choker"}],"items_purged_floors":[21,36,44],"is_endless":false,"potions_floor_spawned":[4,7,10,16,27,29,31,37,48],"killed_by":"Awakened One","ascension_level":20}