{"gold_per_floor":[114,114,130,149,224,224,224,253,253,5,5,5,33,46,46,123,123,137,137,154,168,185,185,202,215,215,215,230,34,49,68,68,145,145,159,177,16,16,16],"floor_reached":39,"playtime":3156,"items_purged":["Strike_B"],"score":794,"play_id":"8d5ba9a3-df8f-47af-acbd-db8bea9e4548","local_time":"20190129163619","is_ascension_mode":true,"campfire_choices":[{"data":"Zap","floor":6.0,"key":"SMITH"},{"floor":12.0,"key":"REST"},{"floor":15.0,"key":"REST"},{"floor":23.0,"key":"REST"},{"floor":27.0,"key":"REST"},{"floor":32.0,"key":"REST"}],"neow_cost":"NONE","seed_source_timestamp":0,"circlet_count":0,"master_deck":["AscendersBane","Strike_B","Strike_B","Strike_B+1","Defend_B","Defend_B","Defend_B","Defend_B","Zap+1","Dualcast+1","Reinforced Body","Parasite","Cold Snap","Conserve Battery","Coolheaded","Ball Lightning","Creative AI","Creative AI","Compile Driver","Reinforced Body","Glacier","Conserve Battery+1","Apotheosis","White Noise","Echo Form","Storm+1","Skim","Capacitor"],"special_seed":0,"relics":["Cracked Core","Mango","Incense Burner","Runic Capacitor","Thread and Needle","Sozu","Snecko Eye"],"potions_floor_usage":[],"damage_taken":[{"damage":1.0,"enemies":"Cultist","floor":1.0,"turns":3.0},{"damage":7.0,"enemies":"Jaw Worm","floor":3.0,"turns":4.0},{"damage":6.0,"enemies":"2 Louse","floor":4.0,"turns":3.0},{"damage":0.0,"enemies":"Gremlin Gang","floor":7.0,"turns":1.0},{"damage":25.0,"enemies":"Lagavulin","floor":8.0,"turns":7.0},{"damage":7.0,"enemies":"3 Sentries","floor":13.0,"turns":11.0},{"damage":0.0,"enemies":"Lots of Slimes","floor":14.0,"turns":4.0},{"damage":14.0,"enemies":"Hexaghost","floor":16.0,"turns":12.0},{"damage":0.0,"enemies":"Spheric Guardian","floor":18.0,"turns":6.0},{"damage":9.0,"enemies":"Chosen","floor":20.0,"turns":7.0},{"damage":40.0,"enemies":"Shelled Parasite and Fungi","floor":21.0,"turns":8.0},{"damage":10.0,"enemies":"Snecko","floor":22.0,"turns":7.0},{"damage":4.0,"enemies":"Centurion and Healer","floor":24.0,"turns":11.0},{"damage":23.0,"enemies":"Shelled Parasite and Fungi","floor":25.0,"turns":10.0},{"damage":0.0,"enemies":"Snecko","floor":28.0,"turns":6.0},{"damage":9.0,"enemies":"Centurion and Healer","floor":30.0,"turns":13.0},{"damage":17.0,"enemies":"3 Cultists","floor":31.0,"turns":5.0},{"damage":46.0,"enemies":"Collector","floor":33.0,"turns":9.0},{"damage":24,"enemies":"3 Shapes","floor":35,"turns":6},{"damage":0,"enemies":"Orb Walker","floor":36,"turns":6},{"damage":84,"enemies":"Sphere and 2 Shapes","floor":39,"turns":3}],"seed_played":"8307211741345774419","potions_obtained":[{"floor":1.0,"key":"SmokeBomb"},{"floor":4.0,"key":"LiquidBronze"},{"floor":8.0,"key":"Explosive Potion"}],"is_trial":false,"path_per_floor":["M","?","M","M","?","R","M","E","T","$","?","R","E","M","R","B",null,"M","?","M","M","M","R","M","M","T","R","M","$","M","M","R","B",null,"M","M","$","?","M"],"character_chosen":"DEFECT","items_purchased":["Runic Capacitor","Coolheaded","Apotheosis","Capacitor"],"campfire_rested":5,"item_purchase_floors":[10,10,29,37],"current_hp_per_floor":[70,70,63,57,46,46,46,35,35,35,7,34,27,27,54,40,79,79,79,70,30,20,47,43,20,20,47,47,47,38,21,48,2,70,46,46,46,75,0],"gold":16,"neow_bonus":"TEN_PERCENT_HP_BONUS","is_prod":false,"is_daily":false,"chose_seed":false,"campfire_upgraded":1,"win_rate":0,"timestamp":1548779779,"path_taken":["M","?","?","M","?","R","M","E","T","$","?","R","E","M","R","BOSS","M","?","M","M","?","R","M","M","T","R","?","$","?","M","R","BOSS","M","M","$","?","M"],"build_version":"2019-01-23","purchased_purges":1,"victory":false,"max_hp_per_floor":[78,78,78,78,78,78,78,92,92,92,92,92,92,92,92,92,92,92,92,92,92,92,92,92,92,92,92,92,92,92,92,92,92,92,92,92,92,75,75],"card_choices":[{"not_picked":["Loop","Hologram"],"picked":"Reinforced Body","floor":1.0},{"not_picked":["Steam","Compile Driver"],"picked":"Cold Snap","floor":3.0},{"not_picked":["Steam Power","Rebound"],"picked":"Conserve Battery","floor":4.0},{"not_picked":["Rebound","Streamline","Conserve Battery"],"picked":"SKIP","floor":8.0},{"not_picked":["Genetic Algorithm","Machine Learning"],"picked":"Ball Lightning","floor":13.0},{"not_picked":["FTL","Undo","Recycle"],"picked":"SKIP","floor":14.0},{"not_picked":["All For One","Fission"],"picked":"Creative AI","floor":16.0},{"not_picked":["Storm","Turbo","Conserve Battery"],"picked":"SKIP","floor":18.0},{"not_picked":["Stack","Sweeping Beam"],"picked":"Compile Driver","floor":20.0},{"not_picked":["Cold Snap","Beam Cell"],"picked":"Reinforced Body","floor":21.0},{"not_picked":["Steam","Leap"],"picked":"Glacier","floor":22.0},{"not_picked":["Cold Snap","Glacier"],"picked":"Conserve Battery+1","floor":24.0},{"not_picked":["Beam Cell","Leap","Lockon"],"picked":"SKIP","floor":25.0},{"not_picked":["Reinforced Body","Streamline","Go for the Eyes"],"picked":"SKIP","floor":28.0},{"not_picked":["Streamline","Redo","Fusion"],"picked":"SKIP","floor":30.0},{"not_picked":["Rip and Tear","Self Repair"],"picked":"White Noise","floor":31.0},{"not_picked":["Meteor Strike","Reboot"],"picked":"Echo Form","floor":33.0},{"not_picked":["Streamline","Hologram"],"picked":"Storm+1","floor":35},{"not_picked":["Conserve Battery","Go for the Eyes+1"],"picked":"Skim","floor":36}],"player_experience":1038547,"relics_obtained":[{"floor":8.0,"key":"Mango"},{"floor":9.0,"key":"Incense Burner"},{"floor":13.0,"key":"Thread and Needle"}],"event_choices":[{"damage_healed":0.0,"max_hp_gain":0.0,"max_hp_loss":0.0,"gold_gain":0.0,"event_name":"Match and Keep!","player_choice":"1 cards matched","floor":2.0,"gold_loss":0.0,"damage_taken":0.0,"cards_obtained":["Parasite"]},{"damage_healed":0.0,"max_hp_gain":0.0,"max_hp_loss":0.0,"gold_gain":75.0,"event_name":"World of Goop","player_choice":"Gather Gold","floor":5.0,"gold_loss":0.0,"damage_taken":11.0},{"damage_healed":0.0,"max_hp_gain":0.0,"max_hp_loss":0.0,"gold_gain":0.0,"event_name":"Shining Light","player_choice":"Entered Light","floor":11.0,"gold_loss":0.0,"damage_taken":28.0,"cards_upgraded":["Strike_B","Dualcast"]},{"damage_healed":0.0,"max_hp_gain":0.0,"max_hp_loss":0.0,"gold_gain":0.0,"event_name":"Duplicator","player_choice":"Copied","floor":19.0,"gold_loss":0.0,"damage_taken":0.0,"cards_obtained":["Creative AI"]},{"damage_healed":75,"gold_gain":0,"player_choice":"Heal","damage_taken":0,"max_hp_gain":0,"max_hp_loss":17,"event_name":"The Moai Head","floor":38,"gold_loss":0}],"is_beta":false,"boss_relics":[{"not_picked":["Runic Pyramid","Empty Cage"],"picked":"Sozu"},{"not_picked":["Runic Dome","Calling Bell"],"picked":"Snecko Eye"}],"items_purged_floors":[37],"is_endless":false,"potions_floor_spawned":[1,4,8,18,24,25,28,35,36],"killed_by":"Sphere and 2 Shapes","ascension_level":20}