{"gold_per_floor":[117,117,117,8,28,53,53,81,107,117,31,31,65,82,82,160,160,172,198,209,309,31,31,57,57,111,111,122,172,197,209,209,287,287,297,297,317,50,50,50],"floor_reached":40,"playtime":2802,"items_purged":["Strike_B","Strike_B"],"score":930,"play_id":"a531a967-ebb7-478c-b600-fb4025418306","local_time":"20190526183707","is_ascension_mode":true,"campfire_choices":[{"floor":7,"key":"REST"},{"floor":12,"key":"REST"},{"data":"Defragment","floor":15,"key":"SMITH"},{"floor":23,"key":"REST"},{"floor":27,"key":"REST"},{"floor":32,"key":"REST"}],"neow_cost":"NONE","seed_source_timestamp":62672699599026,"circlet_count":0,"master_deck":["AscendersBane","Strike_B","Defend_B+1","Defend_B+1","Defend_B","Defend_B","Zap","Dualcast","Rebound+1","Ball Lightning","Go for the Eyes","Ball Lightning+1","Conserve Battery+1","Doom and Gloom+1","Defragment+1","Cold Snap","Buffer","Rip and Tear+1","Biased Cognition","Compile Driver+1","Biased Cognition","Conserve Battery+1"],"relics":["Cracked Core","NeowsBlessing","Bag of Marbles","Pocketwatch","Dodecahedron","Bag of Preparation","Ancient Tea Set","Inserter","Strawberry","Du-Vu Doll","Molten Egg 2","PreservedInsect","Singing Bowl","War Paint","Regal Pillow","Snecko Eye","Whetstone"],"potions_floor_usage":[8,8,21,21,33,40],"damage_taken":[{"damage":0,"enemies":"Jaw Worm","floor":1,"turns":1},{"damage":0,"enemies":"2 Louse","floor":5,"turns":1},{"damage":0,"enemies":"3 Sentries","floor":6,"turns":1},{"damage":7,"enemies":"Lagavulin","floor":8,"turns":6},{"damage":0,"enemies":"Cultist","floor":10,"turns":2},{"damage":12,"enemies":"3 Sentries","floor":13,"turns":5},{"damage":6,"enemies":"Red Slaver","floor":14,"turns":2},{"damage":4,"enemies":"The Guardian","floor":16,"turns":8},{"damage":26,"enemies":"2 Thieves","floor":18,"turns":3},{"damage":0,"enemies":"Chosen","floor":20,"turns":4},{"damage":25,"enemies":"Colosseum Slavers","floor":21,"turns":3},{"damage":6,"enemies":"Colosseum Nobs","floor":21,"turns":4},{"damage":11,"enemies":"Gremlin Leader","floor":24,"turns":5},{"damage":0,"enemies":"Snecko","floor":28,"turns":4},{"damage":29,"enemies":"Slavers","floor":30,"turns":3},{"damage":7,"enemies":"Cultist and Chosen","floor":31,"turns":5},{"damage":5,"enemies":"Champ","floor":33,"turns":15},{"damage":17,"enemies":"3 Darklings","floor":35,"turns":5},{"damage":4,"enemies":"3 Shapes","floor":37,"turns":6},{"damage":57,"enemies":"Reptomancer","floor":40,"turns":2}],"seed_played":"4827626405961794849","potions_obtained":[{"floor":5,"key":"Strength Potion"},{"floor":6,"key":"Strength Potion"},{"floor":8,"key":"SteroidPotion"},{"floor":13,"key":"EssenceOfSteel"},{"floor":24,"key":"PowerPotion"},{"floor":28,"key":"Strength Potion"},{"floor":33,"key":"SkillPotion"}],"is_trial":false,"path_per_floor":["M","?","?","$","M","E","R","E","T","M","$","R","E","M","R","B",null,"M","T","M","?","$","R","E","?","T","R","M","?","E","M","R","B",null,"M","?","M","$","?","E"],"character_chosen":"DEFECT","items_purchased":["Ball Lightning","Go for the Eyes","Defragment","PreservedInsect","Rip and Tear+1","Whetstone"],"campfire_rested":5,"item_purchase_floors":[4,4,11,22,22,38],"current_hp_per_floor":[64,43,8,8,8,8,29,22,22,22,22,43,31,25,25,21,59,33,40,40,9,9,32,21,21,21,44,46,46,17,12,51,46,73,56,56,54,54,54,0],"gold":50,"neow_bonus":"THREE_ENEMY_KILL","is_prod":false,"is_daily":false,"chose_seed":false,"campfire_upgraded":1,"win_rate":0,"timestamp":1558892227,"path_taken":["M","?","?","$","?","E","R","E","T","M","$","R","E","M","R","BOSS","M","?","?","?","$","R","E","?","T","R","M","?","E","M","R","BOSS","M","?","M","$","?","E"],"build_version":"2019-01-23","purchased_purges":2,"victory":false,"max_hp_per_floor":[71,71,71,71,71,71,71,71,71,71,71,71,71,71,71,71,71,71,78,78,78,78,78,78,78,78,78,80,80,80,82,82,82,82,82,82,84,84,80,80],"card_choices":[{"not_picked":["Steam","Tempest"],"picked":"Rebound","floor":1},{"not_picked":["Sweeping Beam","Undo"],"picked":"Ball Lightning","floor":5},{"not_picked":["Ball Lightning","Consume"],"picked":"Conserve Battery","floor":6},{"not_picked":["White Noise","Multi-Cast"],"picked":"Doom and Gloom","floor":8},{"not_picked":["Reprogram","Steam Power","Stack"],"picked":"SKIP","floor":10},{"not_picked":["Steam","Recycle","Steam Power"],"picked":"SKIP","floor":13},{"not_picked":["Auto Shields","Gash"],"picked":"Cold Snap","floor":14},{"not_picked":["Thunder Strike","Reboot"],"picked":"Buffer","floor":16},{"not_picked":["Rip and Tear","Cold Snap","Doom and Gloom"],"picked":"SKIP","floor":18},{"not_picked":["Melter","BootSequence","Aggregate"],"picked":"SKIP","floor":20},{"not_picked":["Sunder+1","Self Repair"],"picked":"Biased Cognition","floor":24},{"not_picked":["Gash+1","Heatsinks+1","Steam Power"],"picked":"Singing Bowl","floor":28},{"not_picked":["Force Field+1","Conserve Battery"],"picked":"Compile Driver+1","floor":30},{"not_picked":["Redo","Skim","Compile Driver+1"],"picked":"Singing Bowl","floor":31},{"not_picked":["Meteor Strike+1","Reboot"],"picked":"Biased Cognition","floor":33},{"not_picked":["Go for the Eyes+1","Compile Driver+1"],"picked":"Conserve Battery+1","floor":35},{"not_picked":["Redo","Leap","Beam Cell+1"],"picked":"Singing Bowl","floor":37}],"player_experience":1477429,"relics_obtained":[{"floor":6,"key":"Pocketwatch"},{"floor":8,"key":"Dodecahedron"},{"floor":9,"key":"Bag of Preparation"},{"floor":13,"key":"Ancient Tea Set"},{"floor":19,"key":"Strawberry"},{"floor":21,"key":"Du-Vu Doll"},{"floor":21,"key":"Molten Egg 2"},{"floor":24,"key":"Singing Bowl"},{"floor":26,"key":"War Paint"},{"floor":30,"key":"Regal Pillow"}],"event_choices":[{"damage_healed":0,"gold_gain":0,"player_choice":"Entered Light","damage_taken":21,"max_hp_gain":0,"max_hp_loss":0,"event_name":"Shining Light","floor":2,"gold_loss":0,"cards_upgraded":["Defend_B","Rebound"]},{"damage_healed":0,"gold_gain":0,"player_choice":"Success","damage_taken":35,"relics_obtained":["Bag of Marbles"],"max_hp_gain":0,"max_hp_loss":0,"event_name":"Scrap Ooze","floor":3,"gold_loss":0},{"damage_healed":0,"gold_gain":0,"player_choice":"Fight","damage_taken":0,"max_hp_gain":0,"max_hp_loss":0,"event_name":"Colosseum","floor":21,"gold_loss":0},{"damage_healed":0,"gold_gain":0,"player_choice":"Fought Nobs","damage_taken":0,"max_hp_gain":0,"max_hp_loss":0,"event_name":"Colosseum","floor":21,"gold_loss":0},{"damage_healed":0,"gold_gain":0,"player_choice":"Ignored","damage_taken":0,"max_hp_gain":0,"max_hp_loss":0,"event_name":"Ghosts","floor":25,"gold_loss":0},{"damage_healed":0,"gold_gain":50,"player_choice":"Stole From Cult","damage_taken":0,"max_hp_gain":0,"max_hp_loss":0,"event_name":"Nest","floor":29,"gold_loss":0},{"cards_removed":["Strike_B"],"damage_healed":0,"gold_gain":0,"player_choice":"Removed Attack","damage_taken":0,"max_hp_gain":0,"max_hp_loss":0,"event_name":"Falling","floor":36,"gold_loss":0},{"damage_healed":0,"gold_gain":0,"player_choice":"Max HP","damage_taken":0,"max_hp_gain":0,"max_hp_loss":4,"event_name":"Winding Halls","floor":39,"gold_loss":0}],"is_beta":false,"boss_relics":[{"not_picked":["Fusion Hammer","Coffee Dripper"],"picked":"Inserter"},{"not_picked":["White Beast Statue","Velvet Choker"],"picked":"Snecko Eye"}],"items_purged_floors":[22,38],"is_endless":false,"potions_floor_spawned":[5,6,8,13,16,21,24,28,31,33],"killed_by":"Reptomancer","ascension_level":20}