{"gold_per_floor":[119,119,129,129,143,143,178,178,178,178,194,247,276,291,291,291],"floor_reached":16,"playtime":614,"items_purged":[],"score":220,"play_id":"32c0c586-00ba-4992-b55c-94d0f5de3c04","local_time":"20190527000838","is_ascension_mode":true,"campfire_choices":[{"data":"Sunder","floor":6.0,"key":"SMITH"},{"data":"Creative AI","floor":8,"key":"SMITH"},{"floor":10,"key":"REST"},{"floor":15,"key":"REST"}],"neow_cost":"NONE","seed_source_timestamp":84703137462330,"circlet_count":0,"master_deck":["AscendersBane","Strike_B","Strike_B","Strike_B","Defend_B","Defend_B","Defend_B","Defend_B","Zap+1","Dualcast","Cold Snap","Sunder+1","Creative AI+1","Self Repair","Leap"],"special_seed":0,"relics":["Cracked Core","Singing Bowl","Tiny Chest","Prayer Wheel"],"potions_floor_usage":[13,16,16],"damage_taken":[{"damage":5.0,"enemies":"2 Louse","floor":1.0,"turns":3.0},{"damage":0.0,"enemies":"Cultist","floor":3.0,"turns":3.0},{"damage":0.0,"enemies":"Jaw Worm","floor":5.0,"turns":3.0},{"damage":39,"enemies":"Gremlin Nob","floor":7,"turns":4},{"damage":10,"enemies":"Large Slime","floor":11,"turns":4},{"damage":34,"enemies":"Lagavulin","floor":13,"turns":8},{"damage":7,"enemies":"Exordium Wildlife","floor":14,"turns":4},{"damage":41,"enemies":"The Guardian","floor":16,"turns":8}],"seed_played":"-6047597338222919942","potions_obtained":[{"floor":1.0,"key":"SpeedPotion"},{"floor":13,"key":"SkillPotion"},{"floor":14,"key":"SpeedPotion"}],"is_trial":false,"path_per_floor":["M","?","M","?","M","R","E","R","T","R","M","T","E","M","R","B"],"character_chosen":"DEFECT","items_purchased":[],"campfire_rested":2,"item_purchase_floors":[],"current_hp_per_floor":[59,59,59,59,59,59,20,20,20,41,38,38,13,17,40,0],"gold":291,"neow_bonus":"UPGRADE_CARD","is_prod":false,"is_daily":false,"chose_seed":false,"campfire_upgraded":2,"win_rate":0,"timestamp":1558912118,"path_taken":["M","?","M","?","M","R","E","R","T","R","?","?","E","M","R","BOSS"],"build_version":"2019-01-23","purchased_purges":0,"victory":false,"max_hp_per_floor":[71,71,71,71,71,71,71,71,71,71,71,71,73,77,77,77],"card_choices":[{"not_picked":["BootSequence","Rebound"],"picked":"Cold Snap","floor":1.0},{"not_picked":["Sweeping Beam","Conserve Battery"],"picked":"Sunder","floor":3.0},{"not_picked":["Auto Shields","Compile Driver"],"picked":"Creative AI","floor":5.0},{"not_picked":["Steam","Redo"],"picked":"Self Repair","floor":7},{"not_picked":["Chill","Streamline"],"picked":"Leap","floor":11},{"not_picked":["Beam Cell","Skim","Redo"],"picked":"Singing Bowl","floor":13},{"not_picked":["Gash","Storm","Rebound"],"picked":"Singing Bowl","floor":14},{"not_picked":["Consume","Beam Cell","Rip and Tear"],"picked":"Singing Bowl","floor":14}],"player_experience":1485380,"relics_obtained":[{"floor":7,"key":"Singing Bowl"},{"floor":12,"key":"Tiny Chest"},{"floor":13,"key":"Prayer Wheel"}],"event_choices":[{"damage_healed":0.0,"max_hp_gain":0.0,"max_hp_loss":0.0,"gold_gain":0.0,"event_name":"Liars Game","player_choice":"Ignored","floor":2.0,"gold_loss":0.0,"damage_taken":0.0},{"cards_removed":["Strike_B"],"damage_healed":0.0,"max_hp_gain":0.0,"max_hp_loss":0.0,"gold_gain":0.0,"event_name":"Bonfire Elementals","player_choice":"Offered Basic","floor":4.0,"gold_loss":0.0,"damage_taken":0.0}],"is_beta":false,"boss_relics":[],"items_purged_floors":[],"is_endless":false,"potions_floor_spawned":[1,13,14],"killed_by":"The Guardian","ascension_level":20}