{"gold_per_floor":[112,125,50,100,119,148,148,148,148,148,148,163,163,174,174,250,250,268,268,268,218,230,230,245,245,245,275,291,291,291,306,306,377,377,392,492,542,554,573,585,585,604,604,604],"floor_reached":44,"playtime":2636,"items_purged":[],"score":860,"play_id":"2a1d9b33-0b8d-49e4-9894-66bff4194b76","local_time":"20190522231912","is_ascension_mode":true,"campfire_choices":[{"data":"Creative AI","floor":7,"key":"SMITH"},{"floor":11,"key":"REST"},{"floor":13,"key":"REST"},{"data":"Zap","floor":15,"key":"SMITH"},{"floor":23,"key":"REST"},{"floor":25,"key":"REST"},{"floor":29,"key":"REST"},{"floor":32,"key":"RECALL"},{"floor":41,"key":"REST"}],"neow_cost":"NONE","seed_source_timestamp":250056334248809,"circlet_count":0,"master_deck":["AscendersBane","Strike_B+1","Strike_B+1","Strike_B+1","Defend_B+1","Defend_B+1","Defend_B+1","Defend_B+1","Zap+1","Dualcast","Ball Lightning","Compile Driver","Conserve Battery","Creative AI+1","Coolheaded","Cold Snap","Electrodynamics+1","Turbo+1","Glacier","Genetic Algorithm+1","Amplify+1","Glacier+1","Leap+1","Leap+1","Parasite"],"relics":["Cracked Core","NeowsBlessing","Darkstone Periapt","Gremlin Horn","Fusion Hammer","Toxic Egg 2","Bottled Lightning","NlothsMask","Snecko Eye","Nunchaku"],"potions_floor_usage":[6,6,16,24,27,42,42],"damage_taken":[{"damage":0,"enemies":"2 Louse","floor":1,"turns":1},{"damage":0,"enemies":"Jaw Worm","floor":2,"turns":1},{"damage":0,"enemies":"Cultist","floor":5,"turns":1},{"damage":44,"enemies":"Gremlin Nob","floor":6,"turns":5},{"damage":28,"enemies":"Large Slime","floor":12,"turns":6},{"damage":2,"enemies":"2 Fungi Beasts","floor":14,"turns":5},{"damage":17,"enemies":"Hexaghost","floor":16,"turns":9},{"damage":12,"enemies":"Chosen","floor":18,"turns":6},{"damage":0,"enemies":"3 Byrds","floor":22,"turns":2},{"damage":16,"enemies":"Cultist and Chosen","floor":24,"turns":6},{"damage":26,"enemies":"Slavers","floor":27,"turns":2},{"damage":3,"enemies":"Centurion and Healer","floor":28,"turns":5},{"damage":0,"enemies":"3 Cultists","floor":31,"turns":4},{"damage":19,"enemies":"Champ","floor":33,"turns":13},{"damage":16,"enemies":"Orb Walker","floor":35,"turns":5},{"damage":20,"enemies":"Mind Bloom Boss Battle","floor":36,"turns":9},{"damage":7,"enemies":"3 Darklings","floor":38,"turns":4},{"damage":7,"enemies":"4 Shapes","floor":39,"turns":4},{"damage":17,"enemies":"Sphere and 2 Shapes","floor":40,"turns":5},{"damage":20,"enemies":"Writhing Mass","floor":42,"turns":8},{"damage":24,"enemies":"Reptomancer","floor":44,"turns":2}],"seed_played":"3474102445992671012","potions_obtained":[{"floor":1,"key":"Weak Potion"},{"floor":2,"key":"LiquidBronze"},{"floor":14,"key":"Energy Potion"},{"floor":16,"key":"Regen Potion"},{"floor":24,"key":"SkillPotion"},{"floor":28,"key":"Fire Potion"},{"floor":33,"key":"SpeedPotion"},{"floor":36,"key":"EssenceOfSteel"}],"is_trial":false,"path_per_floor":["M","M","?","?","M","E","R","?","T","?","R","M","R","M","R","B",null,"M","?","?","?","M","R","M","R","T","E","M","R","?","M","R","B",null,"M","?","?","M","M","M","R","M","T","E"],"character_chosen":"DEFECT","items_purchased":[],"campfire_rested":6,"item_purchase_floors":[],"current_hp_per_floor":[64,64,64,64,64,20,20,20,20,20,41,13,34,32,32,15,57,45,25,25,25,25,47,46,68,68,42,39,61,61,61,61,42,68,52,32,32,25,18,1,23,9,9,0],"gold":604,"neow_bonus":"THREE_ENEMY_KILL","is_prod":false,"is_daily":false,"chose_seed":false,"campfire_upgraded":2,"win_rate":0,"timestamp":1558563552,"path_taken":["M","M","?","?","?","E","R","?","T","?","R","M","R","M","R","BOSS","M","?","?","?","?","R","M","R","T","E","M","R","?","?","R","BOSS","M","?","?","M","?","M","R","M","T","E"],"build_version":"2019-01-23","purchased_purges":0,"victory":false,"max_hp_per_floor":[71,71,71,71,71,71,71,71,71,71,71,71,71,71,71,71,71,71,76,76,76,76,76,76,76,76,76,76,76,76,76,76,76,76,76,76,76,76,76,76,76,82,82,82],"card_choices":[{"not_picked":["Scrape","Redo"],"picked":"Ball Lightning","floor":1},{"not_picked":["Sweeping Beam","Melter"],"picked":"Compile Driver","floor":2},{"not_picked":["BootSequence","Compile Driver"],"picked":"Conserve Battery","floor":5},{"not_picked":["Go for the Eyes","Stack"],"picked":"Creative AI","floor":6},{"not_picked":["Rebound","Barrage"],"picked":"Coolheaded","floor":12},{"not_picked":["Beam Cell","Machine Learning"],"picked":"Cold Snap","floor":14},{"not_picked":["All For One","Rainbow"],"picked":"Electrodynamics","floor":16},{"not_picked":["Steam","Rebound"],"picked":"Turbo+1","floor":18},{"not_picked":["Force Field","BootSequence"],"picked":"Glacier","floor":22},{"not_picked":["Conserve Battery","Compile Driver","Melter"],"picked":"SKIP","floor":24},{"not_picked":["Sweeping Beam","Barrage"],"picked":"Genetic Algorithm+1","floor":27},{"not_picked":["Scrape","Blizzard","Electrodynamics"],"picked":"SKIP","floor":28},{"not_picked":["Barrage","Ball Lightning","Rebound"],"picked":"SKIP","floor":31},{"not_picked":["Biased Cognition","All For One"],"picked":"Amplify+1","floor":33},{"not_picked":["Sunder","Melter","Ball Lightning"],"picked":"SKIP","floor":35},{"not_picked":["Recycle+1","Skim+1"],"picked":"Glacier+1","floor":38},{"not_picked":["Force Field+1","Cold Snap+1"],"picked":"Leap+1","floor":39},{"not_picked":["Compile Driver","Gash"],"picked":"Leap+1","floor":40},{"not_picked":["Streamline","Blizzard","Rebound"],"picked":"SKIP","floor":42}],"player_experience":1427365,"relics_obtained":[{"floor":6,"key":"Darkstone Periapt"},{"floor":9,"key":"Gremlin Horn"},{"floor":26,"key":"Toxic Egg 2"},{"floor":27,"key":"Bottled Lightning"},{"floor":36,"key":"Nunchaku"}],"event_choices":[{"cards_removed":["Strike_B"],"damage_healed":0,"gold_gain":0,"player_choice":"Card Removal","damage_taken":0,"max_hp_gain":0,"max_hp_loss":0,"event_name":"The Cleric","floor":3,"gold_loss":75},{"damage_healed":0,"gold_gain":50,"player_choice":"Pray","damage_taken":0,"max_hp_gain":0,"max_hp_loss":0,"event_name":"Golden Shrine","floor":4,"gold_loss":0},{"damage_healed":0,"gold_gain":0,"player_choice":"Ignored","damage_taken":0,"max_hp_gain":0,"max_hp_loss":0,"event_name":"Shining Light","floor":8,"gold_loss":0},{"damage_healed":0,"gold_gain":0,"player_choice":"Ignored","damage_taken":0,"max_hp_gain":0,"max_hp_loss":0,"event_name":"Liars Game","floor":10,"gold_loss":0},{"damage_healed":0,"gold_gain":0,"player_choice":"Shed Blood","damage_taken":25,"max_hp_gain":5,"max_hp_loss":0,"event_name":"Forgotten Altar","floor":19,"gold_loss":0},{"damage_healed":0,"gold_gain":0,"player_choice":"Simplicity","damage_taken":0,"max_hp_gain":0,"max_hp_loss":0,"event_name":"Back to Basics","floor":20,"gold_loss":0,"cards_upgraded":["Strike_B","Strike_B","Strike_B","Defend_B","Defend_B","Defend_B","Defend_B"]},{"damage_healed":0,"gold_gain":0,"player_choice":"Upgrade","damage_taken":0,"max_hp_gain":0,"max_hp_loss":0,"event_name":"Designer","floor":21,"gold_loss":50,"cards_upgraded":["Electrodynamics"]},{"damage_healed":0,"gold_gain":0,"player_choice":"Trade","damage_taken":0,"relics_obtained":["NlothsMask"],"max_hp_gain":0,"max_hp_loss":0,"event_name":"FaceTrader","floor":30,"gold_loss":0},{"damage_healed":0,"gold_gain":0,"player_choice":"Fight","damage_taken":0,"max_hp_gain":0,"max_hp_loss":0,"event_name":"MindBloom","floor":36,"gold_loss":0},{"damage_healed":0,"gold_gain":50,"player_choice":"Pray","damage_taken":0,"max_hp_gain":0,"max_hp_loss":0,"event_name":"Golden Shrine","floor":37,"gold_loss":0}],"is_beta":false,"boss_relics":[{"not_picked":["Orrery","Inserter"],"picked":"Fusion Hammer"},{"not_picked":["Black Star","Coffee Dripper"],"picked":"Snecko Eye"}],"items_purged_floors":[],"is_endless":false,"potions_floor_spawned":[1,2,14,16,24,28,33,36,38,40],"killed_by":"Reptomancer","ascension_level":20}