{"gold_per_floor":[113,113,113,14,33,65,65,82,82,82,113,113,129,139,139,216,216,229,9,23,35,35,48,48,67,93,93,120,120,145,163,163,237,237,253,266,266,7,7],"floor_reached":39,"playtime":2940,"items_purged":["Strike_B","Decay"],"score":962,"play_id":"d03fdb4f-9f49-475c-a8c1-09281c762ab8","local_time":"20190525231924","is_ascension_mode":true,"campfire_choices":[{"data":"Zap","floor":7,"key":"SMITH"},{"data":"White Noise","floor":12,"key":"SMITH"},{"data":"Coolheaded","floor":15,"key":"SMITH"},{"floor":24,"key":"REST"},{"floor":27,"key":"REST"},{"floor":29,"key":"REST"},{"data":"Buffer","floor":32,"key":"SMITH"}],"neow_cost":"NONE","seed_source_timestamp":508889768781414,"circlet_count":0,"master_deck":["AscendersBane","Strike_B","Strike_B","Strike_B","Defend_B","Defend_B","Defend_B+1","Defend_B+1","Zap+1","Dualcast","White Noise+1","Ball Lightning","Coolheaded+1","Leap","FTL","Compile Driver","Go for the Eyes","Conserve Battery+1","Hologram+1","All For One","Beam Cell","Sweeping Beam+1","Conserve Battery+1","Stack+1","Gash","Double Energy+1","Buffer+1","Glacier+1","Biased Cognition","Coolheaded+1","Seek+1","Stack+1"],"relics":["Cracked Core","NeowsBlessing","Mercury Hourglass","Toxic Egg 2","Bag of Marbles","Gremlin Horn","The Courier","Sozu","Kunai","Blood Vial","War Paint","Question Card","Inserter"],"potions_floor_usage":[11,13,33,39],"damage_taken":[{"damage":0,"enemies":"Cultist","floor":1,"turns":1},{"damage":0,"enemies":"2 Louse","floor":5,"turns":1},{"damage":0,"enemies":"Lagavulin","floor":6,"turns":1},{"damage":0,"enemies":"Jaw Worm","floor":8,"turns":2},{"damage":8,"enemies":"3 Sentries","floor":11,"turns":4},{"damage":0,"enemies":"Gremlin Gang","floor":13,"turns":2},{"damage":0,"enemies":"2 Fungi Beasts","floor":14,"turns":3},{"damage":9,"enemies":"The Guardian","floor":16,"turns":11},{"damage":1,"enemies":"3 Byrds","floor":18,"turns":3},{"damage":9,"enemies":"2 Thieves","floor":20,"turns":3},{"damage":15,"enemies":"Snake Plant","floor":21,"turns":5},{"damage":1,"enemies":"Chosen and Byrds","floor":23,"turns":5},{"damage":20,"enemies":"Centurion and Healer","floor":25,"turns":6},{"damage":17,"enemies":"Slavers","floor":28,"turns":4},{"damage":0,"enemies":"Gremlin Leader","floor":30,"turns":6},{"damage":19,"enemies":"Snake Plant","floor":31,"turns":5},{"damage":50,"enemies":"Automaton","floor":33,"turns":14},{"damage":35,"enemies":"3 Darklings","floor":35,"turns":4},{"damage":0,"enemies":"3 Shapes","floor":36,"turns":4},{"damage":34,"enemies":"Jaw Worm Horde","floor":39,"turns":2}],"seed_played":"8974207418469145452","potions_obtained":[{"floor":5,"key":"Weak Potion"},{"floor":6,"key":"Block Potion"},{"floor":11,"key":"Fire Potion"},{"floor":16,"key":"SneckoOil"}],"is_trial":false,"path_per_floor":["M","?","?","$","M","E","R","M","T","T","E","R","M","M","R","B",null,"M","$","M","M","?","M","R","M","T","R","E","R","E","M","R","B",null,"M","M","?","$","M"],"character_chosen":"DEFECT","items_purchased":["Coolheaded","Kunai","Seek+1","Stack+1"],"campfire_rested":3,"item_purchase_floors":[4,19,38,38],"current_hp_per_floor":[64,59,59,59,59,59,59,59,59,59,51,51,51,51,51,42,64,63,63,54,39,39,38,59,39,39,60,45,66,68,51,51,3,54,21,23,23,23,0],"gold":7,"neow_bonus":"THREE_ENEMY_KILL","is_prod":false,"is_daily":false,"chose_seed":false,"campfire_upgraded":4,"win_rate":0,"timestamp":1558822764,"path_taken":["M","?","?","$","?","E","R","?","T","?","E","R","M","M","R","BOSS","M","$","?","M","?","M","R","M","T","R","E","R","E","M","R","BOSS","M","?","?","$","M"],"build_version":"2019-01-23","purchased_purges":2,"victory":false,"max_hp_per_floor":[71,71,71,71,71,71,71,71,71,71,71,71,71,71,71,71,71,71,71,71,71,71,71,71,71,71,71,71,71,71,71,71,71,71,71,71,67,67,67],"card_choices":[{"not_picked":["Sweeping Beam","Storm"],"picked":"White Noise","floor":1},{"not_picked":["Steam","BootSequence"],"picked":"Leap","floor":5},{"not_picked":["Hello World","Melter"],"picked":"FTL","floor":6},{"not_picked":["Rebound","Machine Learning"],"picked":"Compile Driver","floor":8},{"not_picked":["Compile Driver","Redo+1"],"picked":"Go for the Eyes","floor":11},{"not_picked":["Rip and Tear","Coolheaded+1"],"picked":"Conserve Battery+1","floor":13},{"not_picked":["Heatsinks","Ball Lightning"],"picked":"Hologram+1","floor":14},{"not_picked":["Echo Form","Reboot+1"],"picked":"All For One","floor":16},{"not_picked":["Cold Snap","Scrape"],"picked":"Beam Cell","floor":18},{"not_picked":["Conserve Battery+1","Storm"],"picked":"Sweeping Beam+1","floor":20},{"not_picked":["Aggregate+1","Sunder"],"picked":"Conserve Battery+1","floor":21},{"not_picked":["Storm","Electrodynamics"],"picked":"Stack+1","floor":23},{"not_picked":["Chill+1","Coolheaded+1"],"picked":"Gash","floor":25},{"not_picked":["Multi-Cast+1","Barrage"],"picked":"Double Energy+1","floor":28},{"not_picked":["Barrage","Sweeping Beam+1"],"picked":"Buffer","floor":30},{"not_picked":["Streamline","Genetic Algorithm+1","Ball Lightning"],"picked":"Glacier+1","floor":31},{"not_picked":["Machine Learning","Meteor Strike","Reboot+1"],"picked":"Biased Cognition","floor":33},{"not_picked":["Melter","Sweeping Beam","FTL","Chaos+1"],"picked":"SKIP","floor":35},{"not_picked":["Hologram+1","Beam Cell","Capacitor+1"],"picked":"Coolheaded+1","floor":36}],"player_experience":1459087,"relics_obtained":[{"floor":6,"key":"Toxic Egg 2"},{"floor":9,"key":"Bag of Marbles"},{"floor":10,"key":"Gremlin Horn"},{"floor":11,"key":"The Courier"},{"floor":26,"key":"Blood Vial"},{"floor":28,"key":"War Paint"},{"floor":30,"key":"Question Card"}],"event_choices":[{"damage_healed":0,"gold_gain":0,"player_choice":"Success","damage_taken":5,"relics_obtained":["Mercury Hourglass"],"max_hp_gain":0,"max_hp_loss":0,"event_name":"Scrap Ooze","floor":2,"gold_loss":0},{"damage_healed":0,"gold_gain":0,"player_choice":"1 cards matched","damage_taken":0,"max_hp_gain":0,"max_hp_loss":0,"event_name":"Match and Keep!","floor":3,"gold_loss":0,"cards_obtained":["Ball Lightning"]},{"damage_healed":0,"gold_gain":0,"player_choice":"Cursed","damage_taken":0,"max_hp_gain":0,"max_hp_loss":0,"event_name":"Wheel of Change","floor":22,"gold_loss":0,"cards_obtained":["Decay"]},{"damage_healed":0,"gold_gain":0,"player_choice":"Max HP","damage_taken":0,"max_hp_gain":0,"max_hp_loss":4,"event_name":"Winding Halls","floor":37,"gold_loss":0}],"is_beta":false,"boss_relics":[{"not_picked":["Empty Cage","Black Star"],"picked":"Sozu"},{"not_picked":["Velvet Choker","White Beast Statue"],"picked":"Inserter"}],"items_purged_floors":[4,38],"is_endless":false,"potions_floor_spawned":[5,6,11,16,20,25,33,35],"killed_by":"Jaw Worm Horde","ascension_level":20}