{"gold_per_floor":[111,111,111,123,136,136,163,163,231,249,249,214,226,4,4,81,81,93,39,52,52,52],"floor_reached":22,"playtime":1546,"items_purged":["Strike_B"],"score":368,"play_id":"4e5fe5f0-9e40-4861-bb47-d4ed00d2b335","local_time":"20190526114712","is_ascension_mode":true,"campfire_choices":[{"floor":6.0,"key":"REST"},{"data":"Sweeping Beam","floor":8.0,"key":"SMITH"},{"data":"Static Discharge","floor":11.0,"key":"SMITH"},{"data":"Ball Lightning","floor":15,"key":"SMITH"}],"neow_cost":"NONE","seed_source_timestamp":39264628005022,"circlet_count":0,"master_deck":["AscendersBane","Strike_B+1","Strike_B+1","Strike_B","Defend_B","Defend_B","Defend_B","Defend_B","Zap+1","Dualcast","Sweeping Beam+1","Coolheaded","Static Discharge+1","Conserve Battery","Self Repair","Ball Lightning+1","Hyperbeam","Steam+1","Undo"],"special_seed":0,"relics":["Cracked Core","PreservedInsect","Sundial","Velvet Choker","Gambling Chip"],"potions_floor_usage":[16,16,22,22],"damage_taken":[{"damage":2.0,"enemies":"Jaw Worm","floor":1.0,"turns":2.0},{"damage":0.0,"enemies":"Cultist","floor":4.0,"turns":2.0},{"damage":4.0,"enemies":"2 Louse","floor":5.0,"turns":2.0},{"damage":25.0,"enemies":"Gremlin Nob","floor":7.0,"turns":4.0},{"damage":7.0,"enemies":"Exordium Wildlife","floor":10.0,"turns":4.0},{"damage":8,"enemies":"Red Slaver","floor":13,"turns":3},{"damage":25,"enemies":"Hexaghost","floor":16,"turns":8},{"damage":23,"enemies":"2 Thieves","floor":18,"turns":3},{"damage":23,"enemies":"Spheric Guardian","floor":20,"turns":3},{"damage":54,"enemies":"Chosen and Byrds","floor":22,"turns":3}],"seed_played":"-2751453626997026897","potions_obtained":[{"floor":5.0,"key":"Ancient Potion"},{"floor":7.0,"key":"Fire Potion"},{"floor":13,"key":"PowerPotion"},{"floor":20,"key":"Strength Potion"}],"is_trial":false,"path_per_floor":["M","?","?","M","M","R","E","R","T","M","R","?","M","$","R","B",null,"M","$","M","T","M"],"character_chosen":"DEFECT","items_purchased":["Self Repair","Ball Lightning","Poison Potion","AttackPotion"],"campfire_rested":1,"item_purchase_floors":[14,14,14,19],"current_hp_per_floor":[62,62,41,41,37,58,33,33,33,26,26,43,35,35,35,17,58,42,42,26,26,0],"gold":52,"neow_bonus":"UPGRADE_CARD","is_prod":false,"is_daily":false,"chose_seed":false,"campfire_upgraded":3,"win_rate":0,"timestamp":1558867632,"path_taken":["M","?","?","M","M","R","E","R","T","M","R","?","?","$","R","BOSS","M","?","M","?","M"],"build_version":"2019-01-23","purchased_purges":1,"victory":false,"max_hp_per_floor":[71,71,71,71,71,71,71,71,71,71,71,71,71,71,71,71,71,71,71,71,71,71],"card_choices":[{"not_picked":["Gash","Fusion"],"picked":"Sweeping Beam","floor":1.0},{"not_picked":["Leap","Doom and Gloom"],"picked":"Coolheaded","floor":4.0},{"not_picked":["Turbo","Conserve Battery"],"picked":"Static Discharge","floor":5.0},{"not_picked":["BootSequence","Fusion"],"picked":"Conserve Battery","floor":7.0},{"not_picked":["Static Discharge","Stack","Beam Cell"],"picked":"SKIP","floor":10.0},{"not_picked":["Streamline","Lockon","Barrage"],"picked":"SKIP","floor":13},{"not_picked":["Seek","Meteor Strike"],"picked":"Hyperbeam","floor":16},{"not_picked":["Conserve Battery","Hologram"],"picked":"Steam+1","floor":18},{"not_picked":["Blizzard","Recycle"],"picked":"Undo","floor":20}],"player_experience":1464179,"relics_obtained":[{"floor":7.0,"key":"PreservedInsect"},{"floor":9.0,"key":"Sundial"},{"floor":21,"key":"Gambling Chip"}],"event_choices":[{"damage_healed":0.0,"max_hp_gain":0.0,"max_hp_loss":0.0,"gold_gain":0.0,"event_name":"Liars Game","player_choice":"Ignored","floor":2.0,"gold_loss":0.0,"damage_taken":0.0},{"damage_healed":0.0,"max_hp_gain":0.0,"max_hp_loss":0.0,"gold_gain":0.0,"event_name":"Shining Light","player_choice":"Entered Light","floor":3.0,"gold_loss":0.0,"damage_taken":21.0,"cards_upgraded":["Strike_B","Strike_B"]},{"damage_healed":17.0,"max_hp_gain":0.0,"max_hp_loss":0.0,"gold_gain":0.0,"event_name":"The Cleric","player_choice":"Healed","floor":12.0,"gold_loss":35.0,"damage_taken":0.0}],"is_beta":false,"boss_relics":[{"not_picked":["Nuclear Battery","Orrery"],"picked":"Velvet Choker"}],"items_purged_floors":[14],"is_endless":false,"potions_floor_spawned":[5,7,13,20],"killed_by":"Chosen and Byrds","ascension_level":20}