{"gold_per_floor":[15,35,35,46,11,11,36,52,52,52,52,25,89,14,14,85,85,98,109,109,109],"floor_reached":21,"playtime":1300,"items_purged":["Strike_B"],"score":378,"play_id":"b7ae1d07-e721-4fd6-b71e-b811eeb860cc","local_time":"20190525172541","is_ascension_mode":true,"campfire_choices":[{"data":"Zap","floor":6,"key":"SMITH"},{"data":"Creative AI","floor":11,"key":"SMITH"},{"data":"Darkness","floor":15,"key":"SMITH"}],"neow_cost":"NO_GOLD","seed_source_timestamp":489381769505818,"circlet_count":0,"master_deck":["AscendersBane","Strike_B","Strike_B","Strike_B","Defend_B","Defend_B","Defend_B","Defend_B","Zap+1","Dualcast","Darkness+1","Cold Snap","Compile Driver","Go for the Eyes","Creative AI+1","Leap","Sweeping Beam","Biased Cognition"],"relics":["Cracked Core","Du-Vu Doll","Kunai","Unceasing Top","Bird Faced Urn","Tiny Chest","Velvet Choker"],"potions_floor_usage":[12,13,21],"damage_taken":[{"damage":7,"enemies":"Small Slimes","floor":1,"turns":2},{"damage":7,"enemies":"Jaw Worm","floor":2,"turns":3},{"damage":4,"enemies":"2 Louse","floor":4,"turns":2},{"damage":23,"enemies":"3 Sentries","floor":7,"turns":6},{"damage":1,"enemies":"Blue Slaver","floor":8,"turns":4},{"damage":4,"enemies":"Exordium Thugs","floor":12,"turns":4},{"damage":4,"enemies":"Gremlin Nob","floor":13,"turns":4},{"damage":34,"enemies":"Hexaghost","floor":16,"turns":9},{"damage":7,"enemies":"Spheric Guardian","floor":18,"turns":4},{"damage":23,"enemies":"2 Thieves","floor":19,"turns":4},{"damage":44,"enemies":"Masked Bandits","floor":21,"turns":3}],"seed_played":"-1018896380393958573","potions_obtained":[{"floor":7,"key":"Dexterity Potion"},{"floor":8,"key":"Block Potion"},{"floor":12,"key":"SteroidPotion"},{"floor":13,"key":"SneckoOil"}],"is_trial":false,"path_per_floor":["M","M","?","M","?","R","E","M","T","?","R","M","E","$","R","B",null,"M","M","?","?"],"character_chosen":"DEFECT","items_purchased":[],"campfire_rested":0,"item_purchase_floors":[],"current_hp_per_floor":[57,50,32,28,45,45,22,21,21,44,44,40,40,40,40,22,59,54,35,35,0],"gold":109,"neow_bonus":"ONE_RARE_RELIC","is_prod":false,"is_daily":false,"chose_seed":false,"campfire_upgraded":3,"win_rate":0,"timestamp":1558801541,"path_taken":["M","M","?","M","?","R","E","M","T","?","R","M","E","?","R","BOSS","M","M","?","?"],"build_version":"2019-01-23","purchased_purges":1,"victory":false,"max_hp_per_floor":[71,71,71,71,71,71,71,71,71,71,71,71,71,71,71,71,71,71,71,71,71],"card_choices":[{"not_picked":["Go for the Eyes","Hologram"],"picked":"Darkness","floor":1},{"not_picked":["Barrage","Go for the Eyes"],"picked":"Cold Snap","floor":2},{"not_picked":["Hologram","Redo"],"picked":"Compile Driver","floor":4},{"not_picked":["Fusion","Coolheaded"],"picked":"Go for the Eyes","floor":7},{"not_picked":["Rebound","Stack"],"picked":"Creative AI","floor":8},{"not_picked":["Coolheaded","Fission"],"picked":"Leap","floor":12},{"not_picked":["Beam Cell","Redo"],"picked":"Sweeping Beam","floor":13},{"not_picked":["Amplify","Hyperbeam"],"picked":"Biased Cognition","floor":16},{"not_picked":["Hologram","Fusion","Turbo"],"picked":"SKIP","floor":18},{"not_picked":["Lockon","Hologram","Doom and Gloom"],"picked":"SKIP","floor":19}],"player_experience":1457787,"relics_obtained":[{"floor":7,"key":"Unceasing Top"},{"floor":9,"key":"Bird Faced Urn"},{"floor":13,"key":"Tiny Chest"}],"event_choices":[{"damage_healed":0,"gold_gain":0,"player_choice":"Success","damage_taken":18,"relics_obtained":["Kunai"],"max_hp_gain":0,"max_hp_loss":0,"event_name":"Scrap Ooze","floor":3,"gold_loss":0},{"damage_healed":17,"gold_gain":0,"player_choice":"Healed","damage_taken":0,"max_hp_gain":0,"max_hp_loss":0,"event_name":"The Cleric","floor":5,"gold_loss":35},{"damage_healed":23,"gold_gain":0,"player_choice":"Banana","damage_taken":0,"max_hp_gain":0,"max_hp_loss":0,"event_name":"Big Fish","floor":10,"gold_loss":0},{"damage_healed":0,"gold_gain":0,"player_choice":"Ignored","damage_taken":0,"max_hp_gain":0,"max_hp_loss":0,"event_name":"Beggar","floor":20,"gold_loss":0},{"damage_healed":0,"gold_gain":0,"player_choice":"Fought Bandits","damage_taken":0,"max_hp_gain":0,"max_hp_loss":0,"event_name":"Masked Bandits","floor":21,"gold_loss":0}],"is_beta":false,"boss_relics":[{"not_picked":["Lizard Tail","Runic Pyramid"],"picked":"Velvet Choker"}],"items_purged_floors":[14],"is_endless":false,"potions_floor_spawned":[7,8,12,13],"killed_by":"Masked Bandits","ascension_level":20}