{"gold_per_floor":[115,60,60,25,45,108,119,99,146,177,189,189,206,206],"floor_reached":14,"playtime":768,"items_purged":[],"score":200,"play_id":"cf64bd78-88ec-48e5-b7b5-cde20a8ab272","local_time":"20190526120019","is_ascension_mode":true,"campfire_choices":[{"floor":12,"key":"REST"}],"neow_cost":"NONE","seed_source_timestamp":40900922334347,"circlet_count":0,"master_deck":["AscendersBane","Strike_B","Strike_B","Strike_B","Strike_B","Defend_B","Defend_B","Defend_B","Defend_B","Zap","Dualcast","Defragment","Compile Driver","All For One","Hologram","Coolheaded","Leap","Ball Lightning"],"relics":["Cracked Core","Tiny Chest","Omamori","Mummified Hand"],"potions_floor_usage":[6,10,10,11],"damage_taken":[{"damage":7,"enemies":"Jaw Worm","floor":1,"turns":4},{"damage":4,"enemies":"2 Louse","floor":5,"turns":3},{"damage":40,"enemies":"Lagavulin","floor":6,"turns":7},{"damage":4,"enemies":"Small Slimes","floor":7,"turns":3},{"damage":16,"enemies":"3 Sentries","floor":10,"turns":5},{"damage":0,"enemies":"Red Slaver","floor":11,"turns":3},{"damage":17,"enemies":"3 Louse","floor":13,"turns":5},{"damage":30,"enemies":"Gremlin Nob","floor":14,"turns":3}],"seed_played":"-784899110952053365","potions_obtained":[{"floor":0,"key":"Explosive Potion"},{"floor":0,"key":"Explosive Potion"},{"floor":6,"key":"Explosive Potion"},{"floor":8,"key":"AttackPotion"},{"floor":10,"key":"Explosive Potion"}],"is_trial":false,"path_per_floor":["M","$","?","?","M","E","M","?","T","E","M","R","M","E"],"character_chosen":"DEFECT","items_purchased":["Compile Driver"],"campfire_rested":1,"item_purchase_floors":[2],"current_hp_per_floor":[57,57,57,71,67,27,23,23,23,7,7,28,11,0],"gold":206,"neow_bonus":"THREE_SMALL_POTIONS","is_prod":false,"is_daily":false,"chose_seed":false,"campfire_upgraded":0,"win_rate":0,"timestamp":1558868419,"path_taken":["M","$","?","?","M","E","M","?","T","E","M","R","?","E"],"build_version":"2019-01-23","purchased_purges":0,"victory":false,"max_hp_per_floor":[71,71,71,71,71,71,71,71,71,71,71,71,71,71],"card_choices":[{"not_picked":["Compile Driver","Gash"],"picked":"Defragment","floor":1},{"not_picked":["Reprogram","Conserve Battery"],"picked":"All For One","floor":5},{"not_picked":["Turbo","Reprogram"],"picked":"Hologram","floor":6},{"not_picked":["BootSequence","Capacitor"],"picked":"Coolheaded","floor":7},{"not_picked":["Core Surge","Turbo"],"picked":"Leap","floor":10},{"not_picked":["Cold Snap","Sunder"],"picked":"Ball Lightning","floor":11},{"not_picked":["All For One","Turbo","Sweeping Beam"],"picked":"SKIP","floor":13}],"player_experience":1465725,"relics_obtained":[{"floor":6,"key":"Tiny Chest"},{"floor":9,"key":"Omamori"},{"floor":10,"key":"Mummified Hand"}],"event_choices":[{"damage_healed":0,"gold_gain":0,"player_choice":"Ignored","damage_taken":0,"max_hp_gain":0,"max_hp_loss":0,"event_name":"Liars Game","floor":3,"gold_loss":0},{"damage_healed":17,"gold_gain":0,"player_choice":"Healed","damage_taken":0,"max_hp_gain":0,"max_hp_loss":0,"event_name":"The Cleric","floor":4,"gold_loss":35},{"damage_healed":0,"gold_gain":0,"player_choice":"Bought 1 Potion","damage_taken":0,"max_hp_gain":0,"max_hp_loss":0,"event_name":"The Woman in Blue","floor":8,"gold_loss":0}],"is_beta":false,"boss_relics":[],"items_purged_floors":[],"is_endless":false,"potions_floor_spawned":[1,6,10],"killed_by":"Gremlin Nob","ascension_level":20}