{"gold_per_floor":[210,210,210,224,242,282,282,323,380,380,380,400,436,365,365,365],"floor_reached":16,"playtime":812,"items_purged":[],"score":236,"play_id":"e1a9a3d8-8b7b-47bf-9568-cade2af98c79","local_time":"20190522221931","is_ascension_mode":true,"campfire_choices":[{"floor":7,"key":"REST"},{"floor":11,"key":"REST"},{"floor":15,"key":"REST"}],"neow_cost":"NONE","seed_source_timestamp":248300626578006,"circlet_count":0,"master_deck":["AscendersBane","Strike_B","Strike_B","Strike_B","Defend_B","Defend_B","Defend_B","Defend_B","Zap","Dualcast","Compile Driver","Glacier","Core Surge","Hologram","Go for the Eyes"],"relics":["Cracked Core","Golden Idol","Boot","Bag of Marbles","Tiny Chest","Kunai"],"potions_floor_usage":[6,13,13],"damage_taken":[{"damage":3,"enemies":"2 Louse","floor":1,"turns":3},{"damage":7,"enemies":"Jaw Worm","floor":4,"turns":3},{"damage":0,"enemies":"Cultist","floor":5,"turns":4},{"damage":38,"enemies":"3 Sentries","floor":6,"turns":10},{"damage":26,"enemies":"Lagavulin","floor":8,"turns":9},{"damage":1,"enemies":"Looter","floor":12,"turns":3},{"damage":26,"enemies":"3 Sentries","floor":13,"turns":10},{"damage":29,"enemies":"Hexaghost","floor":16,"turns":9}],"seed_played":"-836768458231630716","potions_obtained":[{"floor":5,"key":"Energy Potion"},{"floor":6,"key":"Explosive Potion"},{"floor":8,"key":"Regen Potion"}],"is_trial":false,"path_per_floor":["M","?","?","M","M","E","R","E","T","?","R","M","E","?","R","B"],"character_chosen":"DEFECT","items_purchased":[],"campfire_rested":3,"item_purchase_floors":[],"current_hp_per_floor":[61,54,54,47,47,9,28,2,2,2,21,20,9,9,28,0],"gold":365,"neow_bonus":"HUNDRED_GOLD","is_prod":false,"is_daily":false,"chose_seed":false,"campfire_upgraded":0,"win_rate":0,"timestamp":1558559971,"path_taken":["M","?","?","?","M","E","R","E","T","?","R","?","E","?","R","BOSS"],"build_version":"2019-01-23","purchased_purges":0,"victory":false,"max_hp_per_floor":[71,71,64,64,64,64,64,64,64,64,64,64,64,64,64,64],"card_choices":[{"not_picked":["Beam Cell","Coolheaded"],"picked":"Compile Driver","floor":1},{"not_picked":["Rip and Tear","Darkness"],"picked":"Glacier","floor":4},{"not_picked":["Beam Cell","Reprogram","Rebound"],"picked":"SKIP","floor":5},{"not_picked":["Genetic Algorithm","Meteor Strike"],"picked":"Core Surge","floor":6},{"not_picked":["Machine Learning","Gash"],"picked":"Hologram","floor":8},{"not_picked":["Gash","Stack","Redo"],"picked":"SKIP","floor":12},{"not_picked":["Conserve Battery","Turbo"],"picked":"Go for the Eyes","floor":13}],"player_experience":1426032,"relics_obtained":[{"floor":6,"key":"Boot"},{"floor":8,"key":"Bag of Marbles"},{"floor":9,"key":"Tiny Chest"},{"floor":13,"key":"Kunai"}],"event_choices":[{"cards_removed":["Strike_B"],"damage_healed":0,"gold_gain":0,"player_choice":"Card Removal","damage_taken":7,"max_hp_gain":0,"max_hp_loss":0,"event_name":"Golden Wing","floor":2,"gold_loss":0},{"damage_healed":0,"gold_gain":0,"player_choice":"Lose Max HP","damage_taken":0,"relics_obtained":["Golden Idol"],"max_hp_gain":0,"max_hp_loss":7,"event_name":"Golden Idol","floor":3,"gold_loss":0},{"damage_healed":0,"gold_gain":0,"player_choice":"Got Potions","damage_taken":0,"max_hp_gain":0,"max_hp_loss":0,"event_name":"Lab","floor":10,"gold_loss":0},{"damage_healed":0,"gold_gain":0,"player_choice":"Left Gold","damage_taken":0,"max_hp_gain":0,"max_hp_loss":0,"event_name":"World of Goop","floor":14,"gold_loss":71}],"is_beta":false,"boss_relics":[],"items_purged_floors":[],"is_endless":false,"potions_floor_spawned":[5,6,8],"killed_by":"Hexaghost","ascension_level":20}