{"gold_per_floor":[116,133,208,226,4,4,24,55,55,55,74,87,52,85,85,160,160,172,9,25,25,43,43,43],"floor_reached":24,"playtime":1450,"items_purged":[],"score":416,"play_id":"f5450ba8-7ae0-4886-9723-972d974416cc","local_time":"20190525132307","is_ascension_mode":true,"campfire_choices":[{"data":"Zap","floor":6,"key":"SMITH"},{"data":"Darkness","floor":10,"key":"SMITH"},{"data":"White Noise","floor":15,"key":"SMITH"},{"data":"Buffer","floor":23,"key":"SMITH"}],"neow_cost":"NONE","seed_source_timestamp":0,"circlet_count":0,"master_deck":["AscendersBane","Strike_B","Strike_B","Defend_B","Defend_B","Defend_B+1","Defend_B+1","Zap+1","Dualcast","FTL","White Noise+1","Compile Driver","Glacier","Darkness+1","Ball Lightning","Machine Learning","Buffer+1","Genetic Algorithm","Darkness","Rebound","Go for the Eyes","Leap"],"special_seed":0,"relics":["Cracked Core","NeowsBlessing","OrangePellets","Potion Belt","Pantograph","FossilizedHelix","Coffee Dripper","War Paint"],"potions_floor_usage":[12,14,20,24],"damage_taken":[{"damage":0.0,"enemies":"Cultist","floor":1.0,"turns":1.0},{"damage":0.0,"enemies":"2 Louse","floor":2.0,"turns":1.0},{"damage":0.0,"enemies":"Small Slimes","floor":4.0,"turns":1.0},{"damage":8,"enemies":"Blue Slaver","floor":7,"turns":4},{"damage":1,"enemies":"Lagavulin","floor":8,"turns":8},{"damage":10,"enemies":"Large Slime","floor":11,"turns":6},{"damage":16,"enemies":"Exordium Thugs","floor":12,"turns":5},{"damage":8,"enemies":"Gremlin Nob","floor":14,"turns":3},{"damage":27,"enemies":"The Guardian","floor":16,"turns":10},{"damage":0,"enemies":"Spheric Guardian","floor":18,"turns":4},{"damage":11,"enemies":"2 Thieves","floor":20,"turns":5},{"damage":8,"enemies":"Snecko","floor":22,"turns":6},{"damage":48,"enemies":"Gremlin Leader","floor":24,"turns":6}],"seed_played":"-735539323509007249","potions_obtained":[{"floor":1.0,"key":"Swift Potion"},{"floor":4.0,"key":"GamblersBrew"},{"floor":7,"key":"Fire Potion"},{"floor":14,"key":"Block Potion"},{"floor":22,"key":"FocusPotion"}],"is_trial":false,"path_per_floor":["M","M","?","M","$","R","M","E","T","R","M","M","?","E","R","B",null,"M","$","M","?","M","R","E"],"character_chosen":"DEFECT","items_purchased":["OrangePellets","War Paint"],"campfire_rested":0,"item_purchase_floors":[5,19],"current_hp_per_floor":[64,64,53,53,53,53,45,44,44,44,34,18,35,27,27,25,60,60,60,49,49,41,41,0],"gold":43,"neow_bonus":"THREE_ENEMY_KILL","is_prod":false,"is_daily":false,"chose_seed":false,"campfire_upgraded":4,"win_rate":0,"timestamp":1558786987,"path_taken":["M","?","?","M","$","R","M","E","T","R","M","M","?","E","R","BOSS","M","$","M","?","M","R","E"],"build_version":"2019-01-23","purchased_purges":0,"victory":false,"max_hp_per_floor":[71,71,71,71,71,71,71,71,71,71,71,71,71,71,71,71,71,71,71,71,71,71,71,71],"card_choices":[{"not_picked":["Hologram","Stack"],"picked":"FTL","floor":1.0},{"not_picked":["Stack","Streamline"],"picked":"White Noise","floor":2.0},{"not_picked":["Go for the Eyes","Hello World"],"picked":"Compile Driver","floor":4.0},{"not_picked":["Static Discharge","Scrape"],"picked":"Glacier","floor":7},{"not_picked":["Steam Power","Tempest"],"picked":"Darkness","floor":8},{"not_picked":["Gash","Streamline"],"picked":"Ball Lightning","floor":11},{"not_picked":["Go for the Eyes","Lockon","Redo"],"picked":"SKIP","floor":12},{"not_picked":["Leap","Go for the Eyes"],"picked":"Machine Learning","floor":14},{"not_picked":["Multi-Cast","Reboot"],"picked":"Buffer","floor":16},{"not_picked":["Hologram","Barrage"],"picked":"Genetic Algorithm","floor":18},{"not_picked":["Redo","Go for the Eyes"],"picked":"Darkness","floor":20},{"not_picked":["Force Field","Beam Cell"],"picked":"Leap","floor":22}],"player_experience":1455157,"relics_obtained":[{"floor":8,"key":"Potion Belt"},{"floor":9,"key":"Pantograph"},{"floor":14,"key":"FossilizedHelix"}],"event_choices":[{"damage_healed":0.0,"max_hp_gain":0.0,"max_hp_loss":0.0,"gold_gain":75.0,"event_name":"World of Goop","player_choice":"Gather Gold","floor":3.0,"gold_loss":0.0,"damage_taken":11.0},{"damage_healed":17,"gold_gain":0,"player_choice":"Healed","damage_taken":0,"max_hp_gain":0,"max_hp_loss":0,"event_name":"The Cleric","floor":13,"gold_loss":35},{"damage_healed":0,"gold_gain":0,"cards_transformed":["Strike_B","Strike_B"],"player_choice":"Became Test Subject","damage_taken":0,"max_hp_gain":0,"max_hp_loss":0,"event_name":"Drug Dealer","floor":21,"gold_loss":0,"cards_obtained":["Rebound","Go for the Eyes"]}],"is_beta":false,"boss_relics":[{"not_picked":["Astrolabe","Tiny House"],"picked":"Coffee Dripper"}],"items_purged_floors":[],"is_endless":false,"potions_floor_spawned":[1,4,7,14,22],"killed_by":"Gremlin Leader","ascension_level":20}