{"gold_per_floor":[123,145,157,180,209,221,266,278,290,11,41,61,61,391,391,462,462,462,382,382,0,0,0,0,0,0,0,0,0,0,0,0,0],"floor_reached":33,"playtime":2055,"items_purged":["Pain","Strike_B"],"score":610,"play_id":"bb92e26c-1383-45d4-a4e0-c7466ba1f67b","local_time":"20190526213808","is_ascension_mode":true,"campfire_choices":[{"data":"Zap","floor":6.0,"key":"SMITH"},{"floor":8.0,"key":"REST"},{"floor":13.0,"key":"REST"},{"floor":15,"key":"REST"},{"floor":23,"key":"REST"},{"floor":29,"key":"REST"},{"floor":32,"key":"REST"}],"neow_cost":"NONE","seed_source_timestamp":74184165776902,"circlet_count":0,"master_deck":["AscendersBane","Strike_B+1","Defend_B","Defend_B","Defend_B","Defend_B","Zap+1","Dualcast","Reinforced Body","Coolheaded","Cold Snap+1","Cold Snap","Leap","Darkness","All For One","FTL","Ball Lightning+1","FTL","Static Discharge","Buffer"],"special_seed":0,"relics":["Cracked Core","MawBank","WarpedTongs","Whetstone","Ancient Tea Set","Happy Flower","Singing Bowl","Old Coin","Ectoplasm","Mummified Hand","Thread and Needle","Calipers","Bag of Marbles"],"potions_floor_usage":[16,30,30],"damage_taken":[{"damage":0.0,"enemies":"Small Slimes","floor":1.0,"turns":3.0},{"damage":2.0,"enemies":"Cultist","floor":2.0,"turns":4.0},{"damage":10.0,"enemies":"2 Louse","floor":4.0,"turns":3.0},{"damage":19.0,"enemies":"Lots of Slimes","floor":5.0,"turns":5.0},{"damage":10.0,"enemies":"Gremlin Nob","floor":7.0,"turns":3.0},{"damage":16.0,"enemies":"Lagavulin","floor":11.0,"turns":6.0},{"damage":4.0,"enemies":"Red Slaver","floor":12.0,"turns":3.0},{"damage":42,"enemies":"Gremlin Nob","floor":14,"turns":5},{"damage":17,"enemies":"Slime Boss","floor":16,"turns":7},{"damage":10,"enemies":"Spheric Guardian","floor":18,"turns":4},{"damage":9,"enemies":"2 Thieves","floor":19,"turns":4},{"damage":6,"enemies":"3 Cultists","floor":22,"turns":4},{"damage":18,"enemies":"Book of Stabbing","floor":25,"turns":5},{"damage":0,"enemies":"Snake Plant","floor":27,"turns":4},{"damage":14,"enemies":"Snecko","floor":28,"turns":6},{"damage":26,"enemies":"Slavers","floor":30,"turns":4},{"damage":14,"enemies":"Cultist and Chosen","floor":31,"turns":6},{"damage":72,"enemies":"Collector","floor":33,"turns":8}],"seed_played":"-3616552416545230804","potions_obtained":[{"floor":4.0,"key":"Fire Potion"},{"floor":14,"key":"Poison Potion"},{"floor":22,"key":"Explosive Potion"},{"floor":25,"key":"PowerPotion"},{"floor":28,"key":"Explosive Potion"}],"is_trial":false,"path_per_floor":["M","M","?","M","M","R","E","R","T","$","E","M","R","E","R","B",null,"M","M","?","$","M","R","?","E","T","M","M","R","E","M","R","B"],"character_chosen":"DEFECT","items_purchased":["Happy Flower","Weak Potion","Mummified Hand"],"campfire_rested":6,"item_purchase_floors":[10,10,21],"current_hp_per_floor":[64,62,62,52,33,33,23,44,44,44,28,24,45,5,26,9,57,47,38,38,38,34,56,56,40,40,42,28,51,27,15,39,0],"gold":0,"neow_bonus":"RANDOM_COMMON_RELIC","is_prod":false,"is_daily":false,"chose_seed":false,"campfire_upgraded":1,"win_rate":0,"timestamp":1558903088,"path_taken":["M","M","?","M","?","R","E","R","T","$","E","?","R","E","R","BOSS","M","M","?","$","M","R","?","E","T","?","M","R","E","M","R","BOSS"],"build_version":"2019-01-23","purchased_purges":2,"victory":false,"max_hp_per_floor":[71,71,71,71,71,71,71,71,71,71,71,71,71,73,73,73,73,73,73,73,73,75,75,75,77,77,79,79,79,81,83,83,83],"card_choices":[{"not_picked":["Redo","Hologram"],"picked":"Reinforced Body","floor":1.0},{"not_picked":["Leap","Streamline"],"picked":"Coolheaded","floor":2.0},{"not_picked":["Beam Cell","Coolheaded","Hello World"],"picked":"SKIP","floor":4.0},{"not_picked":["Streamline","Coolheaded"],"picked":"Cold Snap","floor":5.0},{"not_picked":["Tempest","Amplify"],"picked":"Cold Snap","floor":7.0},{"not_picked":["Double Energy","Tempest"],"picked":"Leap","floor":11.0},{"not_picked":["Leap","Streamline"],"picked":"Darkness","floor":12.0},{"not_picked":["Fusion","Steam","Storm"],"picked":"Singing Bowl","floor":14},{"not_picked":["Fission","Reboot"],"picked":"All For One","floor":16},{"not_picked":["Hologram","Barrage"],"picked":"FTL","floor":18},{"not_picked":["Steam Power","Coolheaded"],"picked":"Ball Lightning+1","floor":19},{"not_picked":["Scrape","Steam Power","Cold Snap+1"],"picked":"Singing Bowl","floor":22},{"not_picked":["Reprogram","Rebound","Coolheaded"],"picked":"Singing Bowl","floor":25},{"not_picked":["Hologram","Cold Snap","Stack"],"picked":"Singing Bowl","floor":27},{"not_picked":["Aggregate+1","Leap"],"picked":"Buffer","floor":28},{"not_picked":["Turbo","Sunder","Tempest"],"picked":"Singing Bowl","floor":30},{"not_picked":["Rebound","Hologram","Force Field"],"picked":"Singing Bowl","floor":31}],"player_experience":1480231,"relics_obtained":[{"floor":7.0,"key":"Whetstone"},{"floor":9.0,"key":"Ancient Tea Set"},{"floor":11.0,"key":"Singing Bowl"},{"floor":14,"key":"Old Coin"},{"floor":25,"key":"Thread and Needle"},{"floor":26,"key":"Calipers"},{"floor":30,"key":"Bag of Marbles"}],"event_choices":[{"damage_healed":0.0,"max_hp_gain":0.0,"max_hp_loss":0.0,"gold_gain":0.0,"event_name":"Accursed Blacksmith","player_choice":"Rummage","floor":3.0,"gold_loss":0.0,"damage_taken":0.0,"relics_obtained":["WarpedTongs"],"cards_obtained":["Pain"]},{"damage_healed":0,"gold_gain":0,"cards_transformed":["Strike_B","Strike_B"],"player_choice":"Became Test Subject","damage_taken":0,"max_hp_gain":0,"max_hp_loss":0,"event_name":"Drug Dealer","floor":20,"gold_loss":0,"cards_obtained":["FTL","Static Discharge"]},{"damage_healed":0,"gold_gain":50,"player_choice":"Pray","damage_taken":0,"max_hp_gain":0,"max_hp_loss":0,"event_name":"Golden Shrine","floor":24,"gold_loss":0}],"is_beta":false,"boss_relics":[{"not_picked":["Coffee Dripper","Orrery"],"picked":"Ectoplasm"}],"items_purged_floors":[10,21],"is_endless":false,"potions_floor_spawned":[4,14,22,25,27,28],"killed_by":"Collector","ascension_level":20}