{"gold_per_floor":[115,135,148,148,73,107,107,107,158,158,183,183,21,36,36,113,113,133,144,144,59,59,59,59],"floor_reached":24,"playtime":908,"items_purged":["Strike_B"],"score":404,"play_id":"629e2634-1b49-4adf-936a-3247ddebcab3","local_time":"20190523213332","is_ascension_mode":true,"campfire_choices":[{"data":"Creative AI","floor":7,"key":"SMITH"},{"floor":10,"key":"REST"},{"data":"Zap","floor":12,"key":"SMITH"},{"floor":15,"key":"REST"},{"floor":23,"key":"REST"}],"neow_cost":"NONE","seed_source_timestamp":331844590133011,"circlet_count":0,"master_deck":["AscendersBane","Strike_B","Strike_B","Strike_B","Defend_B","Defend_B","Defend_B","Defend_B","Zap+1","Dualcast","Rebound","Compile Driver","Creative AI+1","Conserve Battery","Self Repair","Capacitor","Hyperbeam+1","Ball Lightning+1","Darkness","Decay"],"relics":["Cracked Core","Symbiotic Virus","Cables","Molten Egg 2","Regal Pillow","Happy Flower","Sozu","Orichalcum"],"potions_floor_usage":[6,16,16],"damage_taken":[{"damage":1,"enemies":"Cultist","floor":1,"turns":4},{"damage":14,"enemies":"Jaw Worm","floor":2,"turns":4},{"damage":14,"enemies":"Small Slimes","floor":3,"turns":3},{"damage":15,"enemies":"Lagavulin","floor":6,"turns":5},{"damage":30,"enemies":"3 Sentries","floor":11,"turns":3},{"damage":8,"enemies":"Blue Slaver","floor":14,"turns":3},{"damage":53,"enemies":"Slime Boss","floor":16,"turns":8},{"damage":31,"enemies":"Chosen","floor":18,"turns":4},{"damage":15,"enemies":"2 Thieves","floor":19,"turns":2},{"damage":60,"enemies":"Centurion and Healer","floor":24,"turns":5}],"seed_played":"7607241538873374239","potions_obtained":[{"floor":2,"key":"FearPotion"},{"floor":6,"key":"Dexterity Potion"},{"floor":11,"key":"GamblersBrew"},{"floor":14,"key":"Fire Potion"}],"is_trial":false,"path_per_floor":["M","M","M","?","?","E","R","T","T","R","E","R","$","M","R","B",null,"M","M","?","?","?","R","M"],"character_chosen":"DEFECT","items_purchased":["Self Repair"],"campfire_rested":3,"item_purchase_floors":[13],"current_hp_per_floor":[70,56,42,37,37,22,22,22,22,60,30,30,30,29,67,21,64,33,18,18,18,18,56,0],"gold":59,"neow_bonus":"TEN_PERCENT_HP_BONUS","is_prod":false,"is_daily":false,"chose_seed":false,"campfire_upgraded":2,"win_rate":0,"timestamp":1558643612,"path_taken":["M","M","?","?","?","E","R","?","T","R","E","R","$","M","R","BOSS","M","M","?","?","?","R","M"],"build_version":"2019-01-23","purchased_purges":1,"victory":false,"max_hp_per_floor":[78,78,78,78,78,78,78,78,78,78,78,78,78,78,78,78,78,78,78,78,78,78,78,78],"card_choices":[{"not_picked":["Barrage","Fusion","Streamline"],"picked":"SKIP","floor":1},{"not_picked":["Steam","Beam Cell"],"picked":"Rebound","floor":2},{"not_picked":["Steam","Loop"],"picked":"Compile Driver","floor":3},{"not_picked":["Turbo","Hologram"],"picked":"Creative AI","floor":6},{"not_picked":["Static Discharge","Scrape+1"],"picked":"Conserve Battery","floor":11},{"not_picked":["Force Field","Stack"],"picked":"Capacitor","floor":14},{"not_picked":["All For One+1","Reboot"],"picked":"Hyperbeam+1","floor":16},{"not_picked":["Heatsinks","Blizzard+1"],"picked":"Ball Lightning+1","floor":18},{"not_picked":["Coolheaded+1","Rebound+1"],"picked":"Darkness","floor":19}],"player_experience":1433373,"relics_obtained":[{"floor":6,"key":"Cables"},{"floor":8,"key":"Molten Egg 2"},{"floor":9,"key":"Regal Pillow"},{"floor":11,"key":"Happy Flower"}],"event_choices":[{"damage_healed":0,"gold_gain":0,"player_choice":"Success","damage_taken":5,"relics_obtained":["Symbiotic Virus"],"max_hp_gain":0,"max_hp_loss":0,"event_name":"Scrap Ooze","floor":4,"gold_loss":0},{"damage_healed":0,"gold_gain":0,"player_choice":"Left Gold","damage_taken":0,"max_hp_gain":0,"max_hp_loss":0,"event_name":"World of Goop","floor":5,"gold_loss":75},{"damage_healed":0,"gold_gain":0,"player_choice":"Smashed Altar","damage_taken":0,"max_hp_gain":0,"max_hp_loss":0,"event_name":"Forgotten Altar","floor":20,"gold_loss":0,"cards_obtained":["Decay"]},{"damage_healed":0,"gold_gain":0,"player_choice":"Obtained Relic","damage_taken":0,"relics_obtained":["Orichalcum"],"max_hp_gain":0,"max_hp_loss":0,"event_name":"Addict","floor":21,"gold_loss":85},{"damage_healed":0,"gold_gain":0,"player_choice":"Ignored","damage_taken":0,"max_hp_gain":0,"max_hp_loss":0,"event_name":"The Mausoleum","floor":22,"gold_loss":0}],"is_beta":false,"boss_relics":[{"not_picked":["Runic Dome","Coffee Dripper"],"picked":"Sozu"}],"items_purged_floors":[13],"is_endless":false,"potions_floor_spawned":[2,6,11,14,18],"killed_by":"Centurion and Healer","ascension_level":20}