{"gold_per_floor":[118,118,128,148,148,180,79,59,59,59,70,88,88,146,146,146],"floor_reached":16,"playtime":764,"items_purged":["Strike_B"],"score":200,"play_id":"4466e516-bce2-416c-b0e3-d26016e24ffe","local_time":"20190524000201","is_ascension_mode":true,"campfire_choices":[{"floor":10.0,"key":"REST"},{"data":"Sunder","floor":13,"key":"SMITH"},{"floor":15,"key":"REST"}],"neow_cost":"NONE","seed_source_timestamp":340860804478816,"circlet_count":0,"master_deck":["AscendersBane","Strike_B","Strike_B","Strike_B","Defend_B","Defend_B","Defend_B","Defend_B","Zap+1","Dualcast","Ball Lightning","Capacitor","Sunder+1","Seek","Coolheaded","Self Repair","Leap"],"special_seed":0,"relics":["Cracked Core","Incense Burner","Gremlin Horn","Juzu Bracelet","Pear","Oddly Smooth Stone"],"potions_floor_usage":[14,14],"damage_taken":[{"damage":0.0,"enemies":"Small Slimes","floor":1.0,"turns":2.0},{"damage":0.0,"enemies":"Cultist","floor":3.0,"turns":3.0},{"damage":4.0,"enemies":"Jaw Worm","floor":4.0,"turns":3.0},{"damage":44.0,"enemies":"Lagavulin","floor":6.0,"turns":6.0},{"damage":11.0,"enemies":"Blue Slaver","floor":11.0,"turns":3.0},{"damage":20,"enemies":"Exordium Thugs","floor":12,"turns":4},{"damage":18,"enemies":"Lagavulin Event","floor":14,"turns":5},{"damage":28,"enemies":"Hexaghost","floor":16,"turns":9}],"seed_played":"8783397152050124333","potions_obtained":[{"floor":4.0,"key":"Ancient Potion"},{"floor":8.0,"key":"Strength Potion"},{"floor":11.0,"key":"Dexterity Potion"}],"is_trial":false,"path_per_floor":["M","?","M","M","?","E","$","?","T","R","M","M","R","?","R","B"],"character_chosen":"DEFECT","items_purchased":["Coolheaded"],"campfire_rested":2,"item_purchase_floors":[7],"current_hp_per_floor":[64,64,64,60,55,11,11,11,21,45,34,21,21,3,27,0],"gold":146,"neow_bonus":"UPGRADE_CARD","is_prod":false,"is_daily":false,"chose_seed":false,"campfire_upgraded":1,"win_rate":0,"timestamp":1558652521,"path_taken":["M","?","M","?","?","E","$","?","T","R","M","M","R","?","R","BOSS"],"build_version":"2019-01-23","purchased_purges":1,"victory":false,"max_hp_per_floor":[71,71,71,71,71,71,71,71,81,81,81,81,81,81,81,81],"card_choices":[{"not_picked":["Capacitor","Steam"],"picked":"Ball Lightning","floor":1.0},{"not_picked":["Coolheaded","Lockon"],"picked":"Capacitor","floor":3.0},{"not_picked":["Force Field","Storm"],"picked":"Sunder","floor":4.0},{"not_picked":["Aggregate","Thunder Strike"],"picked":"Seek","floor":6.0},{"not_picked":["Double Energy","Stack"],"picked":"Self Repair","floor":11.0},{"not_picked":["Ball Lightning","Rebound"],"picked":"Leap","floor":12}],"player_experience":1436322,"relics_obtained":[{"floor":2.0,"key":"Incense Burner"},{"floor":6.0,"key":"Juzu Bracelet"},{"floor":9.0,"key":"Pear"},{"floor":14,"key":"Oddly Smooth Stone"}],"event_choices":[{"damage_healed":0.0,"max_hp_gain":0.0,"max_hp_loss":0.0,"gold_gain":0.0,"event_name":"Wheel of Change","player_choice":"Relic","floor":2.0,"gold_loss":0.0,"damage_taken":0.0},{"damage_healed":0.0,"max_hp_gain":0.0,"max_hp_loss":0.0,"gold_gain":0.0,"event_name":"Scrap Ooze","player_choice":"Success","floor":5.0,"gold_loss":0.0,"damage_taken":5.0,"relics_obtained":["Gremlin Horn"]},{"damage_healed":0.0,"max_hp_gain":0.0,"max_hp_loss":0.0,"gold_gain":0.0,"event_name":"The Woman in Blue","player_choice":"Bought 1 Potion","floor":8.0,"gold_loss":0.0,"damage_taken":0.0},{"damage_healed":0,"gold_gain":30,"player_choice":"Searched \u00273\u0027 times","damage_taken":0,"max_hp_gain":0,"max_hp_loss":0,"event_name":"Dead Adventurer","floor":14,"gold_loss":0}],"is_beta":false,"boss_relics":[],"items_purged_floors":[7],"is_endless":false,"potions_floor_spawned":[4,11],"killed_by":"Hexaghost","ascension_level":20}