{"gold_per_floor":[115,61,61,75,150,150,177,177,477,477,62,80,26,43,43,116,116,127,102,0,0],"floor_reached":21,"playtime":1306,"items_purged":[],"score":404,"play_id":"4fa5e02c-cd4c-4884-8ecc-d9bd68e36073","local_time":"20190524230627","is_ascension_mode":true,"campfire_choices":[{"data":"Zap","floor":6,"key":"SMITH"},{"floor":8,"key":"REST"},{"data":"Sunder","floor":15,"key":"SMITH"}],"neow_cost":"NONE","seed_source_timestamp":423421068784413,"circlet_count":0,"master_deck":["AscendersBane","Strike_B","Strike_B","Strike_B","Defend_B","Defend_B","Defend_B","Defend_B","Zap+1","Dualcast","Cold Snap","Coolheaded","Defragment","Genetic Algorithm","Sunder+1","Genetic Algorithm","White Noise","Echo Form","Capacitor","Go for the Eyes"],"relics":["FrozenCore","NeowsBlessing","Mummified Hand","Old Coin","Medical Kit"],"potions_floor_usage":[16,16,21,21],"damage_taken":[{"damage":0,"enemies":"Jaw Worm","floor":1,"turns":1},{"damage":0,"enemies":"Small Slimes","floor":4,"turns":1},{"damage":0,"enemies":"3 Sentries","floor":7,"turns":1},{"damage":0,"enemies":"2 Louse","floor":12,"turns":2},{"damage":27,"enemies":"Exordium Thugs","floor":14,"turns":5},{"damage":29,"enemies":"Hexaghost","floor":16,"turns":8},{"damage":18,"enemies":"Shell Parasite","floor":18,"turns":6},{"damage":8,"enemies":"2 Thieves","floor":19,"turns":5},{"damage":37,"enemies":"Chosen and Byrds","floor":21,"turns":5}],"seed_played":"-3138378639195240917","potions_obtained":[{"floor":1,"key":"Block Potion"},{"floor":14,"key":"Poison Potion"},{"floor":16,"key":"Explosive Potion"},{"floor":19,"key":"SkillPotion"}],"is_trial":false,"path_per_floor":["M","$","?","M","?","R","E","R","T","?","$","M","$","M","R","B",null,"M","M","$","M"],"character_chosen":"DEFECT","items_purchased":["Cold Snap","Defragment","Genetic Algorithm","Medical Kit","Sunder","AttackPotion","Capacitor","Go for the Eyes"],"campfire_rested":1,"item_purchase_floors":[2,11,11,11,11,13,20,20],"current_hp_per_floor":[64,64,57,57,46,46,46,67,67,67,67,67,67,40,40,11,56,38,30,30,0],"gold":0,"neow_bonus":"THREE_ENEMY_KILL","is_prod":false,"is_daily":false,"chose_seed":false,"campfire_upgraded":2,"win_rate":0,"timestamp":1558735587,"path_taken":["M","$","?","M","?","R","E","R","T","?","$","M","?","M","R","BOSS","M","M","$","M"],"build_version":"2019-01-23","purchased_purges":0,"victory":false,"max_hp_per_floor":[71,71,71,71,71,71,71,71,71,71,71,71,71,71,71,71,71,71,71,71,71],"card_choices":[{"not_picked":["Melter","Redo","Hologram"],"picked":"SKIP","floor":1},{"not_picked":["Hologram","Steam Power"],"picked":"Coolheaded","floor":4},{"not_picked":["Coolheaded","Hologram","Turbo"],"picked":"SKIP","floor":7},{"not_picked":["Sweeping Beam","Compile Driver"],"picked":"Genetic Algorithm","floor":12},{"not_picked":["Meteor Strike","Melter"],"picked":"White Noise","floor":14},{"not_picked":["Machine Learning","Fission"],"picked":"Echo Form","floor":16},{"not_picked":["Steam","Coolheaded","Consume"],"picked":"SKIP","floor":18},{"not_picked":["Aggregate","Hologram","Heatsinks"],"picked":"SKIP","floor":19}],"player_experience":1439702,"relics_obtained":[{"floor":7,"key":"Mummified Hand"},{"floor":9,"key":"Old Coin"}],"event_choices":[{"cards_removed":["Strike_B"],"damage_healed":0,"gold_gain":0,"player_choice":"Card Removal","damage_taken":7,"max_hp_gain":0,"max_hp_loss":0,"event_name":"Golden Wing","floor":3,"gold_loss":0},{"damage_healed":0,"gold_gain":75,"player_choice":"Gather Gold","damage_taken":11,"max_hp_gain":0,"max_hp_loss":0,"event_name":"World of Goop","floor":5,"gold_loss":0},{"damage_healed":0,"gold_gain":0,"player_choice":"Ignored","damage_taken":0,"max_hp_gain":0,"max_hp_loss":0,"event_name":"Liars Game","floor":10,"gold_loss":0}],"is_beta":false,"boss_relics":[{"not_picked":["White Beast Statue","Coffee Dripper"],"picked":"FrozenCore"}],"items_purged_floors":[],"is_endless":false,"potions_floor_spawned":[1,14,16,19],"killed_by":"Chosen and Byrds","ascension_level":20}