{"gold_per_floor":[19,19,33,0,0,0,33,33,33,33,60,60,76,96,96,96],"floor_reached":16,"playtime":524,"items_purged":[],"score":216,"play_id":"20509340-47d6-40c3-a6aa-58dd29137efc","local_time":"20190526110321","is_ascension_mode":true,"campfire_choices":[{"floor":6,"key":"REST"},{"floor":12,"key":"REST"},{"data":"Zap","floor":15,"key":"SMITH"}],"neow_cost":"NO_GOLD","seed_source_timestamp":37725989720431,"circlet_count":0,"master_deck":["AscendersBane","Strike_B","Strike_B","Strike_B","Strike_B","Defend_B","Defend_B+1","Defend_B+1","Defend_B","Zap+1","Dualcast","Core Surge","Gash","Cold Snap","Parasite","Ball Lightning","Compile Driver","Electrodynamics"],"relics":["Cracked Core","Darkstone Periapt","Torii","Mummified Hand"],"potions_floor_usage":[11,16],"damage_taken":[{"damage":0,"enemies":"Small Slimes","floor":1,"turns":2},{"damage":7,"enemies":"Jaw Worm","floor":3,"turns":3},{"damage":49,"enemies":"Gremlin Nob","floor":7,"turns":5},{"damage":21,"enemies":"Lagavulin","floor":11,"turns":8},{"damage":1,"enemies":"2 Louse","floor":13,"turns":2},{"damage":1,"enemies":"2 Fungi Beasts","floor":14,"turns":3},{"damage":31,"enemies":"The Guardian","floor":16,"turns":10}],"seed_played":"9083353905327046732","potions_obtained":[{"floor":7,"key":"FearPotion"},{"floor":14,"key":"FearPotion"}],"is_trial":false,"path_per_floor":["M","?","M","?","$","R","E","?","T","?","E","R","M","M","R","B"],"character_chosen":"DEFECT","items_purchased":[],"campfire_rested":2,"item_purchase_floors":[],"current_hp_per_floor":[64,43,36,36,36,57,8,8,8,31,10,33,32,31,31,0],"gold":96,"neow_bonus":"THREE_RARE_CARDS","is_prod":false,"is_daily":false,"chose_seed":false,"campfire_upgraded":1,"win_rate":0,"timestamp":1558865001,"path_taken":["M","?","M","?","?","R","E","?","T","?","E","R","M","M","R","BOSS"],"build_version":"2019-01-23","purchased_purges":0,"victory":false,"max_hp_per_floor":[71,71,71,71,71,71,71,71,71,77,77,77,77,77,77,77],"card_choices":[{"not_picked":["Seek","Creative AI"],"picked":"Core Surge","floor":0},{"not_picked":["Rebound","Turbo"],"picked":"Gash","floor":1},{"not_picked":["Chaos","Sweeping Beam"],"picked":"Cold Snap","floor":3},{"not_picked":["Chill","Aggregate","Double Energy"],"picked":"SKIP","floor":7},{"not_picked":["Lockon","Gash"],"picked":"Ball Lightning","floor":11},{"not_picked":["Hello World","Turbo"],"picked":"Compile Driver","floor":13},{"not_picked":["Consume","Gash"],"picked":"Electrodynamics","floor":14}],"player_experience":1463655,"relics_obtained":[{"floor":7,"key":"Darkstone Periapt"},{"floor":9,"key":"Torii"},{"floor":11,"key":"Mummified Hand"}],"event_choices":[{"damage_healed":0,"gold_gain":0,"player_choice":"Entered Light","damage_taken":21,"max_hp_gain":0,"max_hp_loss":0,"event_name":"Shining Light","floor":2,"gold_loss":0,"cards_upgraded":["Defend_B","Defend_B"]},{"damage_healed":0,"gold_gain":0,"player_choice":"Left Gold","damage_taken":0,"max_hp_gain":0,"max_hp_loss":0,"event_name":"World of Goop","floor":4,"gold_loss":33},{"damage_healed":0,"gold_gain":0,"player_choice":"Leave","damage_taken":0,"max_hp_gain":0,"max_hp_loss":0,"event_name":"The Cleric","floor":8,"gold_loss":0},{"damage_healed":17,"gold_gain":0,"player_choice":"Healed and dodged fight","damage_taken":0,"max_hp_gain":0,"max_hp_loss":0,"event_name":"Mushrooms","floor":10,"gold_loss":0,"cards_obtained":["Parasite"]}],"is_beta":false,"boss_relics":[],"items_purged_floors":[],"is_endless":false,"potions_floor_spawned":[7,14],"killed_by":"The Guardian","ascension_level":20}