{"gold_per_floor":[362,380,380,380,398,398,413,436,436,462,462,475,475,133,133,212,212,191,205,221,221,57,57,57],"floor_reached":24,"playtime":3372,"items_purged":["Strike_B"],"score":392,"play_id":"633bcfd2-1bd2-49cf-94b6-202fbd5c0d42","local_time":"20190523211746","is_ascension_mode":true,"campfire_choices":[{"data":"Zap","floor":6,"key":"SMITH"},{"data":"Go for the Eyes","floor":11,"key":"SMITH"},{"floor":15,"key":"REST"},{"floor":23,"key":"REST"}],"neow_cost":"PERCENT_DAMAGE","seed_source_timestamp":328433407972344,"circlet_count":0,"master_deck":["AscendersBane","Strike_B","Strike_B","Defend_B","Defend_B","Defend_B+1","Defend_B","Zap+1","Dualcast+1","Go for the Eyes+1","Glacier","Ball Lightning","All For One","Capacitor","Buffer","Ball Lightning","Cold Snap","Hologram"],"relics":["Cracked Core","Blood Vial","Unceasing Top","Boot","War Paint","Kunai","White Beast Statue","DataDisk"],"potions_floor_usage":[12,19],"damage_taken":[{"damage":8,"enemies":"Small Slimes","floor":1,"turns":4},{"damage":7,"enemies":"Jaw Worm","floor":2,"turns":3},{"damage":0,"enemies":"Cultist","floor":5,"turns":3},{"damage":2,"enemies":"Exordium Thugs","floor":7,"turns":4},{"damage":25,"enemies":"3 Sentries","floor":10,"turns":10},{"damage":15,"enemies":"Large Slime","floor":12,"turns":4},{"damage":22,"enemies":"The Guardian","floor":16,"turns":10},{"damage":25,"enemies":"2 Thieves","floor":18,"turns":4},{"damage":9,"enemies":"Shell Parasite","floor":19,"turns":5},{"damage":9,"enemies":"Chosen and Byrds","floor":20,"turns":6},{"damage":45,"enemies":"Book of Stabbing","floor":24,"turns":6}],"seed_played":"6254768495224914116","potions_obtained":[{"floor":10,"key":"Explosive Potion"},{"floor":16,"key":"SpeedPotion"},{"floor":18,"key":"SteroidPotion"},{"floor":19,"key":"SteroidPotion"}],"is_trial":false,"path_per_floor":["M","M","?","?","M","R","M","T","T","E","R","M","?","$","R","B",null,"M","M","M","?","$","R","E"],"character_chosen":"DEFECT","items_purchased":["Kunai","DataDisk"],"campfire_rested":2,"item_purchase_floors":[14,22],"current_hp_per_floor":[38,31,54,54,54,54,52,52,52,29,29,16,16,16,37,17,58,35,28,21,21,21,42,0],"gold":57,"neow_bonus":"TWO_FIFTY_GOLD","is_prod":false,"is_daily":false,"chose_seed":false,"campfire_upgraded":2,"win_rate":0,"timestamp":1558642666,"path_taken":["M","M","?","?","?","R","M","?","T","E","R","M","?","$","R","BOSS","M","?","?","?","?","R","E"],"build_version":"2019-01-23","purchased_purges":1,"victory":false,"max_hp_per_floor":[71,71,71,71,71,71,71,71,71,71,71,71,71,71,71,71,71,71,71,71,71,71,71,71],"card_choices":[{"not_picked":["Stack","Redo"],"picked":"Go for the Eyes","floor":1},{"not_picked":["Steam","Auto Shields","Stack"],"picked":"SKIP","floor":2},{"not_picked":["Compile Driver","Hologram"],"picked":"Glacier","floor":5},{"not_picked":["Static Discharge","Beam Cell"],"picked":"Ball Lightning","floor":7},{"not_picked":["Reinforced Body","Force Field"],"picked":"All For One","floor":10},{"not_picked":["Loop","Stack"],"picked":"Capacitor","floor":12},{"not_picked":["Fission","Multi-Cast"],"picked":"Buffer","floor":16},{"not_picked":["Compile Driver","Coolheaded"],"picked":"Ball Lightning","floor":18},{"not_picked":["Lockon","Doom and Gloom"],"picked":"Cold Snap","floor":19},{"not_picked":["Cold Snap","Go for the Eyes"],"picked":"Hologram","floor":20}],"player_experience":1430001,"relics_obtained":[{"floor":8,"key":"Blood Vial"},{"floor":9,"key":"Unceasing Top"},{"floor":10,"key":"Boot"},{"floor":13,"key":"War Paint"}],"event_choices":[{"damage_healed":23,"gold_gain":0,"player_choice":"Banana","damage_taken":0,"max_hp_gain":0,"max_hp_loss":0,"event_name":"Big Fish","floor":3,"gold_loss":0},{"cards_removed":["Strike_B"],"damage_healed":0,"gold_gain":0,"player_choice":"Purged","damage_taken":0,"max_hp_gain":0,"max_hp_loss":0,"event_name":"Purifier","floor":4,"gold_loss":0},{"damage_healed":0,"gold_gain":0,"player_choice":"Relic","damage_taken":0,"max_hp_gain":0,"max_hp_loss":0,"event_name":"Wheel of Change","floor":13,"gold_loss":0},{"damage_healed":0,"gold_gain":0,"player_choice":"Ignored","damage_taken":0,"max_hp_gain":0,"max_hp_loss":0,"event_name":"Ghosts","floor":21,"gold_loss":0}],"is_beta":false,"boss_relics":[{"not_picked":["Runic Pyramid","Snecko Eye"],"picked":"White Beast Statue"}],"items_purged_floors":[14],"is_endless":false,"potions_floor_spawned":[10,16,18,19,20],"killed_by":"Book of Stabbing","ascension_level":20}