{"gold_per_floor":[116,130,55,72,37,65,65,100,100,100,100],"floor_reached":11,"playtime":521,"items_purged":["Strike_B"],"score":162,"play_id":"4130cbf8-cbe1-404a-ac94-7a5e485203af","local_time":"20190522223503","is_ascension_mode":true,"campfire_choices":[{"data":"Zap","floor":7.0,"key":"SMITH"},{"floor":10,"key":"REST"}],"neow_cost":"NONE","seed_source_timestamp":249418466512448,"circlet_count":0,"master_deck":["AscendersBane","Strike_B","Strike_B","Strike_B","Defend_B","Defend_B","Defend_B","Defend_B","Zap+1","Dualcast","Cold Snap","Cold Snap","BootSequence","All For One"],"special_seed":0,"relics":["Cracked Core","Smiling Mask","Question Card","Letter Opener"],"potions_floor_usage":[8,8],"damage_taken":[{"damage":2.0,"enemies":"Jaw Worm","floor":1.0,"turns":4.0},{"damage":6.0,"enemies":"2 Louse","floor":2.0,"turns":2.0},{"damage":0.0,"enemies":"Cultist","floor":4.0,"turns":3.0},{"damage":33.0,"enemies":"Lagavulin","floor":6.0,"turns":8.0},{"damage":9,"enemies":"Gremlin Nob","floor":8,"turns":3},{"damage":52,"enemies":"3 Sentries","floor":11,"turns":8}],"seed_played":"1941542280438109101","potions_obtained":[{"floor":0.0,"key":"SteroidPotion"},{"floor":0.0,"key":"Explosive Potion"}],"is_trial":false,"path_per_floor":["M","M","$","M","?","E","R","E","T","R","E"],"character_chosen":"DEFECT","items_purchased":[],"campfire_rested":1,"item_purchase_floors":[],"current_hp_per_floor":[62,56,56,56,71,38,38,29,29,50,0],"gold":100,"neow_bonus":"THREE_SMALL_POTIONS","is_prod":false,"is_daily":false,"chose_seed":false,"campfire_upgraded":1,"win_rate":0,"timestamp":1558560903,"path_taken":["M","M","$","M","?","E","R","E","T","R","E"],"build_version":"2019-01-23","purchased_purges":1,"victory":false,"max_hp_per_floor":[71,71,71,71,71,71,71,71,71,71,71],"card_choices":[{"not_picked":["Go for the Eyes","Gash"],"picked":"Cold Snap","floor":1.0},{"not_picked":["Sweeping Beam","Redo"],"picked":"Cold Snap","floor":2.0},{"not_picked":["Turbo","Force Field"],"picked":"BootSequence","floor":4.0},{"not_picked":["Tempest","Aggregate"],"picked":"All For One","floor":6.0},{"not_picked":["Hello World","Chaos","Turbo"],"picked":"SKIP","floor":8}],"player_experience":1426844,"relics_obtained":[{"floor":6.0,"key":"Smiling Mask"},{"floor":8,"key":"Question Card"},{"floor":9,"key":"Letter Opener"}],"event_choices":[{"damage_healed":17.0,"max_hp_gain":0.0,"max_hp_loss":0.0,"gold_gain":0.0,"event_name":"The Cleric","player_choice":"Healed","floor":5.0,"gold_loss":35.0,"damage_taken":0.0}],"is_beta":false,"boss_relics":[],"items_purged_floors":[3],"is_endless":false,"potions_floor_spawned":[2,6],"killed_by":"3 Sentries","ascension_level":20}