{"gold_per_floor":[113,113,123,143,143,143,168,168,168,181,181,201,212,228,228,303,303,314,5,5,5,5,5,35,35,61,61,95,18,18,34,34,111,111,123,142,156,172,272,272,272],"floor_reached":41,"playtime":3094,"items_purged":["Strike_B"],"score":862,"play_id":"ac2df346-cafb-4a9a-a56e-965ed2a2e0bb","local_time":"20190526223047","is_ascension_mode":true,"campfire_choices":[{"data":"Static Discharge","floor":6,"key":"SMITH"},{"data":"Zap","floor":8,"key":"SMITH"},{"floor":11,"key":"REST"},{"data":"Defragment","floor":15,"key":"SMITH"},{"floor":23,"key":"RECALL"},{"floor":25,"key":"REST"},{"floor":32,"key":"REST"},{"floor":40,"key":"REST"}],"neow_cost":"PERCENT_DAMAGE","seed_source_timestamp":76400339285741,"circlet_count":0,"master_deck":["AscendersBane","Defend_B","Defend_B","Defend_B","Defend_B","Zap+1","Dualcast","Static Discharge+1","Cold Snap","Darkness","Undo","Sunder+1","Sweeping Beam","Defragment+1","Cold Snap","Compile Driver","Leap","Conserve Battery","Conserve Battery","Electrodynamics","Steam+1","FTL","All For One","Gash","Go for the Eyes","Defragment","Conserve Battery+1","Compile Driver","Echo Form","Sunder+1","Ball Lightning+1","Capacitor"],"relics":["Cracked Core","Prayer Wheel","Pear","Fusion Hammer","Strawberry","Ice Cream","Centennial Puzzle","Lantern","Sozu","Turnip"],"potions_floor_usage":[7,16,18,28,33],"damage_taken":[{"damage":0,"enemies":"Cultist","floor":1,"turns":4},{"damage":5,"enemies":"Jaw Worm","floor":3,"turns":3},{"damage":0,"enemies":"2 Louse","floor":4,"turns":3},{"damage":13,"enemies":"3 Sentries","floor":7,"turns":6},{"damage":11,"enemies":"Looter","floor":10,"turns":2},{"damage":8,"enemies":"Blue Slaver","floor":12,"turns":2},{"damage":12,"enemies":"Gremlin Gang","floor":13,"turns":3},{"damage":0,"enemies":"Exordium Wildlife","floor":14,"turns":4},{"damage":17,"enemies":"The Guardian","floor":16,"turns":9},{"damage":11,"enemies":"Shell Parasite","floor":18,"turns":5},{"damage":12,"enemies":"Book of Stabbing","floor":24,"turns":4},{"damage":25,"enemies":"Slavers","floor":28,"turns":3},{"damage":0,"enemies":"Chosen","floor":31,"turns":4},{"damage":36,"enemies":"Collector","floor":33,"turns":10},{"damage":22,"enemies":"Orb Walker","floor":35,"turns":3},{"damage":0,"enemies":"3 Shapes","floor":36,"turns":5},{"damage":2,"enemies":"Maw","floor":37,"turns":7},{"damage":35,"enemies":"Transient","floor":38,"turns":6},{"damage":0,"enemies":"Mind Bloom Boss Battle","floor":39,"turns":6},{"damage":46,"enemies":"Reptomancer","floor":41,"turns":5}],"seed_played":"-4464401500611394592","potions_obtained":[{"floor":1,"key":"Energy Potion"},{"floor":3,"key":"FocusPotion"},{"floor":7,"key":"Weak Potion"},{"floor":24,"key":"Dexterity Potion"},{"floor":28,"key":"Weak Potion"},{"floor":33,"key":"Energy Potion"}],"is_trial":false,"path_per_floor":["M","?","M","M","?","R","E","R","T","M","R","M","M","M","R","B",null,"M","$","?","?","?","R","E","R","T","$","E","$","$","M","R","B",null,"M","M","M","M","?","R","E"],"character_chosen":"DEFECT","items_purchased":["Strawberry","FTL","Defragment"],"campfire_rested":4,"item_purchase_floors":[19,19,29],"current_hp_per_floor":[46,46,41,41,41,41,28,28,38,27,51,43,31,31,31,14,64,53,60,60,60,60,60,48,74,74,74,49,49,49,49,75,39,76,54,54,52,17,17,43,0],"gold":272,"neow_bonus":"TRANSFORM_TWO_CARDS","is_prod":false,"is_daily":false,"chose_seed":false,"campfire_upgraded":3,"win_rate":0,"timestamp":1558906247,"path_taken":["M","?","?","M","?","R","E","R","T","M","R","M","M","M","R","BOSS","M","$","?","?","?","R","E","R","T","?","E","?","$","M","R","BOSS","M","M","M","M","?","R","E"],"build_version":"2019-01-23","purchased_purges":1,"victory":false,"max_hp_per_floor":[71,71,71,71,71,71,71,71,81,81,81,81,81,81,81,81,81,81,88,88,88,88,88,88,88,88,88,88,88,88,88,88,88,88,88,88,88,88,88,88,88],"card_choices":[{"not_picked":["Rebound","Turbo"],"picked":"Darkness","floor":1},{"not_picked":["Streamline","Rip and Tear"],"picked":"Undo","floor":3},{"not_picked":["Turbo","Streamline"],"picked":"Sunder","floor":4},{"not_picked":["Conserve Battery","Static Discharge"],"picked":"Sweeping Beam","floor":7},{"not_picked":["Barrage","Sweeping Beam"],"picked":"Defragment","floor":10},{"not_picked":["Streamline","Hello World"],"picked":"Cold Snap","floor":10},{"not_picked":["Auto Shields","Beam Cell"],"picked":"Compile Driver","floor":12},{"not_picked":["Gash","Melter","Coolheaded"],"picked":"SKIP","floor":12},{"not_picked":["Conserve Battery","Cold Snap"],"picked":"Leap","floor":13},{"not_picked":["Multi-Cast","Ball Lightning"],"picked":"Conserve Battery","floor":13},{"not_picked":["Leap","Go for the Eyes"],"picked":"Conserve Battery","floor":14},{"not_picked":["Gash","Steam","Static Discharge"],"picked":"SKIP","floor":14},{"not_picked":["Reboot","Machine Learning"],"picked":"Electrodynamics","floor":16},{"not_picked":["Coolheaded","Rebound+1"],"picked":"Steam+1","floor":18},{"not_picked":["Double Energy","Gash","Storm"],"picked":"SKIP","floor":18},{"not_picked":["Blizzard","Hyperbeam"],"picked":"Gash","floor":24},{"not_picked":["Reinforced Body","Stack"],"picked":"Go for the Eyes","floor":28},{"not_picked":["Leap","Genetic Algorithm"],"picked":"Conserve Battery+1","floor":31},{"not_picked":["Reinforced Body","Coolheaded+1"],"picked":"Compile Driver","floor":31},{"not_picked":["Seek","Core Surge"],"picked":"Echo Form","floor":33},{"not_picked":["BootSequence+1","Conserve Battery+1"],"picked":"Sunder+1","floor":35},{"not_picked":["Beam Cell","Turbo","Static Discharge"],"picked":"SKIP","floor":35},{"not_picked":["Storm+1","Undo","Double Energy+1"],"picked":"SKIP","floor":36},{"not_picked":["Go for the Eyes","Hologram","Steam Power"],"picked":"SKIP","floor":36},{"not_picked":["Aggregate","Conserve Battery"],"picked":"Ball Lightning+1","floor":37},{"not_picked":["Rip and Tear","Leap","Chaos"],"picked":"SKIP","floor":37},{"not_picked":["Reprogram","Conserve Battery+1"],"picked":"Capacitor","floor":38},{"not_picked":["Go for the Eyes","Stack+1","Fusion+1"],"picked":"SKIP","floor":38}],"player_experience":1482286,"relics_obtained":[{"floor":7,"key":"Prayer Wheel"},{"floor":9,"key":"Pear"},{"floor":24,"key":"Ice Cream"},{"floor":26,"key":"Centennial Puzzle"},{"floor":28,"key":"Lantern"},{"floor":39,"key":"Turnip"}],"event_choices":[{"cards_removed":["Strike_B"],"damage_healed":0,"gold_gain":0,"player_choice":"Purged","damage_taken":0,"max_hp_gain":0,"max_hp_loss":0,"event_name":"Purifier","floor":2,"gold_loss":0},{"damage_healed":0,"gold_gain":0,"player_choice":"Grow","damage_taken":0,"max_hp_gain":0,"max_hp_loss":0,"event_name":"Living Wall","floor":5,"gold_loss":0,"cards_upgraded":["Sunder"]},{"damage_healed":0,"gold_gain":0,"player_choice":"Read","damage_taken":0,"max_hp_gain":0,"max_hp_loss":0,"event_name":"The Library","floor":20,"gold_loss":0,"cards_obtained":["All For One"]},{"damage_healed":0,"gold_gain":0,"player_choice":"Ignored","damage_taken":0,"max_hp_gain":0,"max_hp_loss":0,"event_name":"Ghosts","floor":21,"gold_loss":0},{"damage_healed":0,"gold_gain":0,"player_choice":"Ignored","damage_taken":0,"max_hp_gain":0,"max_hp_loss":0,"event_name":"Vampires","floor":22,"gold_loss":0},{"damage_healed":0,"gold_gain":0,"player_choice":"Fight","damage_taken":0,"max_hp_gain":0,"max_hp_loss":0,"event_name":"MindBloom","floor":39,"gold_loss":0}],"is_beta":false,"boss_relics":[{"not_picked":["Calling Bell","White Beast Statue"],"picked":"Fusion Hammer"},{"not_picked":["Lizard Tail","Velvet Choker"],"picked":"Sozu"}],"items_purged_floors":[19],"is_endless":false,"potions_floor_spawned":[1,3,7,13,24,28,33,37,38,39],"killed_by":"Reptomancer","ascension_level":20}