{"gold_per_floor":[118,132,132,132,142,173,184,199,223,234,234,234,250,275,275,275],"floor_reached":16,"playtime":1237,"items_purged":[],"score":228,"play_id":"0225a779-bbdb-41fe-ab88-d8417063266d","local_time":"20190525103912","is_ascension_mode":true,"campfire_choices":[{"floor":12.0,"key":"REST"},{"data":"Creative AI","floor":15.0,"key":"SMITH"}],"neow_cost":"NONE","seed_source_timestamp":465041985172433,"circlet_count":0,"master_deck":["AscendersBane","Strike_B","Strike_B","Strike_B","Strike_B","Defend_B","Defend_B","Defend_B","Defend_B","Zap","Dualcast","White Noise","Core Surge","Compile Driver","Creative AI+1","Cold Snap","Conserve Battery"],"special_seed":0,"relics":["Cracked Core","Matryoshka","Gremlin Horn","Omamori","Ancient Tea Set"],"potions_floor_usage":[],"damage_taken":[{"damage":7.0,"enemies":"Jaw Worm","floor":1.0,"turns":5.0},{"damage":7.0,"enemies":"Small Slimes","floor":2.0,"turns":3.0},{"damage":6.0,"enemies":"Cultist","floor":5.0,"turns":4.0},{"damage":24.0,"enemies":"Gremlin Nob","floor":6.0,"turns":4.0},{"damage":20.0,"enemies":"Large Slime","floor":7.0,"turns":5.0},{"damage":1.0,"enemies":"2 Fungi Beasts","floor":8.0,"turns":4.0},{"damage":9.0,"enemies":"Exordium Wildlife","floor":10.0,"turns":3.0},{"damage":11.0,"enemies":"3 Louse","floor":13.0,"turns":3.0},{"damage":30.0,"enemies":"Lagavulin","floor":14.0,"turns":10.0},{"damage":23,"enemies":"Hexaghost","floor":16,"turns":9}],"seed_played":"4169977321065115139","potions_obtained":[{"floor":1.0,"key":"Swift Potion"},{"floor":7.0,"key":"Explosive Potion"},{"floor":10.0,"key":"Strength Potion"},{"floor":13.0,"key":"Regen Potion"}],"is_trial":false,"path_per_floor":["M","M","?","?","M","E","M","M","T","M","?","R","M","E","R","B"],"character_chosen":"DEFECT","items_purchased":[],"campfire_rested":1,"item_purchase_floors":[],"current_hp_per_floor":[64,57,62,62,56,32,12,11,11,2,22,46,35,20,20,0],"gold":275,"neow_bonus":"TEN_PERCENT_HP_BONUS","is_prod":false,"is_daily":false,"chose_seed":false,"campfire_upgraded":1,"win_rate":0,"timestamp":1558777152,"path_taken":["M","M","?","?","?","E","M","M","T","M","?","R","M","E","R","BOSS"],"build_version":"2019-01-23","purchased_purges":0,"victory":false,"max_hp_per_floor":[78,78,83,83,83,83,83,83,83,83,83,83,83,83,83,83],"card_choices":[{"not_picked":["Steam Power","Stack","Hologram"],"picked":"SKIP","floor":1.0},{"not_picked":["Steam","Stack"],"picked":"White Noise","floor":2.0},{"not_picked":["Loop","Redo"],"picked":"Compile Driver","floor":5.0},{"not_picked":["Auto Shields","Sweeping Beam"],"picked":"Creative AI","floor":6.0},{"not_picked":["Recycle","Compile Driver","Beam Cell"],"picked":"SKIP","floor":7.0},{"not_picked":["Beam Cell","Barrage"],"picked":"Cold Snap","floor":8.0},{"not_picked":["Turbo","Recycle","Skim"],"picked":"SKIP","floor":10.0},{"not_picked":["Cold Snap","Barrage"],"picked":"Conserve Battery","floor":13.0},{"not_picked":["Redo","Beam Cell","Barrage"],"picked":"SKIP","floor":14.0}],"player_experience":1446775,"relics_obtained":[{"floor":6.0,"key":"Matryoshka"},{"floor":9.0,"key":"Gremlin Horn"},{"floor":9.0,"key":"Omamori"},{"floor":14.0,"key":"Ancient Tea Set"}],"event_choices":[{"damage_healed":0.0,"max_hp_gain":5.0,"max_hp_loss":0.0,"gold_gain":0.0,"event_name":"Big Fish","player_choice":"Donut","floor":3.0,"gold_loss":0.0,"damage_taken":0.0},{"damage_healed":0.0,"max_hp_gain":0.0,"max_hp_loss":0.0,"gold_gain":0.0,"event_name":"Match and Keep!","player_choice":"1 cards matched","floor":4.0,"gold_loss":0.0,"damage_taken":0.0,"cards_obtained":["Core Surge"]},{"damage_healed":20.0,"max_hp_gain":0.0,"max_hp_loss":0.0,"gold_gain":0.0,"event_name":"Mushrooms","player_choice":"Healed and dodged fight","floor":11.0,"gold_loss":0.0,"damage_taken":0.0,"cards_obtained":["Parasite"]}],"is_beta":false,"boss_relics":[],"items_purged_floors":[],"is_endless":false,"potions_floor_spawned":[1,7,10,13],"killed_by":"Hexaghost","ascension_level":20}