{"gold_per_floor":[115,126,126,126,140,140,160,187,187,220,220,231,244,7,7,81,81,94,94],"floor_reached":19,"playtime":1337,"items_purged":["Strike_B"],"score":458,"play_id":"2b4275a1-1d06-46fa-a752-f552d9dd28c9","local_time":"20190525110449","is_ascension_mode":true,"campfire_choices":[{"floor":6,"key":"REST"},{"floor":11,"key":"REST"},{"data":"Sweeping Beam","floor":15,"key":"SMITH"}],"neow_cost":"PERCENT_DAMAGE","seed_source_timestamp":466493295075317,"circlet_count":0,"master_deck":["AscendersBane","Strike_B","Strike_B+1","Defend_B","Defend_B","Defend_B+1","Defend_B","Zap","Dualcast","Compile Driver","Compile Driver","Hologram","Coolheaded","White Noise","Conserve Battery","White Noise+1","Ball Lightning","Sweeping Beam+1","Reinforced Body+1","Self Repair","Amplify+1","Chill+1"],"relics":["Cracked Core","Question Card","Singing Bowl","Toxic Egg 2","Inserter"],"potions_floor_usage":[8,16,16],"damage_taken":[{"damage":0,"enemies":"2 Louse","floor":1,"turns":2},{"damage":1,"enemies":"Cultist","floor":2,"turns":3},{"damage":0,"enemies":"Small Slimes","floor":5,"turns":2},{"damage":8,"enemies":"2 Fungi Beasts","floor":7,"turns":4},{"damage":8,"enemies":"3 Sentries","floor":8,"turns":9},{"damage":28,"enemies":"Lagavulin","floor":10,"turns":8},{"damage":0,"enemies":"Exordium Wildlife","floor":12,"turns":3},{"damage":5,"enemies":"Blue Slaver","floor":13,"turns":3},{"damage":0,"enemies":"Slime Boss","floor":16,"turns":6},{"damage":44,"enemies":"2 Thieves","floor":18,"turns":5},{"damage":40,"enemies":"Chosen","floor":19,"turns":5}],"seed_played":"3261729354550592220","potions_obtained":[{"floor":5,"key":"FocusPotion"},{"floor":8,"key":"SpeedPotion"},{"floor":12,"key":"Strength Potion"},{"floor":13,"key":"PowerPotion"}],"is_trial":false,"path_per_floor":["M","M","?","?","M","R","M","E","T","E","R","M","M","$","R","B",null,"M","M"],"character_chosen":"DEFECT","items_purchased":["Reinforced Body+1","Self Repair"],"campfire_rested":2,"item_purchase_floors":[14,14],"current_hp_per_floor":[60,59,33,33,33,58,50,42,42,14,39,39,34,34,34,41,74,30,0],"gold":94,"neow_bonus":"TWENTY_PERCENT_HP_BONUS","is_prod":false,"is_daily":false,"chose_seed":false,"campfire_upgraded":1,"win_rate":0,"timestamp":1558778689,"path_taken":["M","M","?","?","M","R","M","E","T","E","R","M","M","$","R","BOSS","M","M"],"build_version":"2019-01-23","purchased_purges":1,"victory":false,"max_hp_per_floor":[85,85,85,85,85,85,85,85,85,85,85,85,85,85,85,85,85,85,85],"card_choices":[{"not_picked":["Gash","Turbo"],"picked":"Compile Driver","floor":1},{"not_picked":["Barrage","Lockon"],"picked":"Compile Driver","floor":2},{"not_picked":["Barrage","Leap"],"picked":"Coolheaded","floor":5},{"not_picked":["Hologram","Turbo"],"picked":"White Noise","floor":7},{"not_picked":["Steam Power","Aggregate"],"picked":"Conserve Battery","floor":8},{"not_picked":["BootSequence","Consume","Compile Driver"],"picked":"White Noise","floor":10},{"not_picked":["Cold Snap","Steam Power+1","Compile Driver"],"picked":"Ball Lightning","floor":12},{"not_picked":["Steam+1","Doom and Gloom","BootSequence+1"],"picked":"Sweeping Beam","floor":13},{"not_picked":["Hyperbeam","Thunder Strike","Multi-Cast+1"],"picked":"Amplify+1","floor":16},{"not_picked":["Hello World+1","Sweeping Beam","Cold Snap"],"picked":"Chill+1","floor":18}],"player_experience":1448012,"relics_obtained":[{"floor":8,"key":"Question Card"},{"floor":9,"key":"Singing Bowl"},{"floor":10,"key":"Toxic Egg 2"}],"event_choices":[{"damage_healed":0,"gold_gain":0,"player_choice":"Entered Light","damage_taken":26,"max_hp_gain":0,"max_hp_loss":0,"event_name":"Shining Light","floor":3,"gold_loss":0,"cards_upgraded":["Strike_B","Defend_B"]},{"damage_healed":0,"gold_gain":0,"cards_transformed":["Strike_B"],"player_choice":"Transformed","damage_taken":0,"max_hp_gain":0,"max_hp_loss":0,"event_name":"Transmorgrifier","floor":4,"gold_loss":0,"cards_obtained":["Hologram"]}],"is_beta":false,"boss_relics":[{"not_picked":["FrozenCore","Busted Crown"],"picked":"Inserter"}],"items_purged_floors":[14],"is_endless":false,"potions_floor_spawned":[5,8,12,13],"killed_by":"Chosen","ascension_level":20}