{"gold_per_floor":[112,123,136,152,171,171,205,205,229,229,263,19,19,33,33,33],"floor_reached":16,"playtime":676,"items_purged":["Strike_B"],"score":224,"play_id":"a1ef2f2a-7b65-42c8-8c75-7046a7e04a9c","local_time":"20190522085403","is_ascension_mode":true,"campfire_choices":[{"data":"Zap","floor":6,"key":"SMITH"},{"floor":8,"key":"REST"},{"floor":13,"key":"REST"},{"data":"Static Discharge","floor":15,"key":"SMITH"}],"neow_cost":"NONE","seed_source_timestamp":200105127090778,"circlet_count":0,"master_deck":["AscendersBane","Strike_B+1","Strike_B","Strike_B","Defend_B","Defend_B","Defend_B","Defend_B","Zap+1","Dualcast","Darkness","Leap","Ball Lightning+1","Compile Driver","Static Discharge+1","Electrodynamics","Auto Shields"],"relics":["Cracked Core","Boot","Pen Nib","Lantern","Blood Vial","Whetstone"],"potions_floor_usage":[7,11,16],"damage_taken":[{"damage":1,"enemies":"Cultist","floor":1,"turns":3},{"damage":1,"enemies":"2 Louse","floor":2,"turns":3},{"damage":5,"enemies":"Jaw Worm","floor":3,"turns":5},{"damage":24,"enemies":"Exordium Wildlife","floor":4,"turns":5},{"damage":7,"enemies":"Looter","floor":5,"turns":3},{"damage":18,"enemies":"Gremlin Nob","floor":7,"turns":4},{"damage":6,"enemies":"3 Sentries","floor":11,"turns":3},{"damage":0,"enemies":"3 Louse","floor":14,"turns":2},{"damage":34,"enemies":"The Guardian","floor":16,"turns":6}],"seed_played":"-4669850789973786864","potions_obtained":[{"floor":1,"key":"GamblersBrew"},{"floor":2,"key":"Block Potion"},{"floor":7,"key":"Explosive Potion"}],"is_trial":false,"path_per_floor":["M","M","M","M","M","R","E","R","T","?","E","$","R","M","R","B"],"character_chosen":"DEFECT","items_purchased":["Whetstone"],"campfire_rested":2,"item_purchase_floors":[12],"current_hp_per_floor":[70,69,64,40,33,33,15,38,38,12,6,6,29,31,31,0],"gold":33,"neow_bonus":"TEN_PERCENT_HP_BONUS","is_prod":false,"is_daily":false,"chose_seed":false,"campfire_upgraded":2,"win_rate":0,"timestamp":1558511643,"path_taken":["M","?","M","M","?","R","E","R","T","?","E","$","R","M","R","BOSS"],"build_version":"2019-01-23","purchased_purges":1,"victory":false,"max_hp_per_floor":[78,78,78,78,78,78,78,78,78,78,78,78,78,78,78,78],"card_choices":[{"not_picked":["Consume","Capacitor"],"picked":"Darkness","floor":1},{"not_picked":["Barrage","Blizzard"],"picked":"Leap","floor":2},{"not_picked":["Auto Shields","Compile Driver"],"picked":"Ball Lightning","floor":3},{"not_picked":["Sweeping Beam","Coolheaded"],"picked":"Compile Driver","floor":4},{"not_picked":["Go for the Eyes","Stack"],"picked":"Static Discharge","floor":5},{"not_picked":["Storm","Rainbow"],"picked":"Electrodynamics","floor":7},{"not_picked":["Amplify","Rebound"],"picked":"Auto Shields","floor":11},{"not_picked":["Melter","Steam","Redo"],"picked":"SKIP","floor":14}],"player_experience":1425356,"relics_obtained":[{"floor":7,"key":"Boot"},{"floor":9,"key":"Pen Nib"},{"floor":11,"key":"Blood Vial"}],"event_choices":[{"damage_healed":0,"gold_gain":0,"player_choice":"Success","damage_taken":26,"relics_obtained":["Lantern"],"max_hp_gain":0,"max_hp_loss":0,"event_name":"Scrap Ooze","floor":10,"gold_loss":0}],"is_beta":false,"boss_relics":[],"items_purged_floors":[12],"is_endless":false,"potions_floor_spawned":[1,2,7],"killed_by":"The Guardian","ascension_level":20}