{"gold_per_floor":[110,129,279,295,12,47,62,62,62,62,88,88,100,132,132,205,205,222,222,222,232,246,246,279,291,291,322,322,322,353,353,353,424,424,434,79,79,79,90,116,116,149,149,149,161,176,223,251,251,251],"floor_reached":50,"playtime":5808,"items_purged":["Rip and Tear"],"score":1387,"play_id":"2d583aa0-857b-4feb-94ca-9bc99bd9b3c0","local_time":"20190525124504","is_ascension_mode":true,"campfire_choices":[{"data":"Reinforced Body","floor":8,"key":"SMITH"},{"floor":10,"key":"REST"},{"floor":12,"key":"REST"},{"data":"Ball Lightning","floor":15,"key":"SMITH"},{"floor":23,"key":"REST"},{"floor":29,"key":"REST"},{"floor":32,"key":"RECALL"},{"floor":41,"key":"REST"},{"floor":49,"key":"REST"}],"neow_cost":"NONE","seed_source_timestamp":468040284787722,"circlet_count":0,"master_deck":["AscendersBane","Strike_B+1","Strike_B+1","Strike_B+1","Defend_B+1","Defend_B+1","Defend_B+1","Defend_B+1","Zap+1","Dualcast+1","Reinforced Body+1","Genetic Algorithm","Doubt","Glacier","Cold Snap","Buffer+1","Ball Lightning+1","Genetic Algorithm","Core Surge","Ball Lightning+1","Consume+1","Conserve Battery+1","Turbo+1","Creative AI+1","BootSequence+1","Turbo+1","Trip+1","Blind+1","Panacea+1","Stack+1","Hologram+1","Defragment+1","Static Discharge+1","Seek+1","Seek+1"],"relics":["Cracked Core","Frozen Egg 2","Bird Faced Urn","Matryoshka","Mercury Hourglass","PreservedInsect","Fusion Hammer","Pear","Anchor","Unceasing Top","Toxic Egg 2","Blue Candle","Philosopher\u0027s Stone","DataDisk","Dodecahedron","Ginger","Sundial","Incense Burner","Ornamental Fan"],"potions_floor_usage":[6,11,24,33,40,50],"damage_taken":[{"damage":1,"enemies":"Cultist","floor":1,"turns":3},{"damage":8,"enemies":"Small Slimes","floor":2,"turns":3},{"damage":3,"enemies":"Jaw Worm","floor":4,"turns":3},{"damage":9,"enemies":"3 Sentries","floor":6,"turns":3},{"damage":7,"enemies":"Large Slime","floor":7,"turns":8},{"damage":32,"enemies":"Gremlin Nob","floor":11,"turns":5},{"damage":0,"enemies":"3 Louse","floor":13,"turns":3},{"damage":8,"enemies":"Lagavulin","floor":14,"turns":6},{"damage":44,"enemies":"The Guardian","floor":16,"turns":14},{"damage":0,"enemies":"Shell Parasite","floor":18,"turns":6},{"damage":10,"enemies":"3 Byrds","floor":21,"turns":4},{"damage":8,"enemies":"Shelled Parasite and Fungi","floor":22,"turns":5},{"damage":0,"enemies":"Slavers","floor":24,"turns":4},{"damage":21,"enemies":"Centurion and Healer","floor":25,"turns":7},{"damage":11,"enemies":"Gremlin Leader","floor":27,"turns":7},{"damage":11,"enemies":"Slavers","floor":30,"turns":4},{"damage":38,"enemies":"Champ","floor":33,"turns":17},{"damage":0,"enemies":"3 Shapes","floor":35,"turns":7},{"damage":30,"enemies":"3 Darklings","floor":39,"turns":5},{"damage":6,"enemies":"Reptomancer","floor":40,"turns":8},{"damage":1,"enemies":"Giant Head","floor":42,"turns":7},{"damage":12,"enemies":"Writhing Mass","floor":45,"turns":5},{"damage":50,"enemies":"Spire Growth","floor":46,"turns":8},{"damage":23,"enemies":"2 Orb Walkers","floor":47,"turns":5},{"damage":17,"enemies":"Reptomancer","floor":48,"turns":5},{"damage":79,"enemies":"Donu and Deca","floor":50,"turns":11}],"seed_played":"6956619196926821405","potions_obtained":[{"floor":1,"key":"EssenceOfSteel"},{"floor":2,"key":"PowerPotion"},{"floor":4,"key":"FocusPotion"},{"floor":13,"key":"Energy Potion"},{"floor":18,"key":"EssenceOfSteel"},{"floor":30,"key":"Explosive Potion"},{"floor":33,"key":"Dexterity Potion"},{"floor":46,"key":"Ancient Potion"},{"floor":47,"key":"Explosive Potion"},{"floor":48,"key":"Block Potion"}],"is_trial":false,"path_per_floor":["M","M","?","M","$","E","M","R","T","R","E","R","M","E","R","B",null,"M","?","?","M","M","R","E","M","T","E","?","R","E","?","R","B",null,"M","$","?","?","M","E","R","E","T","?","M","M","?","E","R","B"],"character_chosen":"DEFECT","items_purchased":["Frozen Egg 2","DataDisk","Turbo+1","PowerPotion"],"campfire_rested":6,"item_purchase_floors":[5,36,36,36],"current_hp_per_floor":[63,55,55,52,52,43,36,36,36,57,27,48,50,44,44,2,54,56,56,56,46,40,61,73,54,54,45,45,69,60,60,60,24,67,75,75,75,65,41,57,77,77,77,77,68,34,27,24,47,0],"gold":251,"neow_bonus":"UPGRADE_CARD","is_prod":false,"is_daily":false,"chose_seed":false,"campfire_upgraded":2,"win_rate":0,"timestamp":1558784704,"path_taken":["M","?","?","M","$","E","M","R","T","R","E","R","M","E","R","BOSS","M","?","?","M","M","R","E","M","T","E","?","R","E","?","R","BOSS","M","$","?","?","M","E","R","E","T","?","?","M","?","E","R","BOSS"],"build_version":"2019-01-23","purchased_purges":1,"victory":false,"max_hp_per_floor":[71,71,71,71,71,71,71,71,71,71,71,71,71,71,71,71,71,71,71,71,71,71,71,81,81,81,81,81,81,81,81,81,81,81,81,81,77,77,77,77,77,77,77,77,77,77,77,77,77,77],"card_choices":[{"not_picked":["Stack","Barrage"],"picked":"Reinforced Body","floor":1},{"not_picked":["Sweeping Beam","Hologram"],"picked":"Genetic Algorithm","floor":2},{"not_picked":["Hologram","Compile Driver"],"picked":"Glacier","floor":4},{"not_picked":["Beam Cell","Double Energy"],"picked":"Cold Snap","floor":6},{"not_picked":["White Noise","Beam Cell"],"picked":"Buffer+1","floor":7},{"not_picked":["Barrage","Seek"],"picked":"Ball Lightning","floor":11},{"not_picked":["Coolheaded","Rebound"],"picked":"Genetic Algorithm","floor":13},{"not_picked":["Multi-Cast","Hologram"],"picked":"Rebound","floor":14},{"not_picked":["Meteor Strike","Reboot"],"picked":"Core Surge","floor":16},{"not_picked":["Leap","Beam Cell"],"picked":"Ball Lightning+1","floor":18},{"not_picked":["Stack","Beam Cell","Ball Lightning"],"picked":"SKIP","floor":21},{"not_picked":["Gash+1","Darkness","Turbo+1"],"picked":"SKIP","floor":22},{"not_picked":["Reprogram","Genetic Algorithm","Leap"],"picked":"SKIP","floor":24},{"not_picked":["Recycle","Sweeping Beam","Hologram"],"picked":"SKIP","floor":25},{"not_picked":["Rip and Tear","Meteor Strike","Go for the Eyes"],"picked":"SKIP","floor":27},{"not_picked":["Auto Shields+1","Barrage"],"picked":"Conserve Battery+1","floor":30},{"not_picked":["Seek+1","Rainbow+1"],"picked":"Creative AI+1","floor":33},{"not_picked":["Sweeping Beam","Glacier+1"],"picked":"BootSequence+1","floor":35},{"not_picked":["HandOfGreed","Sadistic Nature+1"],"picked":"Trip+1","floor":38},{"not_picked":["Swift Strike","Apotheosis+1"],"picked":"Blind+1","floor":38},{"not_picked":["Flash of Steel","Master of Strategy+1"],"picked":"Panacea+1","floor":38},{"not_picked":["Chaos+1","Turbo+1"],"picked":"Stack+1","floor":39},{"not_picked":["Sweeping Beam","Go for the Eyes"],"picked":"Hologram+1","floor":40},{"not_picked":["Leap+1","Tempest+1"],"picked":"Defragment+1","floor":42},{"not_picked":["Ball Lightning","Rebound","Steam+1"],"picked":"SKIP","floor":45},{"not_picked":["BootSequence+1","Consume+1"],"picked":"Static Discharge+1","floor":46},{"not_picked":["Auto Shields+1","Streamline"],"picked":"Seek+1","floor":47},{"not_picked":["Streamline","Reprogram+1"],"picked":"Seek+1","floor":48}],"player_experience":1449349,"relics_obtained":[{"floor":6,"key":"Bird Faced Urn"},{"floor":9,"key":"Matryoshka"},{"floor":11,"key":"Mercury Hourglass"},{"floor":14,"key":"PreservedInsect"},{"floor":24,"key":"Pear"},{"floor":26,"key":"Anchor"},{"floor":26,"key":"Unceasing Top"},{"floor":27,"key":"Toxic Egg 2"},{"floor":30,"key":"Blue Candle"},{"floor":40,"key":"Dodecahedron"},{"floor":42,"key":"Ginger"},{"floor":43,"key":"Sundial"},{"floor":47,"key":"Incense Burner"},{"floor":48,"key":"Ornamental Fan"}],"event_choices":[{"damage_healed":0,"gold_gain":150,"player_choice":"AGREE","damage_taken":0,"max_hp_gain":0,"max_hp_loss":0,"event_name":"Liars Game","floor":3,"gold_loss":0,"cards_obtained":["Doubt"]},{"damage_healed":0,"gold_gain":0,"player_choice":"Ignored","damage_taken":0,"max_hp_gain":0,"max_hp_loss":0,"event_name":"Vampires","floor":19,"gold_loss":0},{"damage_healed":0,"gold_gain":0,"player_choice":"Simplicity","damage_taken":0,"max_hp_gain":0,"max_hp_loss":0,"event_name":"Back to Basics","floor":20,"gold_loss":0,"cards_upgraded":["Strike_B","Strike_B","Strike_B","Strike_B","Defend_B","Defend_B","Defend_B","Defend_B"]},{"damage_healed":0,"gold_gain":0,"player_choice":"Read","damage_taken":0,"max_hp_gain":0,"max_hp_loss":0,"event_name":"The Library","floor":28,"gold_loss":0,"cards_obtained":["Consume"]},{"damage_healed":0,"gold_gain":0,"cards_transformed":["Rebound","Strike_B"],"player_choice":"Became Test Subject","damage_taken":0,"max_hp_gain":0,"max_hp_loss":0,"event_name":"Drug Dealer","floor":31,"gold_loss":0,"cards_obtained":["Rip and Tear","Turbo"]},{"damage_healed":0,"gold_gain":0,"player_choice":"Max HP","damage_taken":0,"max_hp_gain":0,"max_hp_loss":4,"event_name":"Winding Halls","floor":37,"gold_loss":0},{"damage_healed":0,"gold_gain":0,"player_choice":"Memory 3","damage_taken":10,"max_hp_gain":0,"max_hp_loss":0,"event_name":"SensoryStone","floor":38,"gold_loss":0},{"damage_healed":0,"gold_gain":0,"player_choice":"Upgraded","damage_taken":0,"max_hp_gain":0,"max_hp_loss":0,"event_name":"Upgrade Shrine","floor":44,"gold_loss":0,"cards_upgraded":["Dualcast"]},{"damage_healed":0,"gold_gain":0,"player_choice":"Fight","damage_taken":0,"max_hp_gain":0,"max_hp_loss":0,"event_name":"Mysterious Sphere","floor":47,"gold_loss":0}],"is_beta":false,"boss_relics":[{"not_picked":["Coffee Dripper","Astrolabe"],"picked":"Fusion Hammer"},{"not_picked":["Busted Crown","Sozu"],"picked":"Philosopher\u0027s Stone"}],"items_purged_floors":[36],"is_endless":false,"potions_floor_spawned":[1,2,4,13,18,22,30,33,39,46,47,48],"killed_by":"Donu and Deca","ascension_level":20}