{"gold_per_floor":[111,131,96,107,127,127,161,161,209,229,229,229,239,15,15,15],"floor_reached":16,"playtime":813,"items_purged":["Strike_B"],"score":204,"play_id":"86452cd3-a048-4fcd-8aa7-7dff63aaaf6d","local_time":"20190526175010","is_ascension_mode":true,"campfire_choices":[{"floor":6,"key":"REST"},{"data":"Electrodynamics","floor":8,"key":"SMITH"},{"data":"Static Discharge","floor":11,"key":"SMITH"},{"floor":15,"key":"REST"}],"neow_cost":"PERCENT_DAMAGE","seed_source_timestamp":61846030595691,"circlet_count":0,"master_deck":["AscendersBane","Strike_B","Strike_B","Defend_B","Defend_B","Defend_B","Defend_B","Zap","Dualcast","Static Discharge+1","Sweeping Beam","Genetic Algorithm","Capacitor","Electrodynamics+1","Undo","Coolheaded","Dark Shackles","Leap"],"relics":["Cracked Core","Peace Pipe","Letter Opener","Orichalcum"],"potions_floor_usage":[7,10,16],"damage_taken":[{"damage":4,"enemies":"Small Slimes","floor":1,"turns":3},{"damage":1,"enemies":"Cultist","floor":2,"turns":3},{"damage":0,"enemies":"2 Louse","floor":4,"turns":2},{"damage":30,"enemies":"Gremlin Gang","floor":5,"turns":3},{"damage":38,"enemies":"Gremlin Nob","floor":7,"turns":4},{"damage":6,"enemies":"Exordium Wildlife","floor":10,"turns":2},{"damage":6,"enemies":"3 Louse","floor":13,"turns":3},{"damage":27,"enemies":"The Guardian","floor":16,"turns":14}],"seed_played":"5034559992625941334","potions_obtained":[{"floor":1,"key":"LiquidBronze"},{"floor":4,"key":"PowerPotion"},{"floor":7,"key":"FearPotion"},{"floor":10,"key":"Fruit Juice"}],"is_trial":false,"path_per_floor":["M","M","?","M","M","R","E","R","T","M","R","?","M","$","R","B"],"character_chosen":"DEFECT","items_purchased":["Dark Shackles","Leap"],"campfire_rested":2,"item_purchase_floors":[14,14],"current_hp_per_floor":[42,41,58,58,28,49,11,11,11,10,10,10,4,4,26,0],"gold":15,"neow_bonus":"ONE_RARE_RELIC","is_prod":false,"is_daily":false,"chose_seed":false,"campfire_upgraded":2,"win_rate":0,"timestamp":1558889410,"path_taken":["M","M","?","M","M","R","E","R","T","M","R","?","?","$","R","BOSS"],"build_version":"2019-01-23","purchased_purges":1,"victory":false,"max_hp_per_floor":[71,71,71,71,71,71,71,71,71,76,76,76,76,76,76,76],"card_choices":[{"not_picked":["Heatsinks","Beam Cell"],"picked":"Static Discharge","floor":1},{"not_picked":["Chill","Storm"],"picked":"Sweeping Beam","floor":2},{"not_picked":["Gash","Storm"],"picked":"Genetic Algorithm","floor":4},{"not_picked":["Recycle","Hologram"],"picked":"Capacitor","floor":5},{"not_picked":["Heatsinks","Reinforced Body"],"picked":"Electrodynamics","floor":7},{"not_picked":["Reprogram","Beam Cell","Sweeping Beam"],"picked":"SKIP","floor":10},{"not_picked":["Static Discharge","Genetic Algorithm"],"picked":"Coolheaded","floor":13}],"player_experience":1476616,"relics_obtained":[{"floor":7,"key":"Letter Opener"},{"floor":9,"key":"Orichalcum"}],"event_choices":[{"damage_healed":17,"gold_gain":0,"player_choice":"Healed","damage_taken":0,"max_hp_gain":0,"max_hp_loss":0,"event_name":"The Cleric","floor":3,"gold_loss":35},{"damage_healed":0,"gold_gain":0,"cards_transformed":["Strike_B"],"player_choice":"Transformed","damage_taken":0,"max_hp_gain":0,"max_hp_loss":0,"event_name":"Transmorgrifier","floor":12,"gold_loss":0,"cards_obtained":["Undo"]}],"is_beta":false,"boss_relics":[],"items_purged_floors":[14],"is_endless":false,"potions_floor_spawned":[1,4,7,10],"killed_by":"The Guardian","ascension_level":20}