{"gold_per_floor":[109,184,197,64,80,80,80,100,127,127,154,173,200,212,212,290,290,300,300,138,138,118,118,150,100,123,173,73,86,86,106,106,184,184,195,209,209,209,225,257,132,132],"floor_reached":42,"playtime":4345,"items_purged":["Strike_B","Writhe","Strike_B"],"score":933,"play_id":"ecfcc58c-49d1-41c7-bee2-ced330a85c03","local_time":"20190525100135","is_ascension_mode":true,"campfire_choices":[{"data":"Defragment","floor":6.0,"key":"SMITH"},{"floor":10.0,"key":"REST"},{"floor":15.0,"key":"REST"},{"floor":23.0,"key":"REST"},{"data":"Biased Cognition","floor":30.0,"key":"SMITH"},{"floor":32.0,"key":"REST"}],"neow_cost":"NONE","seed_source_timestamp":0,"circlet_count":0,"master_deck":["AscendersBane","Strike_B","Strike_B","Defend_B+1","Defend_B","Defend_B+1","Defend_B+1","Zap","Dualcast+1","White Noise","Defragment+1","Cold Snap","Compile Driver+1","Ball Lightning","Cold Snap","Biased Cognition","Conserve Battery+1","Reinforced Body","Biased Cognition+1","Self Repair","Creative AI","BootSequence+1","Consume"],"special_seed":0,"relics":["Cracked Core","Strawberry","Juzu Bracelet","Pen Nib","Cursed Key","Oddly Smooth Stone","War Paint","Fusion Hammer","Girya"],"potions_floor_usage":[39,40],"damage_taken":[{"damage":1.0,"enemies":"Cultist","floor":1.0,"turns":3.0},{"damage":8.0,"enemies":"2 Louse","floor":3.0,"turns":3.0},{"damage":2.0,"enemies":"Jaw Worm","floor":5.0,"turns":3.0},{"damage":9.0,"enemies":"3 Louse","floor":8.0,"turns":4.0},{"damage":7.0,"enemies":"Gremlin Nob","floor":11.0,"turns":3.0},{"damage":12.0,"enemies":"Exordium Thugs","floor":12.0,"turns":3.0},{"damage":11.0,"enemies":"3 Sentries","floor":13.0,"turns":6.0},{"damage":6.0,"enemies":"Large Slime","floor":14.0,"turns":5.0},{"damage":15.0,"enemies":"The Guardian","floor":16.0,"turns":8.0},{"damage":12.0,"enemies":"Shell Parasite","floor":18.0,"turns":4.0},{"damage":26.0,"enemies":"Book of Stabbing","floor":24.0,"turns":6.0},{"damage":0.0,"enemies":"3 Byrds","floor":29.0,"turns":4.0},{"damage":4.0,"enemies":"Snake Plant","floor":31.0,"turns":3.0},{"damage":85.0,"enemies":"Automaton","floor":33.0,"turns":14.0},{"damage":1,"enemies":"Orb Walker","floor":35,"turns":5},{"damage":0,"enemies":"3 Shapes","floor":36,"turns":5},{"damage":40,"enemies":"Writhing Mass","floor":39,"turns":8},{"damage":21,"enemies":"Giant Head","floor":40,"turns":11},{"damage":45,"enemies":"Maw","floor":42,"turns":6}],"seed_played":"8464295932077636279","potions_obtained":[{"floor":5.0,"key":"Energy Potion"},{"floor":8.0,"key":"SteroidPotion"},{"floor":12.0,"key":"Block Potion"},{"floor":16.0,"key":"Fire Potion"},{"floor":18.0,"key":"Ancient Potion"},{"floor":22.0,"key":"FairyPotion"},{"floor":31.0,"key":"Weak Potion"},{"floor":35,"key":"Weak Potion"},{"floor":40,"key":"Ancient Potion"}],"is_trial":false,"path_per_floor":["M","?","M","$","M","R","?","M","T","R","E","M","E","M","R","B",null,"M","?","$","?","?","R","E","?","T","?","$","M","R","M","R","B",null,"M","M","?","?","M","E","$","M"],"character_chosen":"DEFECT","items_purchased":["Defragment","Cold Snap","Self Repair"],"campfire_rested":4,"item_purchase_floors":[4,4,20],"current_hp_per_floor":[70,59,51,51,49,49,26,17,24,49,42,30,19,13,38,23,70,58,58,58,33,33,60,41,41,41,41,41,48,48,51,78,16,72,71,78,78,78,45,31,31,0],"gold":132,"neow_bonus":"TEN_PERCENT_HP_BONUS","is_prod":false,"is_daily":false,"chose_seed":false,"campfire_upgraded":2,"win_rate":0,"timestamp":1558774895,"path_taken":["M","?","M","$","M","R","?","?","T","R","E","M","E","M","R","BOSS","M","?","?","?","?","R","E","?","T","?","$","M","R","M","R","BOSS","M","M","?","?","M","E","?","M"],"build_version":"2019-01-23","purchased_purges":3,"victory":false,"max_hp_per_floor":[78,78,78,78,78,78,78,78,85,85,85,85,85,85,85,85,85,85,85,85,90,90,90,90,90,90,90,90,90,90,90,90,90,90,90,90,90,90,90,90,90,90],"card_choices":[{"not_picked":["Barrage","Reprogram"],"picked":"FTL","floor":1.0},{"not_picked":["Skim","Chaos"],"picked":"White Noise","floor":3.0},{"not_picked":["Leap","Rebound"],"picked":"Compile Driver","floor":5.0},{"not_picked":["Auto Shields","Stack"],"picked":"Ball Lightning","floor":8.0},{"not_picked":["Chaos","Melter"],"picked":"Cold Snap","floor":11.0},{"not_picked":["Barrage","Steam"],"picked":"Biased Cognition","floor":12.0},{"not_picked":["Beam Cell","Compile Driver"],"picked":"Conserve Battery","floor":13.0},{"not_picked":["Undo","Redo"],"picked":"Reinforced Body","floor":14.0},{"not_picked":["Thunder Strike","Rainbow"],"picked":"Biased Cognition","floor":16.0},{"not_picked":["Streamline+1","Ball Lightning","Beam Cell"],"picked":"SKIP","floor":18.0},{"not_picked":["Fusion","Rebound","Cold Snap"],"picked":"SKIP","floor":24.0},{"not_picked":["Chaos","Barrage","Loop"],"picked":"SKIP","floor":29.0},{"not_picked":["Beam Cell","Blizzard","Sweeping Beam"],"picked":"SKIP","floor":31.0},{"not_picked":["Machine Learning","Meteor Strike"],"picked":"Creative AI","floor":33.0},{"not_picked":["Turbo+1","Rebound"],"picked":"BootSequence+1","floor":35},{"not_picked":["Hello World+1","Leap","Rip and Tear"],"picked":"SKIP","floor":36},{"not_picked":["Rebound","Coolheaded"],"picked":"Consume","floor":39},{"not_picked":["Self Repair","BootSequence","Cold Snap"],"picked":"SKIP","floor":40}],"player_experience":1441458,"relics_obtained":[{"floor":9.0,"key":"Strawberry"},{"floor":11.0,"key":"Juzu Bracelet"},{"floor":13.0,"key":"Pen Nib"},{"floor":24.0,"key":"Oddly Smooth Stone"},{"floor":26.0,"key":"War Paint"},{"floor":40,"key":"Girya"}],"event_choices":[{"damage_healed":0.0,"max_hp_gain":0.0,"max_hp_loss":0.0,"gold_gain":75.0,"event_name":"World of Goop","player_choice":"Gather Gold","floor":2.0,"gold_loss":0.0,"damage_taken":11.0},{"damage_healed":0.0,"max_hp_gain":0.0,"max_hp_loss":0.0,"gold_gain":0.0,"event_name":"Shining Light","player_choice":"Entered Light","floor":7.0,"gold_loss":0.0,"damage_taken":23.0,"cards_upgraded":["Defend_B","Defend_B"]},{"damage_healed":0.0,"max_hp_gain":0.0,"max_hp_loss":0.0,"gold_gain":0.0,"event_name":"Match and Keep!","player_choice":"0 cards matched","floor":19.0,"gold_loss":0.0,"damage_taken":0.0,"cards_obtained":[]},{"damage_healed":0.0,"max_hp_gain":5.0,"max_hp_loss":0.0,"gold_gain":0.0,"event_name":"Forgotten Altar","player_choice":"Shed Blood","floor":21.0,"gold_loss":0.0,"damage_taken":30.0},{"damage_healed":0.0,"max_hp_gain":0.0,"max_hp_loss":0.0,"gold_gain":0.0,"event_name":"The Woman in Blue","player_choice":"Bought 1 Potion","floor":22.0,"gold_loss":0.0,"damage_taken":0.0},{"damage_healed":0.0,"max_hp_gain":0.0,"max_hp_loss":0.0,"gold_gain":0.0,"event_name":"Designer","player_choice":"Upgraded Two","floor":25.0,"gold_loss":50.0,"damage_taken":0.0,"cards_upgraded":["Defend_B","Compile Driver"]},{"damage_healed":0.0,"max_hp_gain":0.0,"max_hp_loss":0.0,"gold_gain":50.0,"event_name":"Nest","player_choice":"Stole From Cult","floor":27.0,"gold_loss":0.0,"damage_taken":0.0},{"cards_removed":["FTL"],"damage_healed":0,"gold_gain":0,"player_choice":"Removed Attack","damage_taken":0,"max_hp_gain":0,"max_hp_loss":0,"event_name":"Falling","floor":37,"gold_loss":0},{"damage_healed":0,"gold_gain":0,"player_choice":"Ignored","damage_taken":0,"max_hp_gain":0,"max_hp_loss":0,"event_name":"Tomb of Lord Red Mask","floor":38,"gold_loss":0}],"is_beta":false,"boss_relics":[{"not_picked":["Tiny House","FrozenCore"],"picked":"Cursed Key"},{"not_picked":["Eternal Feather","Runic Dome"],"picked":"Fusion Hammer"}],"items_purged_floors":[20,28,41],"is_endless":false,"potions_floor_spawned":[5,8,12,13,16,18,31,35,40],"killed_by":"Maw","ascension_level":20}