{"gold_per_floor":[116,133,28,28,46,78,78,111,138,138,38,38,38,111,111,202,202,223,223,19,38,38,38,54,54,138,138,188,213,236,236],"floor_reached":31,"playtime":1628,"items_purged":["Strike_B","Strike_B"],"score":482,"play_id":"09218c94-bd91-4776-9fc4-12d6bdb18527","local_time":"20190526103504","is_ascension_mode":true,"campfire_choices":[{"data":"Zap","floor":7,"key":"SMITH"},{"floor":10,"key":"REST"},{"floor":15,"key":"REST"},{"floor":23,"key":"REST"},{"data":"Defragment","floor":25,"key":"SMITH"},{"data":"Hyperbeam","floor":27,"key":"SMITH"}],"neow_cost":"NONE","seed_source_timestamp":34924290728322,"circlet_count":0,"master_deck":["AscendersBane","Strike_B","Defend_B+1","Defend_B","Defend_B","Defend_B","Zap+1","Dualcast","Gash+1","Hologram","Cold Snap","Coolheaded","Gash","Beam Cell","Rebound","Compile Driver","Sweeping Beam","Hyperbeam+1","Defragment+1","FTL","Ball Lightning+1"],"relics":["Cracked Core","Strawberry","Smiling Mask","Golden Idol","Cables","Nuclear Battery","Nilry\u0027s Codex","Tiny Chest"],"potions_floor_usage":[6,6,8,18,24,30,30],"damage_taken":[{"damage":1,"enemies":"Cultist","floor":1,"turns":3},{"damage":4,"enemies":"Small Slimes","floor":2,"turns":3},{"damage":10,"enemies":"Jaw Worm","floor":5,"turns":2},{"damage":6,"enemies":"3 Sentries","floor":6,"turns":7},{"damage":32,"enemies":"Gremlin Nob","floor":8,"turns":4},{"damage":22,"enemies":"Lagavulin Event","floor":14,"turns":5},{"damage":11,"enemies":"The Guardian","floor":16,"turns":9},{"damage":9,"enemies":"2 Thieves","floor":18,"turns":2},{"damage":12,"enemies":"Shell Parasite","floor":21,"turns":4},{"damage":7,"enemies":"3 Cultists","floor":24,"turns":3},{"damage":21,"enemies":"Sentry and Sphere","floor":29,"turns":6},{"damage":0,"enemies":"Chosen and Byrds","floor":30,"turns":6},{"damage":10,"enemies":"Centurion and Healer","floor":31,"turns":1}],"seed_played":"-8497042289553083055","potions_obtained":[{"floor":0,"key":"Regen Potion"},{"floor":0,"key":"EntropicBrew"},{"floor":5,"key":"Fire Potion"},{"floor":6,"key":"PowerPotion"},{"floor":16,"key":"SkillPotion"},{"floor":19,"key":"FearPotion"},{"floor":19,"key":"Block Potion"},{"floor":29,"key":"AttackPotion"},{"floor":30,"key":"Fire Potion"}],"is_trial":false,"path_per_floor":["M","M","$","?","M","E","R","E","T","R","$","?","?","?","R","B",null,"M","?","$","M","?","R","M","R","T","R","?","M","M","M"],"character_chosen":"DEFECT","items_purchased":["Cold Snap","Coolheaded","Compile Driver","Defragment","FTL"],"campfire_rested":3,"item_purchase_floors":[3,3,11,20,20],"current_hp_per_floor":[63,59,59,38,28,44,44,12,12,35,35,28,28,6,27,16,57,48,48,48,36,15,36,29,29,29,29,29,8,8,0],"gold":236,"neow_bonus":"THREE_SMALL_POTIONS","is_prod":false,"is_daily":false,"chose_seed":false,"campfire_upgraded":3,"win_rate":0,"timestamp":1558863304,"path_taken":["M","M","?","?","M","E","R","E","T","R","$","?","?","?","R","BOSS","M","?","$","?","?","R","M","R","T","R","?","M","M","M"],"build_version":"2019-01-23","purchased_purges":2,"victory":false,"max_hp_per_floor":[71,71,71,71,71,78,78,78,78,78,78,78,71,71,71,71,71,71,71,71,71,71,71,71,71,71,71,71,71,71,71],"card_choices":[{"not_picked":["Beam Cell","Go for the Eyes"],"picked":"Gash","floor":1},{"not_picked":["Coolheaded","Barrage"],"picked":"Hologram","floor":2},{"not_picked":["FTL","Recycle"],"picked":"Gash","floor":5},{"not_picked":["Hello World","Cold Snap"],"picked":"Beam Cell","floor":6},{"not_picked":["Auto Shields","Genetic Algorithm"],"picked":"Rebound","floor":8},{"not_picked":["Cold Snap","Lockon"],"picked":"Sweeping Beam","floor":14},{"not_picked":["Buffer","Rainbow"],"picked":"Hyperbeam","floor":16},{"not_picked":["Steam Power","Beam Cell","Chaos"],"picked":"SKIP","floor":18},{"not_picked":["Steam","Rebound","Stack"],"picked":"SKIP","floor":21},{"not_picked":["Steam","Beam Cell","Melter"],"picked":"SKIP","floor":24},{"not_picked":["Barrage+1","Streamline"],"picked":"Ball Lightning+1","floor":29},{"not_picked":["Storm","Heatsinks","Beam Cell"],"picked":"SKIP","floor":30}],"player_experience":1462027,"relics_obtained":[{"floor":6,"key":"Strawberry"},{"floor":8,"key":"Smiling Mask"},{"floor":14,"key":"Cables"},{"floor":22,"key":"Nilry\u0027s Codex"},{"floor":26,"key":"Tiny Chest"}],"event_choices":[{"damage_healed":0,"gold_gain":0,"player_choice":"Entered Light","damage_taken":21,"max_hp_gain":0,"max_hp_loss":0,"event_name":"Shining Light","floor":4,"gold_loss":0,"cards_upgraded":["Defend_B","Gash"]},{"cards_removed":["Strike_B"],"damage_healed":0,"gold_gain":0,"player_choice":"Card Removal","damage_taken":7,"max_hp_gain":0,"max_hp_loss":0,"event_name":"Golden Wing","floor":12,"gold_loss":0},{"damage_healed":0,"gold_gain":0,"player_choice":"Lose Max HP","damage_taken":0,"relics_obtained":["Golden Idol"],"max_hp_gain":0,"max_hp_loss":7,"event_name":"Golden Idol","floor":13,"gold_loss":0},{"damage_healed":0,"gold_gain":30,"player_choice":"Searched \u00272\u0027 times","damage_taken":0,"max_hp_gain":0,"max_hp_loss":0,"event_name":"Dead Adventurer","floor":14,"gold_loss":0},{"damage_healed":0,"gold_gain":0,"player_choice":"Got Potions","damage_taken":0,"max_hp_gain":0,"max_hp_loss":0,"event_name":"Lab","floor":19,"gold_loss":0},{"damage_healed":0,"gold_gain":0,"player_choice":"Obtained Book","damage_taken":21,"max_hp_gain":0,"max_hp_loss":0,"event_name":"Cursed Tome","floor":22,"gold_loss":0},{"damage_healed":0,"gold_gain":50,"player_choice":"Stole From Cult","damage_taken":0,"max_hp_gain":0,"max_hp_loss":0,"event_name":"Nest","floor":28,"gold_loss":0}],"is_beta":false,"boss_relics":[{"not_picked":["Busted Crown","Sozu"],"picked":"Nuclear Battery"}],"items_purged_floors":[11,20],"is_endless":false,"potions_floor_spawned":[5,6,16,29,30],"killed_by":"Centurion and Healer","ascension_level":20}