{"gold_per_floor":[117,132,14,24,24,24,34,34,34,61,61],"floor_reached":11,"playtime":488,"items_purged":["Strike_B"],"score":146,"play_id":"18e52f8c-7206-431f-8960-792d1e12cf9a","local_time":"20190529121748","daily_mods":["Diverse"],"is_ascension_mode":true,"campfire_choices":[{"data":"Rampage","floor":6,"key":"SMITH"},{"data":"Disarm","floor":8,"key":"SMITH"}],"neow_cost":"","seed_source_timestamp":0,"circlet_count":0,"master_deck":["AscendersBane","Strike_B","Strike_B","Strike_B","Defend_B","Defend_B","Defend_B","Defend_B","Zap","Dualcast","Blur","Flame Barrier","Rampage+1","Conserve Battery","Disarm+1"],"relics":["Cracked Core","Art of War","Bottled Flame"],"potions_floor_usage":[10,11,11],"damage_taken":[{"damage":6,"enemies":"Cultist","floor":1,"turns":3},{"damage":1,"enemies":"2 Louse","floor":2,"turns":3},{"damage":2,"enemies":"Small Slimes","floor":4,"turns":4},{"damage":0,"enemies":"2 Fungi Beasts","floor":7,"turns":4},{"damage":54,"enemies":"Gremlin Nob","floor":10,"turns":5},{"damage":1,"enemies":"Large Slime","floor":11,"turns":1}],"seed_played":"-8613232362730701871","potions_obtained":[{"floor":1,"key":"Explosive Potion"},{"floor":4,"key":"Energy Potion"},{"floor":10,"key":"AttackPotion"}],"is_trial":true,"path_per_floor":["M","M","$","M","?","R","M","R","T","E","M"],"character_chosen":"DEFECT","items_purchased":["Rampage"],"campfire_rested":0,"item_purchase_floors":[3],"current_hp_per_floor":[58,57,57,55,55,55,55,55,55,1,0],"gold":61,"neow_bonus":"","is_prod":false,"is_daily":false,"chose_seed":false,"campfire_upgraded":2,"win_rate":0,"timestamp":1559128668,"path_taken":["M","M","$","?","?","R","M","R","T","E","M"],"build_version":"2019-01-23","purchased_purges":1,"victory":false,"max_hp_per_floor":[71,71,71,71,71,71,71,71,71,71,71],"card_choices":[{"not_picked":["Accuracy","Thunderclap"],"picked":"Blur","floor":1},{"not_picked":["Pommel Strike","Flex"],"picked":"Flame Barrier","floor":2},{"not_picked":["Anger","BootSequence"],"picked":"Conserve Battery","floor":4},{"not_picked":["True Grit","Rupture"],"picked":"Disarm","floor":7},{"not_picked":["Steam Power","Dagger Throw","Perfected Strike"],"picked":"SKIP","floor":10}],"player_experience":1492869,"relics_obtained":[{"floor":9,"key":"Art of War"},{"floor":10,"key":"Bottled Flame"}],"event_choices":[{"damage_healed":0,"gold_gain":0,"player_choice":"Leave","damage_taken":0,"max_hp_gain":0,"max_hp_loss":0,"event_name":"The Cleric","floor":5,"gold_loss":0}],"is_beta":false,"boss_relics":[],"items_purged_floors":[3],"is_endless":false,"potions_floor_spawned":[1,4,7,10],"killed_by":"Large Slime","ascension_level":20}