{"gold_per_floor":[114,164,183,193,213,213,225,225,271,89,144,170,185,220,220,299,299,316,328,328,253,264,297,297,329,329,329,329],"floor_reached":28,"playtime":1256,"items_purged":["Strike_B"],"score":536,"play_id":"b4599883-050d-4ea5-b419-40c1bb36d789","local_time":"20190902204441","is_ascension_mode":true,"campfire_choices":[{"data":"Zap","floor":6.0,"key":"SMITH"},{"data":"Static Discharge","floor":8.0,"key":"SMITH"},{"floor":15.0,"key":"REST"},{"floor":24,"key":"REST"}],"neow_cost":"NONE","seed_source_timestamp":1266047692653600,"circlet_count":0,"master_deck":["AscendersBane","Strike_B+1","Strike_B+1","Defend_B+1","Defend_B+1","Defend_B+1","Defend_B+1","Zap+1","Dualcast","Ball Lightning","Cold Snap","Compile Driver","Steam","Static Discharge+1","Defragment","Coolheaded","Thunder Strike","Stack+1","Doom and Gloom+1","Necronomicurse"],"special_seed":0,"relics":["Cracked Core","Lantern","Art of War","Dodecahedron","Bag of Marbles","Strawberry","Sozu","Necronomicon","Torii","Girya","Toxic Egg 2"],"potions_floor_usage":[19],"damage_taken":[{"damage":1.0,"enemies":"Cultist","floor":1.0,"turns":3.0},{"damage":2.0,"enemies":"Jaw Worm","floor":3.0,"turns":3.0},{"damage":6.0,"enemies":"2 Louse","floor":4.0,"turns":2.0},{"damage":8.0,"enemies":"Blue Slaver","floor":5.0,"turns":2.0},{"damage":3.0,"enemies":"Red Slaver","floor":7.0,"turns":2.0},{"damage":5.0,"enemies":"Gremlin Nob","floor":11.0,"turns":3.0},{"damage":12.0,"enemies":"3 Sentries","floor":12.0,"turns":4.0},{"damage":7.0,"enemies":"Exordium Thugs","floor":13.0,"turns":4.0},{"damage":25.0,"enemies":"Gremlin Nob","floor":14.0,"turns":4.0},{"damage":22,"enemies":"The Guardian","floor":16,"turns":8},{"damage":20,"enemies":"Shell Parasite","floor":18,"turns":4},{"damage":0,"enemies":"3 Byrds","floor":19,"turns":4},{"damage":0,"enemies":"3 Cultists","floor":22,"turns":3},{"damage":19,"enemies":"Gremlin Leader","floor":23,"turns":5},{"damage":15,"enemies":"Slavers","floor":25,"turns":3},{"damage":12,"enemies":"Shelled Parasite and Fungi","floor":28,"turns":1}],"seed_played":"-6939946754710299804","potions_obtained":[{"floor":3.0,"key":"Fire Potion"},{"floor":7.0,"key":"AttackPotion"},{"floor":11.0,"key":"Regen Potion"},{"floor":14.0,"key":"Fire Potion"}],"is_trial":false,"path_per_floor":["M","?","M","M","M","R","M","R","T","$","?","E","M","E","R","B",null,"M","M","?","?","M","E","R","E","T","?","M"],"character_chosen":"DEFECT","items_purchased":["Defragment","Coolheaded"],"campfire_rested":2,"item_purchase_floors":[10,10],"current_hp_per_floor":[63,63,61,55,47,47,44,44,44,44,39,39,32,14,37,15,62,42,42,21,21,21,2,25,10,10,10,0],"gold":329,"neow_bonus":"RANDOM_COMMON_RELIC","is_prod":false,"is_daily":false,"chose_seed":false,"campfire_upgraded":2,"win_rate":0,"timestamp":1567453481,"path_taken":["M","?","M","M","?","R","M","R","T","$","?","E","M","E","R","BOSS","M","M","?","?","M","E","R","E","T","?","M"],"build_version":"2019-07-17","purchased_purges":1,"victory":false,"max_hp_per_floor":[71,71,71,71,71,71,71,71,71,71,71,71,71,78,78,78,78,78,78,78,78,78,78,78,78,78,78,78],"card_choices":[{"not_picked":["Darkness","Coolheaded"],"picked":"Ball Lightning","floor":1.0},{"not_picked":["Leap","Rip and Tear"],"picked":"Cold Snap","floor":3.0},{"not_picked":["Go for the Eyes","Sweeping Beam"],"picked":"Compile Driver","floor":4.0},{"not_picked":["Chill","Beam Cell"],"picked":"Steam","floor":5.0},{"not_picked":["Force Field","Rip and Tear"],"picked":"Static Discharge","floor":7.0},{"not_picked":["Melter","Coolheaded","BootSequence"],"picked":"SKIP","floor":12.0},{"not_picked":["Heatsinks","Amplify","Stack"],"picked":"SKIP","floor":13.0},{"not_picked":["Aggregate","Hologram","Go for the Eyes"],"picked":"SKIP","floor":14.0},{"not_picked":["Buffer","Hyperbeam"],"picked":"Thunder Strike","floor":16},{"not_picked":["Coolheaded","BootSequence"],"picked":"Stack+1","floor":18},{"not_picked":["White Noise","Chill"],"picked":"Doom and Gloom+1","floor":19},{"not_picked":["Chill","Tempest","Barrage"],"picked":"SKIP","floor":22},{"not_picked":["Aggregate","Hologram","Redo"],"picked":"SKIP","floor":23},{"not_picked":["Double Energy","Aggregate","Machine Learning"],"picked":"SKIP","floor":25}],"player_experience":1605694,"relics_obtained":[{"floor":9.0,"key":"Art of War"},{"floor":11.0,"key":"Dodecahedron"},{"floor":12.0,"key":"Bag of Marbles"},{"floor":14.0,"key":"Strawberry"},{"floor":20,"key":"Necronomicon"},{"floor":23,"key":"Torii"},{"floor":25,"key":"Girya"},{"floor":26,"key":"Toxic Egg 2"}],"event_choices":[{"damage_healed":0.0,"max_hp_gain":0.0,"max_hp_loss":0.0,"gold_gain":50.0,"event_name":"Golden Shrine","player_choice":"Pray","floor":2.0,"gold_loss":0.0,"damage_taken":0.0},{"damage_healed":0.0,"max_hp_gain":0.0,"max_hp_loss":0.0,"gold_gain":0.0,"event_name":"Dead Adventurer","player_choice":"Searched \u00272\u0027 times","floor":11.0,"gold_loss":0.0,"damage_taken":0.0},{"damage_healed":0,"gold_gain":0,"player_choice":"Obtained Book","damage_taken":21,"max_hp_gain":0,"max_hp_loss":0,"event_name":"Cursed Tome","floor":20,"gold_loss":0},{"cards_removed":["Strike_B"],"damage_healed":0,"gold_gain":0,"player_choice":"Gave Gold","damage_taken":0,"max_hp_gain":0,"max_hp_loss":0,"event_name":"Beggar","floor":21,"gold_loss":75},{"damage_healed":0,"gold_gain":0,"player_choice":"Simplicity","damage_taken":0,"max_hp_gain":0,"max_hp_loss":0,"event_name":"Back to Basics","floor":27,"gold_loss":0,"cards_upgraded":["Strike_B","Strike_B","Defend_B","Defend_B","Defend_B","Defend_B"]}],"is_beta":false,"boss_relics":[{"not_picked":["Nuclear Battery","Astrolabe"],"picked":"Sozu"}],"items_purged_floors":[10],"is_endless":false,"potions_floor_spawned":[3,7,11,14,18,25],"killed_by":"Shelled Parasite and Fungi","ascension_level":20}