{"gold_per_floor":[10,10,25,25,46,81,81,81,81,106,106,130,39,72,72,72],"floor_reached":16,"playtime":782,"items_purged":["Strike_B"],"score":220,"play_id":"068188eb-9c47-4e36-8e7c-1961ea5bf438","local_time":"20190904231952","is_ascension_mode":true,"campfire_choices":[{"floor":8,"key":"DIG"},{"floor":11,"key":"DIG"},{"floor":15,"key":"DIG"}],"neow_cost":"NO_GOLD","seed_source_timestamp":1448673360561200,"circlet_count":0,"master_deck":["AscendersBane","Strike_B","Strike_B","Strike_B","Defend_B","Defend_B","Defend_B","Defend_B","Zap","Dualcast","Ball Lightning","Ball Lightning","Undo","FTL"],"relics":["Cracked Core","Shovel","Golden Idol","Nunchaku","The Courier","Gremlin Horn","Bag of Marbles","Molten Egg 2"],"potions_floor_usage":[6,12,16,16],"damage_taken":[{"damage":6,"enemies":"2 Louse","floor":1,"turns":3},{"damage":4,"enemies":"Jaw Worm","floor":3,"turns":3},{"damage":0,"enemies":"Cultist","floor":5,"turns":2},{"damage":10,"enemies":"3 Sentries","floor":6,"turns":5},{"damage":0,"enemies":"2 Fungi Beasts","floor":10,"turns":2},{"damage":3,"enemies":"Blue Slaver","floor":12,"turns":3},{"damage":11,"enemies":"Gremlin Nob","floor":14,"turns":3},{"damage":30,"enemies":"The Guardian","floor":16,"turns":10}],"seed_played":"9200920099584303990","potions_obtained":[{"floor":3,"key":"PowerPotion"},{"floor":5,"key":"SkillPotion"},{"floor":6,"key":"SkillPotion"},{"floor":14,"key":"Block Potion"}],"is_trial":false,"path_per_floor":["M","$","M","?","M","E","?","R","T","M","R","M","$","E","R","B"],"character_chosen":"DEFECT","items_purchased":["FTL"],"campfire_rested":0,"item_purchase_floors":[13],"current_hp_per_floor":[58,58,54,54,54,44,44,44,44,44,44,41,41,30,30,0],"gold":72,"neow_bonus":"ONE_RARE_RELIC","is_prod":false,"is_daily":false,"chose_seed":false,"campfire_upgraded":0,"win_rate":0,"timestamp":1567635592,"path_taken":["M","$","M","?","M","E","?","R","T","M","R","M","$","E","R","BOSS"],"build_version":"2019-07-17","purchased_purges":1,"victory":false,"max_hp_per_floor":[71,71,71,64,64,64,64,64,64,64,64,64,64,64,64,64],"card_choices":[{"not_picked":["Go for the Eyes","Undo"],"picked":"Ball Lightning","floor":1},{"not_picked":["Steam","Gash"],"picked":"Ball Lightning","floor":3},{"not_picked":["Melter","Force Field"],"picked":"Undo","floor":5},{"not_picked":["Skim","Meteor Strike","Rebound"],"picked":"SKIP","floor":6},{"not_picked":["Storm","Aggregate","Loop"],"picked":"SKIP","floor":10},{"not_picked":["Fusion","Turbo","Ball Lightning"],"picked":"SKIP","floor":12},{"not_picked":["Storm","Chill","Reboot"],"picked":"SKIP","floor":14}],"player_experience":1623146,"relics_obtained":[{"floor":6,"key":"Nunchaku"},{"floor":8,"key":"The Courier"},{"floor":11,"key":"Gremlin Horn"},{"floor":14,"key":"Bag of Marbles"},{"floor":15,"key":"Molten Egg 2"}],"event_choices":[{"damage_healed":0,"gold_gain":0,"player_choice":"Lose Max HP","damage_taken":0,"relics_obtained":["Golden Idol"],"max_hp_gain":0,"max_hp_loss":7,"event_name":"Golden Idol","floor":4,"gold_loss":0},{"damage_healed":0,"gold_gain":0,"player_choice":"Ignored","damage_taken":0,"max_hp_gain":0,"max_hp_loss":0,"event_name":"Liars Game","floor":7,"gold_loss":0}],"is_beta":false,"boss_relics":[],"items_purged_floors":[13],"is_endless":false,"potions_floor_spawned":[3,5,6,14],"killed_by":"The Guardian","ascension_level":20}