{"gold_per_floor":[119,119,119,134,147,147,167,197,220,245,245],"floor_reached":11,"playtime":597,"items_purged":[],"score":166,"play_id":"66002efe-483f-4f4e-aff6-699f86a21998","local_time":"20190829224217","is_ascension_mode":true,"campfire_choices":[{"floor":6.0,"key":"REST"}],"neow_cost":"NONE","seed_source_timestamp":928173199720200,"circlet_count":0,"master_deck":["AscendersBane","Strike_B","Strike_B","Strike_B","Strike_B","Defend_B","Defend_B","Defend_B+1","Defend_B+1","Zap","Dualcast","Compile Driver","FTL","Doom and Gloom","Go for the Eyes","Darkness"],"special_seed":0,"relics":["Cracked Core","War Paint","CultistMask","PreservedInsect","DataDisk","Oddly Smooth Stone"],"potions_floor_usage":[],"damage_taken":[{"damage":7.0,"enemies":"Jaw Worm","floor":1.0,"turns":4.0},{"damage":1.0,"enemies":"2 Louse","floor":4.0,"turns":3.0},{"damage":0.0,"enemies":"Cultist","floor":5.0,"turns":3.0},{"damage":7.0,"enemies":"Gremlin Gang","floor":7.0,"turns":2.0},{"damage":24.0,"enemies":"3 Sentries","floor":8.0,"turns":4.0},{"damage":4.0,"enemies":"Lagavulin","floor":10.0,"turns":6.0},{"damage":16,"enemies":"3 Louse","floor":11,"turns":1}],"seed_played":"-5431031122963453918","potions_obtained":[{"floor":5.0,"key":"Weak Potion"},{"floor":7.0,"key":"Energy Potion"}],"is_trial":false,"path_per_floor":["M","?","?","M","M","R","M","E","T","E","M"],"character_chosen":"DEFECT","items_purchased":[],"campfire_rested":1,"item_purchase_floors":[],"current_hp_per_floor":[64,29,29,28,28,51,44,20,20,16,0],"gold":245,"neow_bonus":"TEN_PERCENT_HP_BONUS","is_prod":false,"is_daily":false,"chose_seed":false,"campfire_upgraded":0,"win_rate":0,"timestamp":1567114937,"path_taken":["M","?","?","M","?","R","M","E","T","E","M"],"build_version":"2019-07-17","purchased_purges":0,"victory":false,"max_hp_per_floor":[78,78,78,78,78,78,78,78,78,78,78],"card_choices":[{"not_picked":["Leap","Aggregate"],"picked":"Compile Driver","floor":1.0},{"not_picked":["Rebound","Redo"],"picked":"FTL","floor":4.0},{"not_picked":["Capacitor","Streamline"],"picked":"Doom and Gloom","floor":5.0},{"not_picked":["Steam","Rebound","Scrape"],"picked":"SKIP","floor":7.0},{"not_picked":["Rebound","Sweeping Beam"],"picked":"Go for the Eyes","floor":8.0},{"not_picked":["Go for the Eyes","Double Energy"],"picked":"Darkness","floor":10.0}],"player_experience":1562190,"relics_obtained":[{"floor":8.0,"key":"PreservedInsect"},{"floor":9.0,"key":"DataDisk"},{"floor":10.0,"key":"Oddly Smooth Stone"}],"event_choices":[{"damage_healed":0.0,"max_hp_gain":0.0,"max_hp_loss":0.0,"gold_gain":0.0,"event_name":"Scrap Ooze","player_choice":"Success","floor":2.0,"gold_loss":0.0,"damage_taken":35.0,"relics_obtained":["War Paint"]},{"damage_healed":0.0,"max_hp_gain":0.0,"max_hp_loss":0.0,"gold_gain":0.0,"event_name":"FaceTrader","player_choice":"Trade","floor":3.0,"gold_loss":0.0,"damage_taken":0.0,"relics_obtained":["CultistMask"]}],"is_beta":false,"boss_relics":[],"items_purged_floors":[],"is_endless":false,"potions_floor_spawned":[5,7],"killed_by":"3 Louse","ascension_level":20}