{"gold_per_floor":[112,112,129,148,163,163,174,174,174,207,207,240,254,284,284,355,355,375,388,1,11,11,11],"floor_reached":23,"playtime":1076,"items_purged":[],"score":426,"play_id":"ac7d3378-64dd-4cda-a2b8-2c0e6a5599d3","local_time":"20190903233225","is_ascension_mode":true,"campfire_choices":[{"data":"Static Discharge","floor":6.0,"key":"SMITH"},{"data":"Self Repair","floor":8.0,"key":"SMITH"},{"floor":11.0,"key":"REST"},{"floor":15,"key":"REST"}],"neow_cost":"NONE","seed_source_timestamp":1362660553777900,"circlet_count":0,"master_deck":["AscendersBane","Strike_B","Strike_B+1","Strike_B+1","Strike_B","Defend_B","Defend_B","Defend_B","Zap+1","Dualcast","Compile Driver","Ball Lightning","Static Discharge+1","Conserve Battery","Self Repair+1","Undo","Gash","Seek","Turbo+1","Cold Snap","Ghostly","Ghostly","Ghostly"],"special_seed":0,"relics":["Cracked Core","Ornamental Fan","Whetstone","Unceasing Top","Gambling Chip","Black Star","Vajra","ClockworkSouvenir"],"potions_floor_usage":[14],"damage_taken":[{"damage":0.0,"enemies":"2 Louse","floor":1.0,"turns":2.0},{"damage":2.0,"enemies":"Small Slimes","floor":3.0,"turns":3.0},{"damage":7.0,"enemies":"Jaw Worm","floor":4.0,"turns":2.0},{"damage":14.0,"enemies":"3 Louse","floor":5.0,"turns":3.0},{"damage":0.0,"enemies":"Looter","floor":7.0,"turns":2.0},{"damage":21.0,"enemies":"Lagavulin","floor":10.0,"turns":6.0},{"damage":23.0,"enemies":"3 Sentries","floor":12.0,"turns":5.0},{"damage":13,"enemies":"Exordium Wildlife","floor":13,"turns":3},{"damage":31,"enemies":"Lagavulin","floor":14,"turns":6},{"damage":22,"enemies":"Hexaghost","floor":16,"turns":8},{"damage":23,"enemies":"Shell Parasite","floor":18,"turns":5},{"damage":15,"enemies":"Spheric Guardian","floor":19,"turns":3},{"damage":29,"enemies":"3 Cultists","floor":21,"turns":5},{"damage":4,"enemies":"Book of Stabbing","floor":23,"turns":3}],"seed_played":"-6963273427982338495","potions_obtained":[{"floor":10.0,"key":"LiquidBronze"},{"floor":12.0,"key":"Poison Potion"},{"floor":14,"key":"SteroidPotion"},{"floor":16,"key":"Explosive Potion"}],"is_trial":false,"path_per_floor":["M","?","M","M","M","R","M","R","T","E","R","E","M","E","R","B",null,"M","M","$","M","?","E"],"character_chosen":"DEFECT","items_purchased":["Vajra","ClockworkSouvenir"],"campfire_rested":2,"item_purchase_floors":[20,20],"current_hp_per_floor":[64,64,62,55,41,41,41,41,41,30,51,38,35,14,35,23,59,36,31,31,2,2,0],"gold":11,"neow_bonus":"UPGRADE_CARD","is_prod":false,"is_daily":false,"chose_seed":false,"campfire_upgraded":2,"win_rate":0,"timestamp":1567549945,"path_taken":["M","?","M","M","M","R","M","R","T","E","R","E","M","E","R","BOSS","M","M","$","M","?","E"],"build_version":"2019-07-17","purchased_purges":0,"victory":false,"max_hp_per_floor":[71,71,71,71,71,71,71,71,71,71,71,71,71,71,71,71,71,71,71,71,71,35,35],"card_choices":[{"not_picked":["Coolheaded","Redo"],"picked":"Compile Driver","floor":1.0},{"not_picked":["Lockon","Undo"],"picked":"Ball Lightning","floor":3.0},{"not_picked":["Blizzard","Steam Power"],"picked":"Static Discharge","floor":4.0},{"not_picked":["Streamline","Compile Driver"],"picked":"Conserve Battery","floor":5.0},{"not_picked":["Leap","Steam"],"picked":"Self Repair","floor":7.0},{"not_picked":["Steam Power","Hologram","Streamline"],"picked":"SKIP","floor":10.0},{"not_picked":["Turbo","Machine Learning"],"picked":"Undo","floor":12.0},{"not_picked":["Darkness","Rebound"],"picked":"Gash","floor":13},{"not_picked":["Redo","Undo","Turbo"],"picked":"SKIP","floor":14},{"not_picked":["Meteor Strike","Amplify"],"picked":"Seek","floor":16},{"not_picked":["Barrage","Hologram"],"picked":"Turbo+1","floor":18},{"not_picked":["Beam Cell","Rebound+1"],"picked":"Cold Snap","floor":19},{"not_picked":["Genetic Algorithm","Redo","Aggregate"],"picked":"SKIP","floor":21}],"player_experience":1612976,"relics_obtained":[{"floor":9.0,"key":"Ornamental Fan"},{"floor":10.0,"key":"Whetstone"},{"floor":12.0,"key":"Unceasing Top"},{"floor":14,"key":"Gambling Chip"}],"event_choices":[{"cards_removed":["Defend_B"],"damage_healed":0.0,"max_hp_gain":0.0,"max_hp_loss":0.0,"gold_gain":0.0,"event_name":"Living Wall","player_choice":"Forget","floor":2.0,"gold_loss":0.0,"damage_taken":0.0},{"damage_healed":0,"gold_gain":0,"player_choice":"Became a Ghost","damage_taken":0,"max_hp_gain":0,"max_hp_loss":36,"event_name":"Ghosts","floor":22,"gold_loss":0,"cards_obtained":["Ghostly","Ghostly","Ghostly"]}],"is_beta":false,"boss_relics":[{"not_picked":["Velvet Choker","Runic Pyramid"],"picked":"Black Star"}],"items_purged_floors":[],"is_endless":false,"potions_floor_spawned":[10,12,14,16],"killed_by":"Book of Stabbing","ascension_level":20}