{"gold_per_floor":[18,18,34,54,73,73,38,38,38,38,38,52,84,99,99,99],"floor_reached":16,"playtime":566,"items_purged":[],"score":204,"play_id":"603033e1-d037-4604-992f-c8f286dc4302","local_time":"20190907194653","is_ascension_mode":true,"campfire_choices":[{"data":"Zap","floor":6,"key":"SMITH"},{"floor":10,"key":"REST"},{"floor":15,"key":"REST"}],"neow_cost":"NO_GOLD","seed_source_timestamp":1695312159160000,"circlet_count":0,"master_deck":["AscendersBane","Strike_B","Strike_B+1","Strike_B","Strike_B","Defend_B+1","Defend_B","Defend_B","Defend_B","Zap+1","Dualcast","Ball Lightning","Compile Driver","Go for the Eyes","Sunder","White Noise","Cold Snap","Stack"],"relics":["Cracked Core","Bird Faced Urn","The Courier","Centennial Puzzle","Bag of Preparation"],"potions_floor_usage":[],"damage_taken":[{"damage":7,"enemies":"Small Slimes","floor":1,"turns":3},{"damage":0,"enemies":"Cultist","floor":3,"turns":3},{"damage":2,"enemies":"Jaw Worm","floor":4,"turns":3},{"damage":18,"enemies":"Exordium Wildlife","floor":5,"turns":4},{"damage":6,"enemies":"Red Slaver","floor":12,"turns":2},{"damage":25,"enemies":"3 Sentries","floor":13,"turns":5},{"damage":4,"enemies":"Looter","floor":14,"turns":3},{"damage":32,"enemies":"Slime Boss","floor":16,"turns":7}],"seed_played":"1637459158785341933","potions_obtained":[{"floor":1,"key":"Energy Potion"},{"floor":4,"key":"GamblersBrew"},{"floor":12,"key":"GamblersBrew"}],"is_trial":false,"path_per_floor":["M","?","M","M","M","R","$","?","T","R","$","M","E","M","R","B"],"character_chosen":"DEFECT","items_purchased":["Sunder"],"campfire_rested":2,"item_purchase_floors":[7],"current_hp_per_floor":[57,57,57,55,37,37,37,16,16,37,37,31,8,6,27,0],"gold":99,"neow_bonus":"ONE_RARE_RELIC","is_prod":false,"is_daily":false,"chose_seed":false,"campfire_upgraded":1,"win_rate":0,"timestamp":1567882013,"path_taken":["M","?","?","M","M","R","$","?","T","R","?","M","E","M","R","BOSS"],"build_version":"2019-07-17","purchased_purges":0,"victory":false,"max_hp_per_floor":[71,71,71,71,71,71,71,71,71,71,71,71,71,71,71,71],"card_choices":[{"not_picked":["Blizzard","Double Energy"],"picked":"Ball Lightning","floor":1},{"not_picked":["Auto Shields","Heatsinks"],"picked":"Compile Driver","floor":3},{"not_picked":["Force Field","Conserve Battery"],"picked":"Go for the Eyes","floor":4},{"not_picked":["Go for the Eyes","Redo","Compile Driver"],"picked":"SKIP","floor":5},{"not_picked":["Gash","Cold Snap"],"picked":"White Noise","floor":12},{"not_picked":["Ball Lightning","Aggregate"],"picked":"Cold Snap","floor":13},{"not_picked":["Fission","Cold Snap"],"picked":"Stack","floor":14}],"player_experience":1651735,"relics_obtained":[{"floor":9,"key":"Centennial Puzzle"},{"floor":13,"key":"Bag of Preparation"}],"event_choices":[{"damage_healed":0,"gold_gain":0,"player_choice":"Gave Potion","damage_taken":0,"relics_obtained":["The Courier"],"max_hp_gain":0,"max_hp_loss":0,"event_name":"WeMeetAgain","floor":2,"gold_loss":0},{"damage_healed":0,"gold_gain":0,"player_choice":"Entered Light","damage_taken":21,"max_hp_gain":0,"max_hp_loss":0,"event_name":"Shining Light","floor":8,"gold_loss":0,"cards_upgraded":["Strike_B","Defend_B"]}],"is_beta":false,"boss_relics":[],"items_purged_floors":[],"is_endless":false,"potions_floor_spawned":[1,4,12],"killed_by":"Slime Boss","ascension_level":20}