{"gold_per_floor":[110,185,201,201,201,228,240,286,321,333,367,395,42,42,42,42],"floor_reached":16,"playtime":728,"items_purged":[],"score":196,"play_id":"b4b460a8-e1aa-4217-9cac-7ee7ffb9d0f1","local_time":"20190829221812","is_ascension_mode":true,"campfire_choices":[{"data":"Zap","floor":7,"key":"SMITH"},{"data":"Go for the Eyes","floor":10,"key":"SMITH"},{"data":"Ball Lightning","floor":15,"key":"SMITH"}],"neow_cost":"NONE","seed_source_timestamp":926624987386400,"circlet_count":0,"master_deck":["AscendersBane","Strike_B","Strike_B","Strike_B","Strike_B","Defend_B","Defend_B","Defend_B","Defend_B","Zap+1","Dualcast","Go for the Eyes+1","Conserve Battery","Ball Lightning+1","Cold Snap","Cold Snap","Hologram+1","Compile Driver"],"relics":["Cracked Core","MawBank","PreservedInsect","Odd Mushroom","Toxic Egg 2"],"potions_floor_usage":[8,8,11,12],"damage_taken":[{"damage":7,"enemies":"Jaw Worm","floor":1,"turns":3},{"damage":0,"enemies":"2 Louse","floor":3,"turns":2},{"damage":0,"enemies":"Cultist","floor":6,"turns":4},{"damage":15,"enemies":"Lagavulin","floor":8,"turns":6},{"damage":2,"enemies":"The Mushroom Lair","floor":11,"turns":4},{"damage":5,"enemies":"Gremlin Gang","floor":12,"turns":3},{"damage":43,"enemies":"Hexaghost","floor":16,"turns":11}],"seed_played":"-2661613284891851613","potions_obtained":[{"floor":1,"key":"EntropicBrew"},{"floor":3,"key":"AttackPotion"},{"floor":11,"key":"Fire Potion"}],"is_trial":false,"path_per_floor":["M","?","M","?","T","M","R","E","T","R","?","M","$","?","R","B"],"character_chosen":"DEFECT","items_purchased":["Toxic Egg 2","Hologram+1","Compile Driver"],"campfire_rested":0,"item_purchase_floors":[13,13,13],"current_hp_per_floor":[64,53,53,58,58,58,58,43,43,43,41,36,36,36,36,0],"gold":42,"neow_bonus":"TEN_PERCENT_HP_BONUS","is_prod":false,"is_daily":false,"chose_seed":false,"campfire_upgraded":3,"win_rate":0,"timestamp":1567113492,"path_taken":["M","?","M","?","?","M","R","E","T","R","?","?","$","?","R","BOSS"],"build_version":"2019-07-17","purchased_purges":0,"victory":false,"max_hp_per_floor":[78,78,78,83,83,83,83,83,83,83,83,83,83,83,83,83],"card_choices":[{"not_picked":["Steam Power","Leap"],"picked":"Go for the Eyes","floor":1},{"not_picked":["Blizzard","Tempest"],"picked":"Conserve Battery","floor":3},{"not_picked":["Go for the Eyes","Fusion","Rebound"],"picked":"SKIP","floor":6},{"not_picked":["Go for the Eyes","Undo"],"picked":"Ball Lightning","floor":8},{"not_picked":["Scrape","Capacitor"],"picked":"Cold Snap","floor":11},{"not_picked":["Double Energy","Gash"],"picked":"Cold Snap","floor":12}],"player_experience":1560684,"relics_obtained":[{"floor":5,"key":"MawBank"},{"floor":8,"key":"PreservedInsect"},{"floor":11,"key":"Odd Mushroom"}],"event_choices":[{"damage_healed":0,"gold_gain":75,"player_choice":"Gather Gold","damage_taken":11,"max_hp_gain":0,"max_hp_loss":0,"event_name":"World of Goop","floor":2,"gold_loss":0},{"damage_healed":0,"gold_gain":0,"player_choice":"Donut","damage_taken":0,"max_hp_gain":5,"max_hp_loss":0,"event_name":"Big Fish","floor":4,"gold_loss":0},{"damage_healed":0,"gold_gain":0,"player_choice":"Fought Mushrooms","damage_taken":0,"max_hp_gain":0,"max_hp_loss":0,"event_name":"Mushrooms","floor":11,"gold_loss":0},{"damage_healed":0,"gold_gain":0,"player_choice":"Ignored","damage_taken":0,"max_hp_gain":0,"max_hp_loss":0,"event_name":"Liars Game","floor":14,"gold_loss":0}],"is_beta":false,"boss_relics":[],"items_purged_floors":[],"is_endless":false,"potions_floor_spawned":[1,3,11],"killed_by":"Hexaghost","ascension_level":20}