{"gold_per_floor":[362,382,382,395,470,505,505,537,561,561,571,571,571,19,19,97,97,115,165,183,12,12,12,12],"floor_reached":24,"playtime":1080,"items_purged":["Defend_B"],"score":404,"play_id":"5db2bf6e-c1dc-474a-b8f6-cb84289782e1","local_time":"20190907200846","is_ascension_mode":true,"campfire_choices":[{"floor":7,"key":"REST"},{"floor":10,"key":"REST"},{"data":"Zap","floor":13,"key":"SMITH"},{"floor":15,"key":"REST"},{"floor":23,"key":"REST"}],"neow_cost":"TEN_PERCENT_HP_LOSS","seed_source_timestamp":1696110872948800,"circlet_count":0,"master_deck":["AscendersBane","Strike_B","Strike_B","Strike_B","Strike_B","Defend_B","Defend_B","Defend_B","Zap+1","Dualcast","Lockon+1","Leap","Sunder","Rainbow","Coolheaded","Conserve Battery","Flash of Steel","Genetic Algorithm","Buffer","Cold Snap","Electrodynamics"],"relics":["Cracked Core","Art of War","Centennial Puzzle","Pen Nib","Question Card","Black Star"],"potions_floor_usage":[6,8,16,18],"damage_taken":[{"damage":1,"enemies":"Cultist","floor":1,"turns":3},{"damage":7,"enemies":"Small Slimes","floor":2,"turns":3},{"damage":2,"enemies":"Jaw Worm","floor":4,"turns":4},{"damage":37,"enemies":"3 Sentries","floor":6,"turns":9},{"damage":20,"enemies":"Lagavulin","floor":8,"turns":8},{"damage":1,"enemies":"Blue Slaver","floor":11,"turns":4},{"damage":11,"enemies":"Hexaghost","floor":16,"turns":7},{"damage":16,"enemies":"3 Byrds","floor":18,"turns":5},{"damage":4,"enemies":"Spheric Guardian","floor":20,"turns":5},{"damage":57,"enemies":"Book of Stabbing","floor":24,"turns":5}],"seed_played":"-1484785020436149730","potions_obtained":[{"floor":2,"key":"AttackPotion"},{"floor":6,"key":"Poison Potion"},{"floor":16,"key":"PowerPotion"},{"floor":18,"key":"Swift Potion"}],"is_trial":false,"path_per_floor":["M","M","?","M","?","E","R","E","T","R","M","?","R","$","R","B",null,"M","?","M","$","?","R","E"],"character_chosen":"DEFECT","items_purchased":["Strength Potion","Question Card","Flash of Steel","Genetic Algorithm","Electrodynamics"],"campfire_rested":4,"item_purchase_floors":[14,14,14,14,21],"current_hp_per_floor":[63,56,56,54,43,6,25,5,5,24,23,23,23,23,42,31,56,40,40,36,36,36,55,0],"gold":12,"neow_bonus":"TWO_FIFTY_GOLD","is_prod":false,"is_daily":false,"chose_seed":false,"campfire_upgraded":1,"win_rate":0,"timestamp":1567883326,"path_taken":["M","M","?","M","?","E","R","E","T","R","?","?","R","$","R","BOSS","M","?","M","$","?","R","E"],"build_version":"2019-07-17","purchased_purges":1,"victory":false,"max_hp_per_floor":[64,64,64,64,64,64,64,64,64,64,64,64,64,64,64,64,64,64,64,64,64,64,64,64],"card_choices":[{"not_picked":["Beam Cell","Streamline"],"picked":"Lockon","floor":1},{"not_picked":["Tempest","Reprogram"],"picked":"Leap","floor":2},{"not_picked":["White Noise","Tempest"],"picked":"Sunder","floor":4},{"not_picked":["Storm","Skim"],"picked":"Rainbow","floor":6},{"not_picked":["Blizzard","Chaos"],"picked":"Coolheaded","floor":8},{"not_picked":["Rebound","Go for the Eyes"],"picked":"Conserve Battery","floor":11},{"not_picked":["Rainbow","Amplify","Fission"],"picked":"Buffer","floor":16},{"not_picked":["Barrage","Leap","Beam Cell"],"picked":"Cold Snap","floor":18},{"not_picked":["Leap","Stack","Steam","Barrage"],"picked":"SKIP","floor":20}],"player_experience":1652301,"relics_obtained":[{"floor":6,"key":"Art of War"},{"floor":8,"key":"Centennial Puzzle"},{"floor":9,"key":"Pen Nib"}],"event_choices":[{"damage_healed":0,"gold_gain":0,"player_choice":"Ignored","damage_taken":0,"max_hp_gain":0,"max_hp_loss":0,"event_name":"Liars Game","floor":3,"gold_loss":0},{"damage_healed":0,"gold_gain":75,"player_choice":"Gather Gold","damage_taken":11,"max_hp_gain":0,"max_hp_loss":0,"event_name":"World of Goop","floor":5,"gold_loss":0},{"damage_healed":0,"gold_gain":0,"player_choice":"Grow","damage_taken":0,"max_hp_gain":0,"max_hp_loss":0,"event_name":"Living Wall","floor":12,"gold_loss":0,"cards_upgraded":["Lockon"]},{"damage_healed":0,"gold_gain":50,"player_choice":"Stole From Cult","damage_taken":0,"max_hp_gain":0,"max_hp_loss":0,"event_name":"Nest","floor":19,"gold_loss":0},{"damage_healed":0,"gold_gain":0,"player_choice":"Ignored","damage_taken":0,"max_hp_gain":0,"max_hp_loss":0,"event_name":"The Mausoleum","floor":22,"gold_loss":0}],"is_beta":false,"boss_relics":[{"not_picked":["Busted Crown","Runic Pyramid"],"picked":"Black Star"}],"items_purged_floors":[14],"is_endless":false,"potions_floor_spawned":[2,6,16,18],"killed_by":"Book of Stabbing","ascension_level":20}