{"gold_per_floor":[16,16,27,39,53,88,88,88,88,102,102,118,118,131,131,203,203,218,5,17,32,49,49,59,59,107,107,122,122,37,62,62,140,140,160,160,179,179,197,197,231,231,231,250,250,267,267],"floor_reached":47,"playtime":2953,"items_purged":[],"score":962,"play_id":"aff4a189-ffa7-4a02-b930-557a83c53e41","local_time":"20190907005820","is_ascension_mode":true,"campfire_choices":[{"data":"Streamline","floor":8,"key":"SMITH"},{"data":"Sweeping Beam","floor":11,"key":"SMITH"},{"floor":13,"key":"REST"},{"data":"Defragment","floor":15,"key":"SMITH"},{"data":"Capacitor","floor":23,"key":"SMITH"},{"floor":29,"key":"REST"},{"floor":32,"key":"REST"},{"data":"Electrodynamics","floor":40,"key":"SMITH"},{"floor":45,"key":"REST"}],"neow_cost":"NO_GOLD","seed_source_timestamp":1625178716381800,"circlet_count":0,"master_deck":["AscendersBane","Strike_B+1","Strike_B+1","Defend_B+1","Defend_B+1","Zap","Dualcast","Conserve Battery","Streamline+1","Sweeping Beam+1","Go for the Eyes","Glacier+1","Defragment+1","Compile Driver","All For One","Capacitor+1","Ball Lightning","Leap+1","Glacier+1","Darkness+1","Coolheaded+1","Electrodynamics+1","Static Discharge+1","Thunder Strike"],"special_seed":0,"relics":["Cracked Core","Dream Catcher","Symbiotic Virus","Snecko Eye","War Paint","Unceasing Top","Bottled Lightning","Sozu","Shuriken"],"potions_floor_usage":[6,6,31,31],"damage_taken":[{"damage":1.0,"enemies":"Cultist","floor":1.0,"turns":3.0},{"damage":0.0,"enemies":"Jaw Worm","floor":3.0,"turns":3.0},{"damage":0.0,"enemies":"2 Louse","floor":4.0,"turns":1.0},{"damage":8.0,"enemies":"Red Slaver","floor":5.0,"turns":4.0},{"damage":11,"enemies":"Gremlin Nob","floor":6,"turns":3},{"damage":7,"enemies":"2 Fungi Beasts","floor":10,"turns":3},{"damage":3,"enemies":"Gremlin Gang","floor":12,"turns":3},{"damage":7,"enemies":"Exordium Wildlife","floor":14,"turns":3},{"damage":24,"enemies":"Slime Boss","floor":16,"turns":8},{"damage":5,"enemies":"3 Byrds","floor":18,"turns":4},{"damage":1,"enemies":"Chosen","floor":20,"turns":4},{"damage":0,"enemies":"Snake Plant","floor":21,"turns":3},{"damage":0,"enemies":"3 Cultists","floor":22,"turns":7},{"damage":12,"enemies":"Centurion and Healer","floor":24,"turns":5},{"damage":1,"enemies":"Snecko","floor":28,"turns":4},{"damage":20,"enemies":"Gremlin Leader","floor":31,"turns":8},{"damage":32,"enemies":"Automaton","floor":33,"turns":12},{"damage":0,"enemies":"Orb Walker","floor":35,"turns":2},{"damage":0,"enemies":"3 Shapes","floor":37,"turns":3},{"damage":0,"enemies":"Sphere and 2 Shapes","floor":39,"turns":3},{"damage":31,"enemies":"Reptomancer","floor":41,"turns":8},{"damage":13,"enemies":"3 Darklings","floor":44,"turns":4},{"damage":33,"enemies":"Spire Growth","floor":46,"turns":4},{"damage":13,"enemies":"Nemesis","floor":47,"turns":6}],"seed_played":"8609641481242970728","potions_obtained":[{"floor":1.0,"key":"Block Potion"},{"floor":4.0,"key":"FearPotion"},{"floor":5.0,"key":"Poison Potion"},{"floor":16,"key":"Ancient Potion"},{"floor":28,"key":"Weak Potion"},{"floor":31,"key":"FearPotion"},{"floor":33,"key":"EntropicBrew"}],"is_trial":false,"path_per_floor":["M","$","M","M","M","E","?","R","T","M","R","M","R","M","R","B",null,"M","$","M","M","M","R","M","$","T","?","M","R","?","E","R","B",null,"M","?","M","?","M","R","E","?","T","M","R","M","E"],"character_chosen":"DEFECT","items_purchased":["Capacitor","Ball Lightning","Leap","AttackPotion"],"campfire_rested":4,"item_purchase_floors":[19,19,19,19],"current_hp_per_floor":[63,63,63,63,55,44,37,37,37,30,30,27,48,41,41,17,58,53,53,52,52,52,52,40,40,40,40,39,60,60,40,61,29,61,61,61,61,61,61,61,30,30,30,17,37,4,0],"gold":267,"neow_bonus":"REMOVE_TWO","is_prod":false,"is_daily":false,"chose_seed":false,"campfire_upgraded":5,"win_rate":0,"timestamp":1567814300,"path_taken":["M","$","M","?","M","E","?","R","T","M","R","M","R","M","R","BOSS","M","$","M","M","M","R","M","$","T","?","M","R","?","E","R","BOSS","M","?","M","?","M","R","E","?","T","M","R","M","E"],"build_version":"2019-07-17","purchased_purges":0,"victory":false,"max_hp_per_floor":[71,71,71,71,71,71,71,71,71,71,71,71,71,71,71,71,71,71,71,71,71,71,71,71,71,71,71,71,71,71,71,71,71,71,71,67,67,67,67,67,67,67,67,67,67,67,67],"card_choices":[{"not_picked":["Hello World","Consume"],"picked":"Conserve Battery","floor":1.0},{"not_picked":["Turbo","Conserve Battery"],"picked":"Streamline","floor":3.0},{"not_picked":["Steam","Cold Snap"],"picked":"Sweeping Beam","floor":4.0},{"not_picked":["Leap","Stack"],"picked":"Go for the Eyes","floor":5.0},{"not_picked":["Gash","Thunder Strike","Auto Shields"],"picked":"SKIP","floor":6},{"not_picked":["Steam Power","Compile Driver"],"picked":"Glacier","floor":10},{"not_picked":["Reinforced Body","Rebound"],"picked":"Defragment","floor":12},{"not_picked":["Ball Lightning","Stack"],"picked":"Compile Driver","floor":13},{"not_picked":["Melter","Doom and Gloom","Rebound"],"picked":"SKIP","floor":14},{"not_picked":["Multi-Cast","Amplify"],"picked":"All For One","floor":16},{"not_picked":["Sweeping Beam","Steam","Blizzard"],"picked":"SKIP","floor":18},{"not_picked":["Redo","Doom and Gloom"],"picked":"Glacier+1","floor":20},{"not_picked":["Beam Cell","Barrage","Conserve Battery"],"picked":"SKIP","floor":21},{"not_picked":["Streamline","Force Field"],"picked":"Darkness+1","floor":22},{"not_picked":["Conserve Battery","Redo","Barrage"],"picked":"SKIP","floor":24},{"not_picked":["Hologram","Redo","Gash+1"],"picked":"SKIP","floor":28},{"not_picked":["Aggregate","Self Repair","Rip and Tear"],"picked":"SKIP","floor":31},{"not_picked":["Steam","Streamline"],"picked":"Coolheaded+1","floor":32},{"not_picked":["Buffer","Biased Cognition"],"picked":"Electrodynamics","floor":33},{"not_picked":["Static Discharge","Scrape","Storm+1"],"picked":"SKIP","floor":35},{"not_picked":["Aggregate+1","Go for the Eyes","Barrage"],"picked":"SKIP","floor":37},{"not_picked":["Cold Snap","Sweeping Beam"],"picked":"Static Discharge+1","floor":39},{"not_picked":["Stack","Go for the Eyes","Steam+1"],"picked":"SKIP","floor":41},{"not_picked":["Hologram","Steam","Double Energy"],"picked":"SKIP","floor":44},{"not_picked":["Conserve Battery","Stack"],"picked":"Thunder Strike","floor":46}],"player_experience":1638288,"relics_obtained":[{"floor":6,"key":"Dream Catcher"},{"floor":9,"key":"Symbiotic Virus"},{"floor":26,"key":"War Paint"},{"floor":31,"key":"Bottled Lightning"},{"floor":41,"key":"Shuriken"}],"event_choices":[{"cards_removed":["Strike_B"],"damage_healed":0,"gold_gain":0,"player_choice":"Card Removal","damage_taken":7,"max_hp_gain":0,"max_hp_loss":0,"event_name":"Golden Wing","floor":7,"gold_loss":0},{"damage_healed":0,"gold_gain":0,"player_choice":"Simplicity","damage_taken":0,"max_hp_gain":0,"max_hp_loss":0,"event_name":"Back to Basics","floor":27,"gold_loss":0,"cards_upgraded":["Strike_B","Strike_B","Defend_B","Defend_B","Defend_B"]},{"damage_healed":0,"gold_gain":0,"player_choice":"Obtained Relic","damage_taken":0,"relics_obtained":["Unceasing Top"],"max_hp_gain":0,"max_hp_loss":0,"event_name":"Addict","floor":30,"gold_loss":85},{"damage_healed":0,"gold_gain":0,"player_choice":"Max HP","damage_taken":0,"max_hp_gain":0,"max_hp_loss":4,"event_name":"Winding Halls","floor":36,"gold_loss":0},{"cards_removed":["Defend_B"],"damage_healed":0,"gold_gain":0,"player_choice":"Removed Skill","damage_taken":0,"max_hp_gain":0,"max_hp_loss":0,"event_name":"Falling","floor":38,"gold_loss":0},{"damage_healed":0,"gold_gain":0,"player_choice":"Ignored","damage_taken":0,"max_hp_gain":0,"max_hp_loss":0,"event_name":"SecretPortal","floor":42,"gold_loss":0}],"is_beta":false,"boss_relics":[{"not_picked":["Busted Crown","Astrolabe"],"picked":"Snecko Eye"},{"not_picked":["Coffee Dripper","Lizard Tail"],"picked":"Sozu"}],"items_purged_floors":[],"is_endless":false,"potions_floor_spawned":[1,4,5,16,28,31,33,41,46],"killed_by":"Nemesis","ascension_level":20}