{"gold_per_floor":[109,119,139,158,123,151,151,176,245,245,245,260,260,260,260,351,351,376,394,444,76,76,76,110,130,130,146,165,189,189,204,204,306,318,346,383,395],"floor_reached":37,"playtime":2165,"items_purged":["Strike_B"],"score":806,"play_id":"f4d223e8-49e6-4ecc-b02e-6d353f9cdd05","local_time":"20190904235952","is_ascension_mode":true,"campfire_choices":[{"data":"Sweeping Beam","floor":7.0,"key":"SMITH"},{"floor":11.0,"key":"DIG"},{"floor":15.0,"key":"REST"},{"data":"Apotheosis","floor":23,"key":"SMITH"},{"floor":30,"key":"REST"},{"floor":32,"key":"DIG"}],"neow_cost":"NONE","seed_source_timestamp":1449662523426400,"circlet_count":0,"master_deck":["AscendersBane","Strike_B","Strike_B","Defend_B","Defend_B","Defend_B","Zap+1","Dualcast","Loop","Compile Driver","Cold Snap","Reinforced Body+1","Sweeping Beam+1","Cold Snap","Storm","Capacitor","Apotheosis+1","Defragment","Consume","Biased Cognition","Undo"],"special_seed":0,"relics":["Cracked Core","Shovel","Bird Faced Urn","Cables","Bronze Scales","Golden Idol","Sozu","Sundial","MawBank","Inserter"],"potions_floor_usage":[16,18],"damage_taken":[{"damage":1.0,"enemies":"2 Louse","floor":1.0,"turns":4.0},{"damage":2.0,"enemies":"Jaw Worm","floor":2.0,"turns":3.0},{"damage":1.0,"enemies":"Cultist","floor":3.0,"turns":3.0},{"damage":11.0,"enemies":"Looter","floor":4.0,"turns":3.0},{"damage":28.0,"enemies":"3 Sentries","floor":6.0,"turns":9.0},{"damage":4.0,"enemies":"Gremlin Nob","floor":8.0,"turns":3.0},{"damage":14.0,"enemies":"2 Fungi Beasts","floor":12.0,"turns":3.0},{"damage":32,"enemies":"Slime Boss","floor":16,"turns":7},{"damage":3,"enemies":"Spheric Guardian","floor":18,"turns":4},{"damage":17,"enemies":"2 Thieves","floor":19,"turns":4},{"damage":21,"enemies":"Book of Stabbing","floor":24,"turns":5},{"damage":15,"enemies":"Centurion and Healer","floor":25,"turns":5},{"damage":6,"enemies":"Snake Plant","floor":27,"turns":4},{"damage":13,"enemies":"3 Cultists","floor":28,"turns":4},{"damage":18,"enemies":"Centurion and Healer","floor":29,"turns":5},{"damage":4,"enemies":"Snake Plant","floor":31,"turns":4},{"damage":17,"enemies":"Collector","floor":33,"turns":8},{"damage":54,"enemies":"3 Darklings","floor":35,"turns":5},{"damage":11,"enemies":"Orb Walker","floor":36,"turns":4},{"damage":22,"enemies":"Spire Growth","floor":37,"turns":2}],"seed_played":"-4235486885040905644","potions_obtained":[{"floor":2.0,"key":"SteroidPotion"},{"floor":3.0,"key":"EssenceOfSteel"},{"floor":8.0,"key":"Strength Potion"},{"floor":16,"key":"Block Potion"}],"is_trial":false,"path_per_floor":["M","M","M","M","?","E","R","E","T","?","R","M","?","?","R","B",null,"M","M","?","$","?","R","E","M","T","M","M","M","R","M","R","B",null,"M","M","M"],"character_chosen":"DEFECT","items_purchased":["Apotheosis","Defragment"],"campfire_rested":2,"item_purchase_floors":[21,21],"current_hp_per_floor":[63,61,60,49,66,38,38,34,34,34,34,24,24,24,43,17,52,55,44,44,44,44,44,31,24,24,28,23,15,34,36,36,29,55,9,6,0],"gold":395,"neow_bonus":"TRANSFORM_CARD","is_prod":false,"is_daily":false,"chose_seed":false,"campfire_upgraded":2,"win_rate":0,"timestamp":1567637992,"path_taken":["M","M","M","M","?","E","R","E","T","?","R","?","?","?","R","BOSS","M","M","?","$","?","R","E","M","T","?","?","M","R","M","R","BOSS","M","M","M"],"build_version":"2019-07-17","purchased_purges":1,"victory":false,"max_hp_per_floor":[71,71,71,71,71,71,71,71,71,71,71,71,64,64,64,64,64,64,64,64,64,64,64,64,64,64,64,64,64,64,64,64,64,64,64,64,64],"card_choices":[{"not_picked":["Beam Cell","Lockon"],"picked":"Compile Driver","floor":1.0},{"not_picked":["Stack","Leap"],"picked":"Cold Snap","floor":2.0},{"not_picked":["Gash","Barrage"],"picked":"Reinforced Body","floor":3.0},{"not_picked":["Redo","Hologram"],"picked":"Sweeping Beam","floor":4.0},{"not_picked":["White Noise","Steam Power"],"picked":"Cold Snap","floor":6.0},{"not_picked":["Tempest","Redo"],"picked":"Storm","floor":8.0},{"not_picked":["Cold Snap","Go for the Eyes"],"picked":"Capacitor","floor":12.0},{"not_picked":["Gash","Blizzard+1","Chaos"],"picked":"SKIP","floor":18},{"not_picked":["Sweeping Beam","Streamline","Compile Driver"],"picked":"SKIP","floor":19},{"not_picked":["Streamline","Leap"],"picked":"Consume","floor":24},{"not_picked":["Rebound","White Noise"],"picked":"Biased Cognition","floor":25},{"not_picked":["Beam Cell+1","Chill","Streamline"],"picked":"SKIP","floor":27},{"not_picked":["Recycle","Cold Snap","Skim"],"picked":"SKIP","floor":28},{"not_picked":["Blizzard","Melter","Skim"],"picked":"SKIP","floor":29},{"not_picked":["Aggregate","FTL"],"picked":"Undo","floor":31},{"not_picked":["Loop","Double Energy","Reinforced Body"],"picked":"SKIP","floor":35},{"not_picked":["Scrape","Turbo","Aggregate"],"picked":"SKIP","floor":36}],"player_experience":1623928,"relics_obtained":[{"floor":6.0,"key":"Shovel"},{"floor":8.0,"key":"Bird Faced Urn"},{"floor":9.0,"key":"Cables"},{"floor":11.0,"key":"Bronze Scales"},{"floor":24,"key":"Sundial"},{"floor":32,"key":"MawBank"}],"event_choices":[{"damage_healed":17.0,"max_hp_gain":0.0,"max_hp_loss":0.0,"gold_gain":0.0,"event_name":"The Cleric","player_choice":"Healed","floor":5.0,"gold_loss":35.0,"damage_taken":0.0},{"damage_healed":0.0,"max_hp_gain":0.0,"max_hp_loss":0.0,"gold_gain":0.0,"event_name":"Upgrade Shrine","player_choice":"Upgraded","floor":10.0,"gold_loss":0.0,"damage_taken":0.0,"cards_upgraded":["Zap"]},{"damage_healed":0.0,"max_hp_gain":0.0,"max_hp_loss":7.0,"gold_gain":0.0,"event_name":"Golden Idol","player_choice":"Lose Max HP","floor":13.0,"gold_loss":0.0,"damage_taken":0.0,"relics_obtained":["Golden Idol"]},{"damage_healed":0.0,"max_hp_gain":0.0,"max_hp_loss":0.0,"gold_gain":0.0,"event_name":"Living Wall","player_choice":"Grow","floor":14.0,"gold_loss":0.0,"damage_taken":0.0,"cards_upgraded":["Reinforced Body"]},{"damage_healed":0,"gold_gain":50,"player_choice":"Stole From Cult","damage_taken":0,"max_hp_gain":0,"max_hp_loss":0,"event_name":"Nest","floor":20,"gold_loss":0},{"cards_removed":["Strike_B"],"damage_healed":0,"gold_gain":0,"player_choice":"Purged","damage_taken":0,"max_hp_gain":0,"max_hp_loss":0,"event_name":"Purifier","floor":22,"gold_loss":0}],"is_beta":false,"boss_relics":[{"not_picked":["Snecko Eye","Tiny House"],"picked":"Sozu"},{"not_picked":["Orrery","Philosopher\u0027s Stone"],"picked":"Inserter"}],"items_purged_floors":[21],"is_endless":false,"potions_floor_spawned":[2,3,8,16,19,27,29,31,35],"killed_by":"Spire Growth","ascension_level":20}