{"gold_per_floor":[113,113,127,127,127,160,178,214,240,256,256,124,163,239,239,239],"floor_reached":16,"playtime":806,"items_purged":["Strike_B"],"score":286,"play_id":"c7f39ae7-85a1-4eb5-9b51-fb2289ab5b7c","local_time":"20190901162120","is_ascension_mode":true,"campfire_choices":[{"floor":11,"key":"REST"},{"data":"Defragment","floor":15,"key":"SMITH"}],"neow_cost":"NONE","seed_source_timestamp":1164336587516600,"circlet_count":0,"master_deck":["AscendersBane","Strike_B","Strike_B","Strike_B+1","Defend_B","Defend_B","Defend_B+1","Defend_B","Zap","Dualcast","Sweeping Beam","Sweeping Beam","Ball Lightning","Conserve Battery","Self Repair","Go for the Eyes","Defragment+1"],"relics":["Cracked Core","NeowsBlessing","Golden Idol","PreservedInsect","Orichalcum","Regal Pillow","Kunai","Dodecahedron"],"potions_floor_usage":[10,13,16,16],"damage_taken":[{"damage":0,"enemies":"Small Slimes","floor":1,"turns":1},{"damage":0,"enemies":"2 Louse","floor":3,"turns":1},{"damage":0,"enemies":"3 Sentries","floor":6,"turns":1},{"damage":2,"enemies":"Jaw Worm","floor":7,"turns":3},{"damage":11,"enemies":"Gremlin Nob","floor":8,"turns":3},{"damage":4,"enemies":"Blue Slaver","floor":10,"turns":3},{"damage":12,"enemies":"3 Sentries","floor":13,"turns":4},{"damage":6,"enemies":"3 Sentries","floor":14,"turns":4},{"damage":36,"enemies":"The Guardian","floor":16,"turns":9}],"seed_played":"-6263684140677963870","potions_obtained":[{"floor":6,"key":"SpeedPotion"},{"floor":7,"key":"Weak Potion"},{"floor":13,"key":"Block Potion"}],"is_trial":false,"path_per_floor":["M","?","M","?","?","E","M","E","T","M","R","$","E","?","R","B"],"character_chosen":"DEFECT","items_purchased":["PowerPotion"],"campfire_rested":1,"item_purchase_floors":[12],"current_hp_per_floor":[64,64,64,40,19,19,17,6,6,2,38,38,33,34,34,0],"gold":239,"neow_bonus":"THREE_ENEMY_KILL","is_prod":false,"is_daily":false,"chose_seed":false,"campfire_upgraded":1,"win_rate":0,"timestamp":1567351280,"path_taken":["M","?","M","?","?","E","M","E","T","?","R","$","E","?","R","BOSS"],"build_version":"2019-07-17","purchased_purges":1,"victory":false,"max_hp_per_floor":[71,71,71,71,71,71,71,71,71,71,71,71,71,71,71,71],"card_choices":[{"not_picked":["Go for the Eyes","Conserve Battery"],"picked":"Sweeping Beam","floor":1},{"not_picked":["Turbo","Beam Cell"],"picked":"Sweeping Beam","floor":3},{"not_picked":["Gash","Reboot"],"picked":"Ball Lightning","floor":6},{"not_picked":["BootSequence","Leap"],"picked":"Conserve Battery","floor":7},{"not_picked":["Storm","Fission"],"picked":"Self Repair","floor":8},{"not_picked":["Conserve Battery","Coolheaded"],"picked":"Go for the Eyes","floor":10},{"not_picked":["Capacitor","Rebound","Blizzard"],"picked":"SKIP","floor":13},{"not_picked":["Leap","Loop"],"picked":"Defragment","floor":14}],"player_experience":1588833,"relics_obtained":[{"floor":6,"key":"PreservedInsect"},{"floor":8,"key":"Orichalcum"},{"floor":9,"key":"Regal Pillow"},{"floor":13,"key":"Kunai"},{"floor":14,"key":"Dodecahedron"}],"event_choices":[{"damage_healed":0,"gold_gain":0,"player_choice":"Leave","damage_taken":0,"max_hp_gain":0,"max_hp_loss":0,"event_name":"The Cleric","floor":2,"gold_loss":0},{"damage_healed":0,"gold_gain":0,"player_choice":"Take Damage","damage_taken":24,"relics_obtained":["Golden Idol"],"max_hp_gain":0,"max_hp_loss":0,"event_name":"Golden Idol","floor":4,"gold_loss":0},{"damage_healed":0,"gold_gain":0,"player_choice":"Entered Light","damage_taken":21,"max_hp_gain":0,"max_hp_loss":0,"event_name":"Shining Light","floor":5,"gold_loss":0,"cards_upgraded":["Defend_B","Strike_B"]},{"damage_healed":0,"gold_gain":0,"player_choice":"Searched \u00271\u0027 times","damage_taken":0,"max_hp_gain":0,"max_hp_loss":0,"event_name":"Dead Adventurer","floor":14,"gold_loss":0}],"is_beta":false,"boss_relics":[],"items_purged_floors":[12],"is_endless":false,"potions_floor_spawned":[6,7,13],"killed_by":"The Guardian","ascension_level":20}