{"gold_per_floor":[111,111,122,136,5,5,39,51,74,45,62,62,82,94,94,172,172,190,207,236,236,236],"floor_reached":22,"playtime":951,"items_purged":["Defend_B"],"score":376,"play_id":"74f19250-9962-4b49-8a28-2e7a810a3d95","local_time":"20190901214826","is_ascension_mode":true,"campfire_choices":[{"data":"Zap","floor":6,"key":"SMITH"},{"data":"Sweeping Beam","floor":12,"key":"SMITH"},{"floor":15,"key":"REST"}],"neow_cost":"NONE","seed_source_timestamp":1183816949858800,"circlet_count":0,"master_deck":["AscendersBane","Strike_B","Strike_B","Defend_B","Defend_B","Defend_B","Zap+1","Dualcast","Leap","Loop","Sweeping Beam+1","Coolheaded","Doom and Gloom","Echo Form","Cold Snap","Meteor Strike","Darkness"],"relics":["Cracked Core","Strawberry","DataDisk","Regal Pillow","Velvet Choker","Red Mask"],"potions_floor_usage":[7,11,16,20,20],"damage_taken":[{"damage":8,"enemies":"Small Slimes","floor":1,"turns":3},{"damage":0,"enemies":"Cultist","floor":3,"turns":3},{"damage":1,"enemies":"2 Louse","floor":4,"turns":2},{"damage":21,"enemies":"Lagavulin","floor":7,"turns":7},{"damage":13,"enemies":"Exordium Wildlife","floor":8,"turns":3},{"damage":14,"enemies":"Exordium Thugs","floor":11,"turns":5},{"damage":21,"enemies":"Red Slaver","floor":13,"turns":4},{"damage":0,"enemies":"2 Fungi Beasts","floor":14,"turns":2},{"damage":46,"enemies":"Slime Boss","floor":16,"turns":9},{"damage":25,"enemies":"2 Thieves","floor":18,"turns":4},{"damage":21,"enemies":"Chosen","floor":19,"turns":5},{"damage":16,"enemies":"Masked Bandits","floor":20,"turns":3},{"damage":7,"enemies":"Shelled Parasite and Fungi","floor":22,"turns":1}],"seed_played":"5045709994554328341","potions_obtained":[{"floor":1,"key":"EssenceOfSteel"},{"floor":7,"key":"Regen Potion"},{"floor":13,"key":"SteroidPotion"},{"floor":16,"key":"GamblersBrew"},{"floor":20,"key":"Ancient Potion"}],"is_trial":false,"path_per_floor":["M","?","M","M","$","R","E","M","T","$","M","R","M","M","R","B",null,"M","M","?","?","M"],"character_chosen":"DEFECT","items_purchased":["AttackPotion","Coolheaded"],"campfire_rested":1,"item_purchase_floors":[5,10],"current_hp_per_floor":[63,70,70,69,69,69,48,35,35,35,35,35,14,14,54,8,66,41,20,4,4,0],"gold":236,"neow_bonus":"TEN_PERCENT_HP_BONUS","is_prod":false,"is_daily":false,"chose_seed":false,"campfire_upgraded":2,"win_rate":0,"timestamp":1567370906,"path_taken":["M","?","M","?","$","R","E","M","T","?","M","R","M","M","R","BOSS","M","M","?","?","M"],"build_version":"2019-07-17","purchased_purges":1,"victory":false,"max_hp_per_floor":[78,85,85,85,85,85,85,85,85,85,85,85,85,85,85,85,85,85,85,85,85,85],"card_choices":[{"not_picked":["BootSequence","Stack","Rebound"],"picked":"SKIP","floor":1},{"not_picked":["Rebound","Steam Power"],"picked":"Leap","floor":3},{"not_picked":["Barrage","Consume","Leap"],"picked":"SKIP","floor":4},{"not_picked":["Steam","Turbo"],"picked":"Loop","floor":7},{"not_picked":["Coolheaded","Genetic Algorithm"],"picked":"Sweeping Beam","floor":8},{"not_picked":["Streamline","Chaos","Heatsinks"],"picked":"SKIP","floor":11},{"not_picked":["Steam Power","Coolheaded"],"picked":"Doom and Gloom","floor":13},{"not_picked":["Steam","Stack","Hologram"],"picked":"SKIP","floor":14},{"not_picked":["Multi-Cast","Core Surge"],"picked":"Echo Form","floor":16},{"not_picked":["Lockon","Steam","Loop"],"picked":"SKIP","floor":18},{"not_picked":["Sweeping Beam","Chaos"],"picked":"Cold Snap","floor":19}],"player_experience":1601338,"relics_obtained":[{"floor":2,"key":"Strawberry"},{"floor":7,"key":"DataDisk"},{"floor":9,"key":"Regal Pillow"},{"floor":20,"key":"Red Mask"}],"event_choices":[{"damage_healed":0,"gold_gain":0,"player_choice":"Relic","damage_taken":0,"max_hp_gain":0,"max_hp_loss":0,"event_name":"Wheel of Change","floor":2,"gold_loss":0},{"damage_healed":0,"gold_gain":0,"player_choice":"Fought Bandits","damage_taken":0,"max_hp_gain":0,"max_hp_loss":0,"event_name":"Masked Bandits","floor":20,"gold_loss":0},{"damage_healed":0,"gold_gain":0,"cards_transformed":["Strike_B","Strike_B"],"player_choice":"Became Test Subject","damage_taken":0,"max_hp_gain":0,"max_hp_loss":0,"event_name":"Drug Dealer","floor":21,"gold_loss":0,"cards_obtained":["Meteor Strike","Darkness"]}],"is_beta":false,"boss_relics":[{"not_picked":["Astrolabe","Runic Dome"],"picked":"Velvet Choker"}],"items_purged_floors":[5],"is_endless":false,"potions_floor_spawned":[1,7,13,16,20],"killed_by":"Shelled Parasite and Fungi","ascension_level":20}