{"gold_per_floor":[217,236,236,250,250,250,281,281,304,357,371,446,3,18,18,116,116,137,187,203,203,203,203,247,247,300,300,323,346,386,20,20,116,116,136,136,157,490,18,18,18,38,38,38,38,38],"floor_reached":46,"playtime":2341,"items_purged":["Strike_B","Strike_B"],"score":933,"play_id":"f164366c-b392-4145-a4d2-3645d28910fe","local_time":"20190902233034","is_ascension_mode":true,"campfire_choices":[{"data":"Streamline","floor":6.0,"key":"SMITH"},{"data":"Zap","floor":8.0,"key":"SMITH"},{"data":"Hologram","floor":15.0,"key":"SMITH"},{"floor":23.0,"key":"REST"},{"data":"Self Repair","floor":25.0,"key":"SMITH"},{"floor":27.0,"key":"REST"},{"floor":32,"key":"REST"},{"data":"Coolheaded","floor":41,"key":"SMITH"},{"data":"Defragment","floor":44,"key":"SMITH"}],"neow_cost":"NONE","seed_source_timestamp":1274876559894800,"circlet_count":0,"master_deck":["AscendersBane","Strike_B","Defend_B","Defend_B","Defend_B","Defend_B","Zap+1","Dualcast","Streamline+1","Hologram+1","Ball Lightning","Sweeping Beam","Coolheaded+1","Go for the Eyes","Echo Form","Self Repair+1","Conserve Battery","Loop+1","Creative AI","Flash of Steel","Defragment+1","Injury","Thinking Ahead","Panache"],"special_seed":0,"relics":["Cracked Core","Potion Belt","Happy Flower","FossilizedHelix","Nuclear Battery","Nilry\u0027s Codex","StoneCalendar","Strawberry","MawBank","Ice Cream","Cursed Key","Kunai"],"potions_floor_usage":[30,33,33,42,46],"damage_taken":[{"damage":0.0,"enemies":"Jaw Worm","floor":1.0,"turns":4.0},{"damage":9.0,"enemies":"Small Slimes","floor":2.0,"turns":3.0},{"damage":0.0,"enemies":"2 Louse","floor":4.0,"turns":1.0},{"damage":15.0,"enemies":"3 Sentries","floor":7.0,"turns":6.0},{"damage":0.0,"enemies":"Large Slime","floor":11.0,"turns":4.0},{"damage":0.0,"enemies":"Exordium Wildlife","floor":14.0,"turns":3.0},{"damage":14.0,"enemies":"Hexaghost","floor":16.0,"turns":9.0},{"damage":8.0,"enemies":"2 Thieves","floor":18.0,"turns":4.0},{"damage":9.0,"enemies":"Chosen","floor":20.0,"turns":4.0},{"damage":8.0,"enemies":"Gremlin Leader","floor":24.0,"turns":5.0},{"damage":25.0,"enemies":"3 Cultists","floor":28.0,"turns":7.0},{"damage":21.0,"enemies":"Snake Plant","floor":29.0,"turns":5.0},{"damage":42,"enemies":"Slavers","floor":30,"turns":6},{"damage":34,"enemies":"Collector","floor":33,"turns":8},{"damage":5,"enemies":"3 Shapes","floor":35,"turns":4},{"damage":22,"enemies":"Orb Walker","floor":37,"turns":5},{"damage":22,"enemies":"Jaw Worm Horde","floor":42,"turns":5},{"damage":63,"enemies":"Reptomancer","floor":46,"turns":2}],"seed_played":"-1031917573048296225","potions_obtained":[{"floor":1.0,"key":"SpeedPotion"},{"floor":2.0,"key":"Fire Potion"},{"floor":7.0,"key":"GamblersBrew"},{"floor":16.0,"key":"Dexterity Potion"},{"floor":18.0,"key":"PowerPotion"},{"floor":29.0,"key":"Weak Potion"},{"floor":30,"key":"Strength Potion"},{"floor":33,"key":"Explosive Potion"},{"floor":37,"key":"EssenceOfSteel"},{"floor":42,"key":"SteroidPotion"}],"is_trial":false,"path_per_floor":["M","M","?","M","?","R","E","R","T","?","M","?","$","M","R","B",null,"M","?","M","?","?","R","E","R","T","R","M","M","E","$","R","B",null,"M","?","M","?","$","?","R","M","T","R","?","E"],"character_chosen":"DEFECT","items_purchased":["FossilizedHelix","Coolheaded","Ice Cream","SpeedPotion","Kunai","Flash of Steel"],"campfire_rested":3,"item_purchase_floors":[13,13,31,31,39,39],"current_hp_per_floor":[64,55,60,60,60,60,45,45,45,45,45,34,34,34,34,20,57,49,49,40,40,19,39,38,38,45,67,62,61,39,39,61,37,66,61,61,59,59,59,59,59,47,47,47,42,0],"gold":38,"neow_bonus":"HUNDRED_GOLD","is_prod":false,"is_daily":false,"chose_seed":false,"campfire_upgraded":6,"win_rate":0,"timestamp":1567463434,"path_taken":["M","M","?","M","?","R","E","R","T","?","M","?","$","?","R","BOSS","M","?","?","?","?","R","E","R","T","R","M","M","E","$","R","BOSS","M","?","M","?","$","?","R","M","T","R","?","E"],"build_version":"2019-07-17","purchased_purges":2,"victory":false,"max_hp_per_floor":[71,71,76,76,69,69,69,69,69,69,69,69,69,69,69,69,69,69,69,69,69,69,69,69,69,76,76,76,76,76,76,76,76,76,76,76,76,76,76,72,72,72,72,72,72,72],"card_choices":[{"not_picked":["Chill","Heatsinks","Consume"],"picked":"SKIP","floor":1.0},{"not_picked":["Rebound","Stack"],"picked":"Streamline","floor":2.0},{"not_picked":["Meteor Strike","Streamline"],"picked":"Hologram","floor":4.0},{"not_picked":["Undo","Gash"],"picked":"Ball Lightning","floor":7.0},{"not_picked":["Recycle","Compile Driver"],"picked":"Sweeping Beam","floor":11.0},{"not_picked":["Turbo","Reprogram"],"picked":"Go for the Eyes","floor":14.0},{"not_picked":["Electrodynamics","Hyperbeam"],"picked":"Echo Form","floor":16.0},{"not_picked":["Rip and Tear","Reprogram","Redo"],"picked":"SKIP","floor":18.0},{"not_picked":["Turbo","Force Field"],"picked":"Self Repair","floor":20.0},{"not_picked":["Darkness","Stack"],"picked":"Conserve Battery","floor":24.0},{"not_picked":["Reinforced Body","Hologram+1"],"picked":"Loop+1","floor":28.0},{"not_picked":["Heatsinks","Compile Driver","Coolheaded"],"picked":"SKIP","floor":29.0},{"not_picked":["Sweeping Beam","Redo","Fusion"],"picked":"SKIP","floor":30},{"not_picked":["Thunder Strike","Biased Cognition"],"picked":"Creative AI","floor":33},{"not_picked":["White Noise","Redo","Beam Cell"],"picked":"SKIP","floor":35},{"not_picked":["Undo","Stack","Darkness"],"picked":"SKIP","floor":37},{"not_picked":["Cold Snap","Rebound+1"],"picked":"Defragment","floor":42},{"not_picked":["Discovery","Panacea"],"picked":"Thinking Ahead","floor":45},{"not_picked":["Enlightenment","Dramatic Entrance"],"picked":"Panache","floor":45}],"player_experience":1609117,"relics_obtained":[{"floor":7.0,"key":"Potion Belt"},{"floor":9.0,"key":"Happy Flower"},{"floor":22.0,"key":"Nilry\u0027s Codex"},{"floor":24.0,"key":"StoneCalendar"},{"floor":26.0,"key":"Strawberry"},{"floor":30,"key":"MawBank"}],"event_choices":[{"damage_healed":0.0,"max_hp_gain":5.0,"max_hp_loss":0.0,"gold_gain":0.0,"event_name":"Big Fish","player_choice":"Donut","floor":3.0,"gold_loss":0.0,"damage_taken":0.0},{"damage_healed":0.0,"max_hp_gain":0.0,"max_hp_loss":7.0,"gold_gain":0.0,"event_name":"Golden Idol","player_choice":"Lose Max HP","floor":5.0,"gold_loss":0.0,"damage_taken":0.0,"relics_obtained":["Golden Idol"]},{"damage_healed":0.0,"max_hp_gain":0.0,"max_hp_loss":0.0,"gold_gain":53.0,"event_name":"Golden Wing","player_choice":"Gained Gold","floor":10.0,"gold_loss":0.0,"damage_taken":0.0},{"damage_healed":0.0,"max_hp_gain":0.0,"max_hp_loss":0.0,"gold_gain":75.0,"event_name":"World of Goop","player_choice":"Gather Gold","floor":12.0,"gold_loss":0.0,"damage_taken":11.0},{"damage_healed":0.0,"max_hp_gain":0.0,"max_hp_loss":0.0,"gold_gain":100.0,"event_name":"The Joust","player_choice":"Bet on Murderer","floor":19.0,"gold_loss":50.0,"damage_taken":0.0},{"damage_healed":0.0,"max_hp_gain":0.0,"max_hp_loss":0.0,"gold_gain":0.0,"event_name":"Ghosts","player_choice":"Ignored","floor":21.0,"gold_loss":0.0,"damage_taken":0.0},{"damage_healed":0.0,"max_hp_gain":0.0,"max_hp_loss":0.0,"gold_gain":0.0,"event_name":"Cursed Tome","player_choice":"Obtained Book","floor":22.0,"gold_loss":0.0,"damage_taken":21.0},{"cards_removed":["Strike_B"],"damage_healed":0,"gold_gain":0,"player_choice":"Removed Attack","damage_taken":0,"max_hp_gain":0,"max_hp_loss":0,"event_name":"Falling","floor":36,"gold_loss":0},{"damage_healed":0,"gold_gain":333,"player_choice":"Gave Idol","damage_taken":0,"max_hp_gain":0,"max_hp_loss":0,"event_name":"The Moai Head","floor":38,"relics_lost":["Golden Idol"],"gold_loss":0},{"damage_healed":0,"gold_gain":0,"player_choice":"Max HP","damage_taken":0,"max_hp_gain":0,"max_hp_loss":4,"event_name":"Winding Halls","floor":40,"gold_loss":0},{"damage_healed":0,"gold_gain":0,"player_choice":"Memory 2","damage_taken":5,"max_hp_gain":0,"max_hp_loss":0,"event_name":"SensoryStone","floor":45,"gold_loss":0}],"is_beta":false,"boss_relics":[{"not_picked":["Ectoplasm","Runic Pyramid"],"picked":"Nuclear Battery"},{"not_picked":["Philosopher\u0027s Stone","White Beast Statue"],"picked":"Cursed Key"}],"items_purged_floors":[13,39],"is_endless":false,"potions_floor_spawned":[1,2,7,16,18,29,30,33,37,42],"killed_by":"Reptomancer","ascension_level":20}