{"gold_per_floor":[116,143,218,218,218,218,252,252,321,321,321,356,156,168,168,242,242,261,147,167,187,187,214,214,214],"floor_reached":25,"playtime":1507,"items_purged":["Doubt"],"score":550,"play_id":"1c494d1e-4e5c-45a4-8877-2c570334cb22","local_time":"20190830135028","is_ascension_mode":true,"campfire_choices":[{"floor":6,"key":"REST"},{"data":"1","floor":8,"key":"LIFT"},{"data":"2","floor":15,"key":"LIFT"},{"floor":24,"key":"REST"}],"neow_cost":"NONE","seed_source_timestamp":981780705601500,"circlet_count":0,"master_deck":["AscendersBane","Strike_B","Strike_B","Strike_B","Strike_B","Defend_B","Defend_B+1","Defend_B","Defend_B+1","Zap+1","Dualcast","Conserve Battery","Sunder","FTL","Sweeping Beam","Echo Form","Self Repair","Go for the Eyes","Glacier","Pain","Doom and Gloom"],"relics":["Cracked Core","NeowsBlessing","Strawberry","Girya","Matryoshka","Happy Flower","Omamori","MawBank","Oddly Smooth Stone","Calling Bell","Blood Vial","Mummified Hand","Du-Vu Doll","WarpedTongs","Smiling Mask"],"potions_floor_usage":[16,20,25],"damage_taken":[{"damage":0,"enemies":"Cultist","floor":1,"turns":1},{"damage":0,"enemies":"3 Sentries","floor":7,"turns":1},{"damage":0,"enemies":"Lagavulin","floor":12,"turns":1},{"damage":2,"enemies":"Small Slimes","floor":14,"turns":2},{"damage":18,"enemies":"Slime Boss","floor":16,"turns":8},{"damage":23,"enemies":"Spheric Guardian","floor":18,"turns":4},{"damage":4,"enemies":"3 Byrds","floor":20,"turns":3},{"damage":12,"enemies":"Centurion and Healer","floor":21,"turns":6},{"damage":49,"enemies":"Gremlin Leader","floor":23,"turns":10},{"damage":36,"enemies":"Slavers","floor":25,"turns":2}],"seed_played":"-2617469843013653185","potions_obtained":[{"floor":1,"key":"Explosive Potion"},{"floor":12,"key":"LiquidBronze"},{"floor":18,"key":"SteroidPotion"},{"floor":20,"key":"Explosive Potion"}],"is_trial":false,"path_per_floor":["M","T","?","?","?","R","E","R","T","?","T","E","$","M","R","B",null,"M","$","M","M","?","E","R","E"],"character_chosen":"DEFECT","items_purchased":["FTL","Oddly Smooth Stone","Self Repair"],"campfire_rested":2,"item_purchase_floors":[13,13,19],"current_hp_per_floor":[64,71,60,60,37,60,60,60,60,60,60,60,60,58,58,40,69,48,48,46,50,50,10,33,0],"gold":214,"neow_bonus":"THREE_ENEMY_KILL","is_prod":false,"is_daily":false,"chose_seed":false,"campfire_upgraded":0,"win_rate":0,"timestamp":1567169428,"path_taken":["M","?","?","?","?","R","E","R","T","?","?","E","$","M","R","BOSS","M","$","M","M","?","E","R","E"],"build_version":"2019-07-17","purchased_purges":1,"victory":false,"max_hp_per_floor":[71,78,78,78,78,78,78,78,78,78,78,78,78,78,78,78,78,78,78,78,78,78,78,78,78],"card_choices":[{"not_picked":["Chill","Skim","Consume"],"picked":"SKIP","floor":1},{"not_picked":["Turbo","Aggregate"],"picked":"Conserve Battery","floor":7},{"not_picked":["Hologram","Skim"],"picked":"Sunder","floor":12},{"not_picked":["Go for the Eyes","Rip and Tear"],"picked":"Sweeping Beam","floor":14},{"not_picked":["Reboot","Thunder Strike"],"picked":"Echo Form","floor":16},{"not_picked":["Turbo","Fusion","Hello World"],"picked":"SKIP","floor":18},{"not_picked":["Aggregate","Compile Driver"],"picked":"Go for the Eyes","floor":20},{"not_picked":["Melter+1","Turbo"],"picked":"Glacier","floor":21},{"not_picked":["Reinforced Body","Force Field"],"picked":"Doom and Gloom","floor":23}],"player_experience":1569904,"relics_obtained":[{"floor":2,"key":"Strawberry"},{"floor":7,"key":"Girya"},{"floor":9,"key":"Matryoshka"},{"floor":11,"key":"Happy Flower"},{"floor":11,"key":"Omamori"},{"floor":12,"key":"MawBank"},{"floor":17,"key":"Blood Vial"},{"floor":17,"key":"Mummified Hand"},{"floor":17,"key":"Du-Vu Doll"},{"floor":23,"key":"Smiling Mask"}],"event_choices":[{"damage_healed":0,"gold_gain":75,"player_choice":"Gather Gold","damage_taken":11,"max_hp_gain":0,"max_hp_loss":0,"event_name":"World of Goop","floor":3,"gold_loss":0},{"damage_healed":0,"gold_gain":0,"player_choice":"Grow","damage_taken":0,"max_hp_gain":0,"max_hp_loss":0,"event_name":"Living Wall","floor":4,"gold_loss":0,"cards_upgraded":["Zap"]},{"damage_healed":0,"gold_gain":0,"player_choice":"Entered Light","damage_taken":23,"max_hp_gain":0,"max_hp_loss":0,"event_name":"Shining Light","floor":5,"gold_loss":0,"cards_upgraded":["Defend_B","Defend_B"]},{"damage_healed":0,"gold_gain":0,"player_choice":"Leave","damage_taken":0,"max_hp_gain":0,"max_hp_loss":0,"event_name":"The Cleric","floor":10,"gold_loss":0},{"damage_healed":0,"gold_gain":0,"player_choice":"Rummage","damage_taken":0,"relics_obtained":["WarpedTongs"],"max_hp_gain":0,"max_hp_loss":0,"event_name":"Accursed Blacksmith","floor":22,"gold_loss":0,"cards_obtained":["Pain"]}],"is_beta":false,"boss_relics":[{"not_picked":["Astrolabe","Orrery"],"picked":"Calling Bell"}],"items_purged_floors":[19],"is_endless":false,"potions_floor_spawned":[1,12,18,20,23],"killed_by":"Slavers","ascension_level":20}