{"gold_per_floor":[361,341,353,370,384,384,384,384,384,384,408,426,51,89,89,89],"floor_reached":16,"playtime":984,"items_purged":[],"score":204,"play_id":"36369301-ce27-4faa-9882-bfefa876067a","local_time":"20190901102034","is_ascension_mode":true,"campfire_choices":[{"data":"Zap","floor":6,"key":"SMITH"},{"data":"Cold Snap","floor":8,"key":"SMITH"},{"floor":10,"key":"REST"},{"data":"Genetic Algorithm","floor":15,"key":"SMITH"}],"neow_cost":"PERCENT_DAMAGE","seed_source_timestamp":1142512026370800,"circlet_count":0,"master_deck":["AscendersBane","Strike_B","Strike_B","Strike_B","Strike_B","Defend_B+1","Defend_B","Defend_B","Defend_B","Zap+1","Dualcast+1","Genetic Algorithm+1","Cold Snap+1","Sweeping Beam+1","HandOfGreed+1","Compile Driver+1"],"relics":["Cracked Core","Golden Idol","Molten Egg 2","War Paint","Meat on the Bone"],"potions_floor_usage":[4,5,12,14,16],"damage_taken":[{"damage":4,"enemies":"Small Slimes","floor":1,"turns":3},{"damage":1,"enemies":"Cultist","floor":3,"turns":3},{"damage":0,"enemies":"2 Louse","floor":4,"turns":2},{"damage":12,"enemies":"Exordium Wildlife","floor":5,"turns":5},{"damage":2,"enemies":"Red Slaver","floor":11,"turns":3},{"damage":11,"enemies":"3 Louse","floor":12,"turns":3},{"damage":6,"enemies":"Gremlin Nob","floor":14,"turns":3},{"damage":47,"enemies":"Hexaghost","floor":16,"turns":9}],"seed_played":"3346237738667763895","potions_obtained":[{"floor":1,"key":"SkillPotion"},{"floor":2,"key":"EntropicBrew"},{"floor":4,"key":"AttackPotion"},{"floor":14,"key":"Regen Potion"}],"is_trial":false,"path_per_floor":["M","?","M","M","M","R","?","R","T","R","M","M","$","E","R","B"],"character_chosen":"DEFECT","items_purchased":["HandOfGreed+1","War Paint"],"campfire_rested":1,"item_purchase_floors":[13,13],"current_hp_per_floor":[42,42,41,41,29,29,29,29,29,48,46,35,35,29,29,0],"gold":89,"neow_bonus":"TWO_FIFTY_GOLD","is_prod":false,"is_daily":false,"chose_seed":false,"campfire_upgraded":3,"win_rate":0,"timestamp":1567329634,"path_taken":["M","?","?","M","M","R","?","R","T","R","M","M","$","E","R","BOSS"],"build_version":"2019-07-17","purchased_purges":0,"victory":false,"max_hp_per_floor":[71,71,71,71,71,71,64,64,64,64,64,64,64,64,64,64],"card_choices":[{"not_picked":["Hologram","Steam"],"picked":"Genetic Algorithm","floor":1},{"not_picked":["Reinforced Body","Steam Power"],"picked":"Cold Snap","floor":3},{"not_picked":["Multi-Cast","Reinforced Body","Gash"],"picked":"SKIP","floor":4},{"not_picked":["Turbo","Reinforced Body","Steam"],"picked":"SKIP","floor":5},{"not_picked":["Barrage+1","Chaos"],"picked":"Sweeping Beam+1","floor":11},{"not_picked":["Conserve Battery","Reinforced Body","Fission"],"picked":"SKIP","floor":12},{"not_picked":["Fusion","Rebound+1"],"picked":"Compile Driver+1","floor":14}],"player_experience":1583923,"relics_obtained":[{"floor":9,"key":"Molten Egg 2"},{"floor":14,"key":"Meat on the Bone"}],"event_choices":[{"damage_healed":0,"gold_gain":0,"player_choice":"Bought 1 Potion","damage_taken":0,"max_hp_gain":0,"max_hp_loss":0,"event_name":"The Woman in Blue","floor":2,"gold_loss":0},{"damage_healed":0,"gold_gain":0,"player_choice":"Lose Max HP","damage_taken":0,"relics_obtained":["Golden Idol"],"max_hp_gain":0,"max_hp_loss":7,"event_name":"Golden Idol","floor":7,"gold_loss":0}],"is_beta":false,"boss_relics":[],"items_purged_floors":[],"is_endless":false,"potions_floor_spawned":[1,4,14],"killed_by":"Hexaghost","ascension_level":20}