{"gold_per_floor":[369,382,396,57,68,97,97,132,132,142,107,107,107,21,21,92,92,109,109,16,26,26],"floor_reached":22,"playtime":1136,"items_purged":["Pain"],"score":388,"play_id":"b83c9536-ba6d-4803-bf14-36f9eea2957c","local_time":"20190902210611","is_ascension_mode":true,"campfire_choices":[{"data":"Zap","floor":7,"key":"SMITH"},{"data":"Go for the Eyes","floor":13,"key":"SMITH"},{"data":"Compile Driver","floor":15,"key":"SMITH"}],"neow_cost":"TEN_PERCENT_HP_LOSS","seed_source_timestamp":1267496168013800,"circlet_count":0,"master_deck":["AscendersBane","Strike_B","Strike_B","Strike_B","Strike_B","Defend_B","Defend_B","Defend_B","Defend_B","Zap+1","Dualcast","Compile Driver+1","FTL","Cold Snap","Glacier","Go for the Eyes+1","Capacitor","All For One","Doom and Gloom+1","Defragment","Leap"],"relics":["Cracked Core","Incense Burner","Smiling Mask","Lantern","Ancient Tea Set","Inserter","WarpedTongs"],"potions_floor_usage":[6,6,10,21,22],"damage_taken":[{"damage":1,"enemies":"Cultist","floor":1,"turns":3},{"damage":4,"enemies":"Small Slimes","floor":2,"turns":3},{"damage":7,"enemies":"Jaw Worm","floor":3,"turns":2},{"damage":14,"enemies":"Exordium Wildlife","floor":5,"turns":3},{"damage":8,"enemies":"3 Sentries","floor":6,"turns":5},{"damage":28,"enemies":"Gremlin Nob","floor":8,"turns":5},{"damage":0,"enemies":"Looter","floor":10,"turns":2},{"damage":19,"enemies":"The Guardian","floor":16,"turns":14},{"damage":33,"enemies":"3 Byrds","floor":18,"turns":6},{"damage":4,"enemies":"Shell Parasite","floor":21,"turns":7},{"damage":19,"enemies":"Snake Plant","floor":22,"turns":4}],"seed_played":"3928815919677711929","potions_obtained":[{"floor":1,"key":"Strength Potion"},{"floor":2,"key":"SkillPotion"},{"floor":8,"key":"Poison Potion"},{"floor":16,"key":"SpeedPotion"},{"floor":21,"key":"AttackPotion"}],"is_trial":false,"path_per_floor":["M","M","M","$","M","E","R","E","T","M","?","?","R","$","R","B",null,"M","?","$","M","M"],"character_chosen":"DEFECT","items_purchased":["Incense Burner","Capacitor","Defragment"],"campfire_rested":0,"item_purchase_floors":[4,14,20],"current_hp_per_floor":[63,59,52,52,38,30,30,2,2,2,18,39,39,39,39,20,53,20,20,20,16,0],"gold":26,"neow_bonus":"TWO_FIFTY_GOLD","is_prod":false,"is_daily":false,"chose_seed":false,"campfire_upgraded":3,"win_rate":0,"timestamp":1567454771,"path_taken":["M","M","M","$","?","E","R","E","T","M","?","?","R","?","R","BOSS","M","?","$","?","M"],"build_version":"2019-07-17","purchased_purges":1,"victory":false,"max_hp_per_floor":[64,64,64,64,64,64,64,64,64,64,64,64,64,64,64,64,64,64,64,64,64,64],"card_choices":[{"not_picked":["Force Field","Hologram"],"picked":"Compile Driver","floor":1},{"not_picked":["Barrage","Double Energy"],"picked":"FTL","floor":2},{"not_picked":["Redo","Streamline"],"picked":"Cold Snap","floor":3},{"not_picked":["Fusion","Scrape","Reprogram"],"picked":"SKIP","floor":5},{"not_picked":["Rebound","Seek"],"picked":"Glacier","floor":6},{"not_picked":["Redo","Aggregate","Gash"],"picked":"SKIP","floor":8},{"not_picked":["Heatsinks","Barrage"],"picked":"Go for the Eyes","floor":10},{"not_picked":["Buffer","Meteor Strike"],"picked":"All For One","floor":16},{"not_picked":["Genetic Algorithm","Glacier"],"picked":"Doom and Gloom+1","floor":18},{"not_picked":["Turbo","Gash"],"picked":"Leap","floor":21}],"player_experience":1606950,"relics_obtained":[{"floor":6,"key":"Smiling Mask"},{"floor":8,"key":"Lantern"},{"floor":9,"key":"Ancient Tea Set"}],"event_choices":[{"damage_healed":16,"gold_gain":0,"player_choice":"Healed","damage_taken":0,"max_hp_gain":0,"max_hp_loss":0,"event_name":"The Cleric","floor":11,"gold_loss":35},{"damage_healed":21,"gold_gain":0,"player_choice":"Banana","damage_taken":0,"max_hp_gain":0,"max_hp_loss":0,"event_name":"Big Fish","floor":12,"gold_loss":0},{"damage_healed":0,"gold_gain":0,"player_choice":"Rummage","damage_taken":0,"relics_obtained":["WarpedTongs"],"max_hp_gain":0,"max_hp_loss":0,"event_name":"Accursed Blacksmith","floor":19,"gold_loss":0,"cards_obtained":["Pain"]}],"is_beta":false,"boss_relics":[{"not_picked":["FrozenCore","Philosopher\u0027s Stone"],"picked":"Inserter"}],"items_purged_floors":[20],"is_endless":false,"potions_floor_spawned":[1,2,3,8,16,21],"killed_by":"Snake Plant","ascension_level":20}