{"gold_per_floor":[363,35,35,35,52,81,81,114,114,128,128,145,158,189,189,263,263,280,297,310,12,12],"floor_reached":22,"playtime":2315,"items_purged":["Strike_B"],"score":412,"play_id":"f0022d46-8ce1-4add-8202-7954522cab8f","local_time":"20190901112047","is_ascension_mode":true,"campfire_choices":[{"data":"Sunder","floor":7,"key":"SMITH"},{"floor":11,"key":"REST"},{"floor":15,"key":"REST"}],"neow_cost":"PERCENT_DAMAGE","seed_source_timestamp":1144794204320600,"circlet_count":0,"master_deck":["AscendersBane","Strike_B","Strike_B","Strike_B","Defend_B+1","Defend_B","Defend_B","Defend_B+1","Zap","Dualcast","Coolheaded","Ball Lightning","Sunder+1","Compile Driver","Hologram+1","Steam+1","Rainbow+1","Multi-Cast+1","Redo+1","Compile Driver+1","Doom and Gloom"],"relics":["Cracked Core","Lee\u0027s Waffle","Toxic Egg 2","Pantograph","War Paint","Smiling Mask","Inserter","Oddly Smooth Stone"],"potions_floor_usage":[14,14,18],"damage_taken":[{"damage":2,"enemies":"Jaw Worm","floor":1,"turns":4},{"damage":1,"enemies":"Cultist","floor":5,"turns":3},{"damage":29,"enemies":"3 Sentries","floor":6,"turns":8},{"damage":33,"enemies":"Lagavulin","floor":8,"turns":6},{"damage":0,"enemies":"Small Slimes","floor":10,"turns":2},{"damage":0,"enemies":"Blue Slaver","floor":12,"turns":3},{"damage":0,"enemies":"2 Fungi Beasts","floor":13,"turns":2},{"damage":2,"enemies":"3 Sentries","floor":14,"turns":4},{"damage":23,"enemies":"Slime Boss","floor":16,"turns":6},{"damage":1,"enemies":"Chosen","floor":18,"turns":5},{"damage":13,"enemies":"Spheric Guardian","floor":19,"turns":4},{"damage":37,"enemies":"Shelled Parasite and Fungi","floor":20,"turns":7},{"damage":25,"enemies":"Centurion and Healer","floor":22,"turns":4}],"seed_played":"-5745646505166755572","potions_obtained":[{"floor":6,"key":"Dexterity Potion"},{"floor":8,"key":"SteroidPotion"},{"floor":12,"key":"SkillPotion"},{"floor":14,"key":"GamblersBrew"},{"floor":16,"key":"FearPotion"},{"floor":18,"key":"PowerPotion"}],"is_trial":false,"path_per_floor":["M","$","?","?","M","E","R","E","T","M","R","M","M","E","R","B",null,"M","M","M","$","M"],"character_chosen":"DEFECT","items_purchased":["Ball Lightning","Sunder","Lee\u0027s Waffle","Oddly Smooth Stone","Doom and Gloom"],"campfire_rested":2,"item_purchase_floors":[2,2,2,21,21],"current_hp_per_floor":[44,78,78,78,77,48,48,15,15,15,38,38,38,36,59,55,72,71,58,21,21,0],"gold":12,"neow_bonus":"TWO_FIFTY_GOLD","is_prod":false,"is_daily":false,"chose_seed":false,"campfire_upgraded":1,"win_rate":0,"timestamp":1567333247,"path_taken":["M","$","?","?","M","E","R","E","T","M","R","?","M","E","R","BOSS","M","?","M","$","M"],"build_version":"2019-07-17","purchased_purges":1,"victory":false,"max_hp_per_floor":[71,78,78,78,78,78,78,78,78,78,78,78,78,78,78,78,78,78,78,78,78,78],"card_choices":[{"not_picked":["Double Energy","Aggregate"],"picked":"Coolheaded","floor":1},{"not_picked":["Steam","Stack"],"picked":"Compile Driver","floor":5},{"not_picked":["Recycle","Melter","Amplify"],"picked":"SKIP","floor":6},{"not_picked":["Recycle","Melter","Amplify"],"picked":"SKIP","floor":6},{"not_picked":["Recycle+1","Gash","Loop"],"picked":"SKIP","floor":8},{"not_picked":["Coolheaded+1","Rebound"],"picked":"Hologram+1","floor":10},{"not_picked":["Turbo+1","Hologram+1"],"picked":"Steam+1","floor":12},{"not_picked":["Barrage","Hologram+1","Loop"],"picked":"SKIP","floor":13},{"not_picked":["White Noise+1","Doom and Gloom"],"picked":"Rainbow+1","floor":14},{"not_picked":["Machine Learning","Core Surge"],"picked":"Multi-Cast+1","floor":16},{"not_picked":["BootSequence+1","Sweeping Beam"],"picked":"Redo+1","floor":18},{"not_picked":["Streamline","Redo+1"],"picked":"Compile Driver+1","floor":19},{"not_picked":["Barrage","Redo+1","Rip and Tear"],"picked":"SKIP","floor":20}],"player_experience":1586168,"relics_obtained":[{"floor":6,"key":"Toxic Egg 2"},{"floor":8,"key":"Pantograph"},{"floor":9,"key":"War Paint"},{"floor":14,"key":"Smiling Mask"}],"event_choices":[{"damage_healed":0,"gold_gain":0,"player_choice":"Leave","damage_taken":0,"max_hp_gain":0,"max_hp_loss":0,"event_name":"The Cleric","floor":3,"gold_loss":0},{"damage_healed":0,"gold_gain":0,"player_choice":"Ignored","damage_taken":0,"max_hp_gain":0,"max_hp_loss":0,"event_name":"Liars Game","floor":4,"gold_loss":0}],"is_beta":false,"boss_relics":[{"not_picked":["Tiny House","FrozenCore"],"picked":"Inserter"}],"items_purged_floors":[21],"is_endless":false,"potions_floor_spawned":[6,8,12,14,16,18,19],"killed_by":"Centurion and Healer","ascension_level":20}