{"gold_per_floor":[114,132,20,20,32,32,60,78,103,115,127,139],"floor_reached":12,"playtime":434,"items_purged":[],"score":156,"play_id":"4644e5d5-48a9-4e57-ac09-4c2ecb4ad97d","local_time":"20190829220553","is_ascension_mode":true,"campfire_choices":[{"data":"Static Discharge","floor":6,"key":"SMITH"}],"neow_cost":"NONE","seed_source_timestamp":926178709312500,"circlet_count":0,"master_deck":["AscendersBane","Strike_B","Strike_B","Strike_B","Strike_B","Defend_B","Defend_B","Defend_B","Defend_B","Zap","Dualcast","Gash","Darkness","Static Discharge+1","Ball Lightning"],"relics":["Cracked Core","Centennial Puzzle","Blood Vial","MawBank"],"potions_floor_usage":[7,7,12],"damage_taken":[{"damage":7,"enemies":"Jaw Worm","floor":1,"turns":3},{"damage":0,"enemies":"2 Louse","floor":2,"turns":3},{"damage":18,"enemies":"Small Slimes","floor":5,"turns":4},{"damage":10,"enemies":"3 Sentries","floor":7,"turns":4},{"damage":11,"enemies":"Blue Slaver","floor":8,"turns":4},{"damage":39,"enemies":"Gremlin Nob","floor":12,"turns":3}],"seed_played":"1300597230911453721","potions_obtained":[{"floor":7,"key":"SneckoOil"}],"is_trial":false,"path_per_floor":["M","M","$","?","M","R","E","M","T","?","?","E"],"character_chosen":"DEFECT","items_purchased":["AttackPotion","Explosive Potion"],"campfire_rested":0,"item_purchase_floors":[3,3],"current_hp_per_floor":[57,57,57,62,44,44,34,25,25,25,25,0],"gold":139,"neow_bonus":"RANDOM_COMMON_RELIC","is_prod":false,"is_daily":false,"chose_seed":false,"campfire_upgraded":1,"win_rate":0,"timestamp":1567112753,"path_taken":["M","M","$","?","M","R","E","M","T","?","?","E"],"build_version":"2019-07-17","purchased_purges":0,"victory":false,"max_hp_per_floor":[71,71,71,76,76,76,76,76,76,76,76,76],"card_choices":[{"not_picked":["Conserve Battery","Consume"],"picked":"Gash","floor":1},{"not_picked":["Storm","Hologram"],"picked":"Darkness","floor":2},{"not_picked":["Doom and Gloom","White Noise"],"picked":"Static Discharge","floor":5},{"not_picked":["Storm","Turbo"],"picked":"Ball Lightning","floor":7},{"not_picked":["Fusion","Hello World","Heatsinks"],"picked":"SKIP","floor":8}],"player_experience":1560250,"relics_obtained":[{"floor":7,"key":"Blood Vial"},{"floor":9,"key":"MawBank"}],"event_choices":[{"damage_healed":0,"gold_gain":0,"player_choice":"Donut","damage_taken":0,"max_hp_gain":5,"max_hp_loss":0,"event_name":"Big Fish","floor":4,"gold_loss":0},{"damage_healed":0,"gold_gain":0,"player_choice":"Fled","damage_taken":0,"max_hp_gain":0,"max_hp_loss":0,"event_name":"Scrap Ooze","floor":10,"gold_loss":0},{"damage_healed":0,"gold_gain":0,"player_choice":"Ignored","damage_taken":0,"max_hp_gain":0,"max_hp_loss":0,"event_name":"Golden Wing","floor":11,"gold_loss":0}],"is_beta":false,"boss_relics":[],"items_purged_floors":[],"is_endless":false,"potions_floor_spawned":[7],"killed_by":"Gremlin Nob","ascension_level":20}