{"gold_per_floor":[113,128,128,138,138,138,171,171,196,215,215,215,246,265,265,265],"floor_reached":16,"playtime":588,"items_purged":[],"score":220,"play_id":"cc4df668-a67b-40b8-be98-0b27befdd7e0","local_time":"20190829225414","is_ascension_mode":true,"campfire_choices":[{"data":"Sweeping Beam","floor":6,"key":"SMITH"},{"data":"Leap","floor":8,"key":"SMITH"},{"floor":11,"key":"REST"},{"floor":15,"key":"REST"}],"neow_cost":"NONE","seed_source_timestamp":928925689029500,"circlet_count":0,"master_deck":["AscendersBane","Strike_B","Strike_B","Strike_B","Strike_B","Defend_B","Defend_B","Defend_B","Defend_B","Zap+1","Dualcast","Compile Driver","Sweeping Beam+1","Leap+1","Go for the Eyes","Reinforced Body+1"],"relics":["Cracked Core","NeowsBlessing","Strawberry","Regal Pillow","Toxic Egg 2"],"potions_floor_usage":[7,13],"damage_taken":[{"damage":0,"enemies":"Jaw Worm","floor":1,"turns":1},{"damage":0,"enemies":"Cultist","floor":2,"turns":1},{"damage":0,"enemies":"2 Louse","floor":4,"turns":1},{"damage":27,"enemies":"Gremlin Nob","floor":7,"turns":4},{"damage":6,"enemies":"Looter","floor":10,"turns":2},{"damage":23,"enemies":"Lagavulin","floor":13,"turns":7},{"damage":5,"enemies":"3 Louse","floor":14,"turns":3},{"damage":56,"enemies":"The Guardian","floor":16,"turns":12}],"seed_played":"-6609900491402395894","potions_obtained":[{"floor":2,"key":"Weak Potion"},{"floor":7,"key":"Fire Potion"}],"is_trial":false,"path_per_floor":["M","M","?","M","?","R","E","R","T","M","R","?","E","M","R","B"],"character_chosen":"DEFECT","items_purchased":[],"campfire_rested":2,"item_purchase_floors":[],"current_hp_per_floor":[64,64,64,64,64,64,44,44,44,38,61,35,12,7,45,0],"gold":265,"neow_bonus":"THREE_ENEMY_KILL","is_prod":false,"is_daily":false,"chose_seed":false,"campfire_upgraded":2,"win_rate":0,"timestamp":1567115654,"path_taken":["M","M","?","?","?","R","E","R","T","M","R","?","E","M","R","BOSS"],"build_version":"2019-07-17","purchased_purges":0,"victory":false,"max_hp_per_floor":[71,71,71,71,71,71,78,78,78,78,78,78,78,78,78,78],"card_choices":[{"not_picked":["Redo","Go for the Eyes"],"picked":"Compile Driver","floor":1},{"not_picked":["Barrage","Beam Cell"],"picked":"Sweeping Beam","floor":2},{"not_picked":["Stack","Compile Driver","Double Energy"],"picked":"SKIP","floor":4},{"not_picked":["Double Energy","Rebound"],"picked":"Leap","floor":7},{"not_picked":["Double Energy","Heatsinks","Recycle"],"picked":"SKIP","floor":10},{"not_picked":["Sunder","Ball Lightning"],"picked":"Go for the Eyes","floor":13},{"not_picked":["Turbo+1","Force Field+1"],"picked":"Reinforced Body+1","floor":14}],"player_experience":1562895,"relics_obtained":[{"floor":7,"key":"Strawberry"},{"floor":13,"key":"Toxic Egg 2"}],"event_choices":[{"damage_healed":0,"gold_gain":0,"player_choice":"Upgraded","damage_taken":0,"max_hp_gain":0,"max_hp_loss":0,"event_name":"Upgrade Shrine","floor":3,"gold_loss":0,"cards_upgraded":["Zap"]},{"damage_healed":0,"gold_gain":0,"player_choice":"Ignored","damage_taken":0,"max_hp_gain":0,"max_hp_loss":0,"event_name":"Liars Game","floor":5,"gold_loss":0},{"damage_healed":0,"gold_gain":0,"player_choice":"Success","damage_taken":26,"relics_obtained":["Regal Pillow"],"max_hp_gain":0,"max_hp_loss":0,"event_name":"Scrap Ooze","floor":12,"gold_loss":0}],"is_beta":false,"boss_relics":[],"items_purged_floors":[],"is_endless":false,"potions_floor_spawned":[2,7],"killed_by":"The Guardian","ascension_level":20}