{"gold_per_floor":[119,119,1,1,15,46,46,82,137,137,170,188,202,202,202,202],"floor_reached":16,"playtime":743,"items_purged":[],"score":236,"play_id":"225251aa-2c09-4a2c-9b0a-ccf600d5c4ad","local_time":"20190831105259","is_ascension_mode":true,"campfire_choices":[{"floor":7,"key":"REST"},{"data":"Zap","floor":15,"key":"SMITH"}],"neow_cost":"NONE","seed_source_timestamp":1058297525778000,"circlet_count":0,"master_deck":["AscendersBane","Strike_B","Strike_B","Strike_B","Strike_B","Defend_B","Defend_B","Defend_B","Defend_B","Zap+1","Dualcast+1","Cold Snap+1","Sunder","Reinforced Body","Conserve Battery","Rip and Tear","Go for the Eyes","Glacier"],"relics":["Cracked Core","Golden Idol","Bag of Preparation","Singing Bowl","Tiny Chest","Blue Candle","Mummified Hand"],"potions_floor_usage":[11,16,16],"damage_taken":[{"damage":0,"enemies":"Cultist","floor":1,"turns":3},{"damage":6,"enemies":"2 Louse","floor":5,"turns":2},{"damage":20,"enemies":"Lagavulin","floor":6,"turns":7},{"damage":32,"enemies":"Gremlin Nob","floor":8,"turns":4},{"damage":7,"enemies":"Lagavulin","floor":11,"turns":6},{"damage":2,"enemies":"Jaw Worm","floor":12,"turns":2},{"damage":5,"enemies":"Exordium Wildlife","floor":13,"turns":3},{"damage":26,"enemies":"Hexaghost","floor":16,"turns":11}],"seed_played":"4903592520885765009","potions_obtained":[{"floor":6,"key":"SpeedPotion"},{"floor":8,"key":"Energy Potion"},{"floor":11,"key":"Weak Potion"}],"is_trial":false,"path_per_floor":["M","?","$","?","M","E","R","E","T","?","E","M","M","T","R","B"],"character_chosen":"DEFECT","items_purchased":["Sunder","Reinforced Body"],"campfire_rested":1,"item_purchase_floors":[3,3],"current_hp_per_floor":[71,71,71,50,44,24,45,13,13,36,31,31,26,26,26,0],"gold":202,"neow_bonus":"TEN_PERCENT_HP_BONUS","is_prod":false,"is_daily":false,"chose_seed":false,"campfire_upgraded":1,"win_rate":0,"timestamp":1567245179,"path_taken":["M","?","$","?","M","E","R","E","T","?","E","M","M","?","R","BOSS"],"build_version":"2019-07-17","purchased_purges":0,"victory":false,"max_hp_per_floor":[78,71,71,71,71,71,71,71,71,71,73,75,75,75,75,75],"card_choices":[{"not_picked":["Gash","Steam Power"],"picked":"Cold Snap","floor":1},{"not_picked":["Streamline","Redo"],"picked":"Conserve Battery","floor":5},{"not_picked":["Rebound","Turbo"],"picked":"Rip and Tear","floor":6},{"not_picked":["Rebound","Force Field"],"picked":"Go for the Eyes","floor":8},{"not_picked":["Double Energy","Skim","Rebound"],"picked":"Singing Bowl","floor":11},{"not_picked":["Go for the Eyes","Loop","Barrage"],"picked":"Singing Bowl","floor":12},{"not_picked":["Chill","Blizzard"],"picked":"Glacier","floor":13}],"player_experience":1575627,"relics_obtained":[{"floor":6,"key":"Bag of Preparation"},{"floor":8,"key":"Singing Bowl"},{"floor":9,"key":"Tiny Chest"},{"floor":11,"key":"Blue Candle"},{"floor":14,"key":"Mummified Hand"}],"event_choices":[{"damage_healed":0,"gold_gain":0,"player_choice":"Lose Max HP","damage_taken":0,"relics_obtained":["Golden Idol"],"max_hp_gain":0,"max_hp_loss":7,"event_name":"Golden Idol","floor":2,"gold_loss":0},{"damage_healed":0,"gold_gain":0,"player_choice":"Entered Light","damage_taken":21,"max_hp_gain":0,"max_hp_loss":0,"event_name":"Shining Light","floor":4,"gold_loss":0,"cards_upgraded":["Cold Snap","Dualcast"]},{"damage_healed":23,"gold_gain":0,"player_choice":"Banana","damage_taken":0,"max_hp_gain":0,"max_hp_loss":0,"event_name":"Big Fish","floor":10,"gold_loss":0}],"is_beta":false,"boss_relics":[],"items_purged_floors":[],"is_endless":false,"potions_floor_spawned":[6,8,11],"killed_by":"Hexaghost","ascension_level":20}