{"gold_per_floor":[113,130,130,143,163,163,180,180,207,237,237,270,270,301,301,375,375,390,406,321,196,196],"floor_reached":22,"playtime":982,"items_purged":["Strike_B"],"score":408,"play_id":"57babc2b-6b48-432b-a573-6299955c7f7a","local_time":"20190831113233","is_ascension_mode":true,"campfire_choices":[{"data":"Streamline","floor":6,"key":"SMITH"},{"floor":11,"key":"REST"},{"floor":13,"key":"REST"},{"floor":15,"key":"REST"}],"neow_cost":"NONE","seed_source_timestamp":1060433087218400,"circlet_count":0,"master_deck":["AscendersBane","Strike_B","Strike_B","Defend_B+1","Defend_B","Defend_B","Defend_B","Zap","Dualcast","Go for the Eyes","Compile Driver","Fusion+1","Streamline+1","Biased Cognition","Static Discharge","Doom and Gloom","Leap","Machine Learning","Meteor Strike","FTL+1","Conserve Battery"],"relics":["FrozenCore","NeowsBlessing","FaceOfCleric","Happy Flower","War Paint","Bag of Preparation","Shuriken","Turnip"],"potions_floor_usage":[12,22],"damage_taken":[{"damage":0,"enemies":"Jaw Worm","floor":1,"turns":1},{"damage":0,"enemies":"Cultist","floor":2,"turns":1},{"damage":0,"enemies":"Small Slimes","floor":4,"turns":1},{"damage":22,"enemies":"Gremlin Gang","floor":5,"turns":4},{"damage":5,"enemies":"Large Slime","floor":7,"turns":5},{"damage":20,"enemies":"Lagavulin","floor":10,"turns":6},{"damage":32,"enemies":"Gremlin Nob","floor":12,"turns":4},{"damage":8,"enemies":"3 Sentries","floor":14,"turns":6},{"damage":27,"enemies":"The Guardian","floor":16,"turns":8},{"damage":12,"enemies":"Chosen","floor":18,"turns":5},{"damage":43,"enemies":"3 Byrds","floor":19,"turns":4},{"damage":11,"enemies":"Sentry and Sphere","floor":22,"turns":2}],"seed_played":"5534544728448774598","potions_obtained":[{"floor":1,"key":"FearPotion"},{"floor":5,"key":"SpeedPotion"},{"floor":12,"key":"SpeedPotion"},{"floor":16,"key":"SteroidPotion"},{"floor":19,"key":"PowerPotion"}],"is_trial":false,"path_per_floor":["M","M","?","M","M","R","M","?","T","E","R","E","R","E","R","B",null,"M","M","?","$","M"],"character_chosen":"DEFECT","items_purchased":["Conserve Battery"],"campfire_rested":3,"item_purchase_floors":[21],"current_hp_per_floor":[64,64,64,64,42,42,37,37,37,18,39,8,29,22,44,18,61,50,8,8,8,0],"gold":196,"neow_bonus":"THREE_ENEMY_KILL","is_prod":false,"is_daily":false,"chose_seed":false,"campfire_upgraded":1,"win_rate":0,"timestamp":1567247553,"path_taken":["M","M","?","?","M","R","M","?","T","E","R","E","R","E","R","BOSS","M","?","?","$","M"],"build_version":"2019-07-17","purchased_purges":1,"victory":false,"max_hp_per_floor":[71,71,71,71,71,71,71,71,71,72,72,73,73,74,74,75,75,76,77,77,77,77],"card_choices":[{"not_picked":["Aggregate","Streamline"],"picked":"Go for the Eyes","floor":1},{"not_picked":["Conserve Battery","Tempest"],"picked":"Compile Driver","floor":2},{"not_picked":["Loop","Blizzard"],"picked":"Streamline","floor":4},{"not_picked":["Storm","Lockon"],"picked":"Biased Cognition","floor":5},{"not_picked":["Coolheaded","Barrage"],"picked":"Static Discharge","floor":7},{"not_picked":["Force Field","Stack"],"picked":"Doom and Gloom","floor":10},{"not_picked":["Storm","Loop"],"picked":"Leap","floor":12},{"not_picked":["Turbo","Hologram"],"picked":"Machine Learning","floor":14},{"not_picked":["Hyperbeam","Creative AI"],"picked":"Meteor Strike","floor":16},{"not_picked":["Streamline","Consume","Melter"],"picked":"SKIP","floor":18},{"not_picked":["Stack","Lockon"],"picked":"FTL+1","floor":19}],"player_experience":1577629,"relics_obtained":[{"floor":9,"key":"Happy Flower"},{"floor":10,"key":"War Paint"},{"floor":12,"key":"Bag of Preparation"},{"floor":14,"key":"Shuriken"}],"event_choices":[{"damage_healed":0,"gold_gain":0,"cards_transformed":["Strike_B"],"player_choice":"Transformed","damage_taken":0,"max_hp_gain":0,"max_hp_loss":0,"event_name":"Transmorgrifier","floor":3,"gold_loss":0,"cards_obtained":["Fusion"]},{"damage_healed":0,"gold_gain":0,"player_choice":"Trade","damage_taken":0,"relics_obtained":["FaceOfCleric"],"max_hp_gain":0,"max_hp_loss":0,"event_name":"FaceTrader","floor":8,"gold_loss":0},{"damage_healed":0,"gold_gain":0,"player_choice":"Obtained Relic","damage_taken":0,"relics_obtained":["Turnip"],"max_hp_gain":0,"max_hp_loss":0,"event_name":"Addict","floor":20,"gold_loss":85}],"is_beta":false,"boss_relics":[{"not_picked":["Calling Bell","Lizard Tail"],"picked":"FrozenCore"}],"items_purged_floors":[21],"is_endless":false,"potions_floor_spawned":[1,5,12,14,16,19],"killed_by":"Sentry and Sphere","ascension_level":20}