{"gold_per_floor":[109,119,129,142,142,142,169,169,169,183,215,215,215,31,31,103,103,115,40,50,50,50,50,61,61,61,92,120,142,154,166,178,266,278,308,72,89,17,30,56,56,90,115,132,132,166,184,31,31,31,31],"floor_reached":52,"playtime":4875,"items_purged":["Strike_B","Reprogram"],"score":1915,"play_id":"a5e53f90-b777-4809-a39f-916936733941","local_time":"20190907105114","is_ascension_mode":true,"campfire_choices":[{"data":"Self Repair","floor":6,"key":"SMITH"},{"data":"Defragment","floor":8,"key":"SMITH"},{"data":"Undo","floor":12,"key":"SMITH"},{"data":"Ball Lightning","floor":15,"key":"SMITH"},{"floor":23,"key":"RECALL"},{"floor":25,"key":"REST"},{"floor":30,"key":"REST"},{"floor":32,"key":"REST"},{"floor":41,"key":"REST"},{"floor":45,"key":"REST"},{"floor":49,"key":"REST"}],"neow_cost":"NONE","seed_source_timestamp":1658856914663600,"circlet_count":0,"master_deck":["AscendersBane","Zap+1","Dualcast","Cold Snap","Undo+1","Self Repair+1","Defragment+1","Defragment+1","Ball Lightning+1","Creative AI+1","Ball Lightning","Conserve Battery","Reprogram","Echo Form","White Noise","Defragment","Loop","Leap","Coolheaded","Defragment","Glacier","Glacier","Reboot","Stack+1","Buffer"],"relics":["Cracked Core","Bottled Lightning","Bird Faced Urn","Thread and Needle","Fusion Hammer","Symbiotic Virus","MawBank","Pandora\u0027s Box","Question Card","Blood Vial","Gremlin Horn","Potion Belt","Letter Opener"],"potions_floor_usage":[11,16,24,27,27,28,40,46,47],"damage_taken":[{"damage":0,"enemies":"Cultist","floor":1,"turns":3},{"damage":3,"enemies":"2 Louse","floor":2,"turns":3},{"damage":0,"enemies":"Small Slimes","floor":3,"turns":2},{"damage":6,"enemies":"Blue Slaver","floor":4,"turns":5},{"damage":10,"enemies":"Lagavulin","floor":7,"turns":8},{"damage":5,"enemies":"Looter","floor":10,"turns":5},{"damage":24,"enemies":"Gremlin Nob","floor":11,"turns":4},{"damage":2,"enemies":"Slime Boss","floor":16,"turns":7},{"damage":21,"enemies":"2 Thieves","floor":18,"turns":4},{"damage":0,"enemies":"Spheric Guardian","floor":20,"turns":4},{"damage":12,"enemies":"3 Cultists","floor":24,"turns":5},{"damage":73,"enemies":"Slavers","floor":27,"turns":6},{"damage":16,"enemies":"Snake Plant","floor":28,"turns":4},{"damage":18,"enemies":"Cultist and Chosen","floor":29,"turns":7},{"damage":64,"enemies":"Collector","floor":33,"turns":14},{"damage":20,"enemies":"3 Shapes","floor":35,"turns":3},{"damage":7,"enemies":"Orb Walker","floor":37,"turns":6},{"damage":36,"enemies":"Sphere and 2 Shapes","floor":39,"turns":5},{"damage":4,"enemies":"Nemesis","floor":40,"turns":7},{"damage":0,"enemies":"Giant Head","floor":42,"turns":14},{"damage":79,"enemies":"Transient","floor":44,"turns":6},{"damage":47,"enemies":"Nemesis","floor":46,"turns":7},{"damage":0,"enemies":"Writhing Mass","floor":47,"turns":11},{"damage":36,"enemies":"Donu and Deca","floor":50,"turns":12},{"damage":2,"enemies":"Time Eater","floor":51,"turns":19}],"seed_played":"5324490084524367758","potions_obtained":[{"floor":2,"key":"Explosive Potion"},{"floor":7,"key":"SteroidPotion"},{"floor":20,"key":"Regen Potion"},{"floor":24,"key":"Fire Potion"},{"floor":27,"key":"Block Potion"},{"floor":33,"key":"Weak Potion"},{"floor":35,"key":"FearPotion"},{"floor":44,"key":"GamblersBrew"},{"floor":46,"key":"SkillPotion"}],"is_trial":false,"path_per_floor":["M","M","M","M","?","R","E","R","T","M","E","R","$","$","R","B",null,"M","?","M","?","?","R","M","R","T","E","M","M","R","?","R","B",null,"M","$","M","?","M","E","R","E","T","M","R","E","M","$","R","B","B",null],"character_chosen":"DEFECT","items_purchased":["Ball Lightning","SteroidPotion","Leap","Coolheaded","Defragment","Buffer"],"campfire_rested":6,"item_purchase_floors":[14,14,36,36,36,48],"current_hp_per_floor":[64,61,61,62,62,62,62,62,62,71,61,61,61,61,61,71,71,64,64,71,51,51,51,57,76,76,39,45,55,76,76,76,50,70,64,64,76,76,52,76,76,76,76,21,43,38,76,76,76,76,76],"gold":31,"neow_bonus":"UPGRADE_CARD","is_prod":false,"is_daily":false,"chose_seed":false,"campfire_upgraded":4,"win_rate":0,"timestamp":1567849874,"path_taken":["M","M","M","?","?","R","E","R","T","M","E","R","?","$","R","BOSS","M","?","M","?","?","R","M","R","T","E","M","?","R","?","R","BOSS","M","$","?","?","M","E","R","E","T","M","R","E","M","$","R","BOSS","BOSS"],"build_version":"2019-07-17","purchased_purges":2,"victory":true,"max_hp_per_floor":[71,71,71,71,71,71,71,71,71,71,71,71,71,71,71,71,71,71,71,71,76,76,76,76,76,76,76,76,76,76,76,76,76,76,76,76,76,76,76,76,76,76,76,76,76,76,76,76,76,76,76],"card_choices":[{"not_picked":["Leap","Steam Power"],"picked":"Cold Snap","floor":1},{"not_picked":["Gash","Rebound"],"picked":"Undo","floor":2},{"not_picked":["Turbo","Consume"],"picked":"Self Repair","floor":3},{"not_picked":["Leap","Rebound"],"picked":"Defragment","floor":4},{"not_picked":["Core Surge","Streamline"],"picked":"Defragment","floor":7},{"not_picked":["Fusion","Recycle","Skim"],"picked":"SKIP","floor":10},{"not_picked":["Reprogram","Redo","Leap"],"picked":"SKIP","floor":11},{"not_picked":["Multi-Cast","Seek"],"picked":"Creative AI","floor":16},{"not_picked":["Steam","Turbo"],"picked":"Ball Lightning","floor":18},{"not_picked":["Streamline+1","White Noise","Recycle"],"picked":"SKIP","floor":20},{"not_picked":["Barrage","Ball Lightning","Beam Cell"],"picked":"SKIP","floor":24},{"not_picked":["Stack","Sweeping Beam","Double Energy"],"picked":"SKIP","floor":27},{"not_picked":["Barrage","Rip and Tear","Lockon"],"picked":"SKIP","floor":28},{"not_picked":["Barrage","Compile Driver"],"picked":"Conserve Battery","floor":29},{"not_picked":["Ball Lightning","Chill","Blizzard"],"picked":"SKIP","floor":35},{"not_picked":["Stack","FTL"],"picked":"Glacier","floor":37},{"not_picked":["BootSequence","Cold Snap","Hologram"],"picked":"Glacier","floor":39},{"not_picked":["Barrage","Steam+1","Turbo"],"picked":"Reboot","floor":40},{"not_picked":["Cold Snap","Biased Cognition","Hologram","Turbo"],"picked":"SKIP","floor":42},{"not_picked":["Defragment","Stack","Scrape","Lockon+1"],"picked":"SKIP","floor":44},{"not_picked":["Buffer","Ball Lightning","Coolheaded"],"picked":"Stack+1","floor":46},{"not_picked":["Conserve Battery","Streamline","Go for the Eyes","Beam Cell"],"picked":"SKIP","floor":47}],"player_experience":1641241,"relics_obtained":[{"floor":7,"key":"Bottled Lightning"},{"floor":9,"key":"Bird Faced Urn"},{"floor":11,"key":"Thread and Needle"},{"floor":26,"key":"Symbiotic Virus"},{"floor":27,"key":"MawBank"},{"floor":40,"key":"Blood Vial"},{"floor":42,"key":"Gremlin Horn"},{"floor":43,"key":"Potion Belt"},{"floor":46,"key":"Letter Opener"}],"event_choices":[{"damage_healed":0,"gold_gain":0,"player_choice":"Upgraded","damage_taken":0,"max_hp_gain":0,"max_hp_loss":0,"event_name":"Upgrade Shrine","floor":5,"gold_loss":0,"cards_upgraded":["Defragment"]},{"cards_removed":["Strike_B"],"damage_healed":0,"gold_gain":0,"player_choice":"Gave Gold","damage_taken":0,"max_hp_gain":0,"max_hp_loss":0,"event_name":"Beggar","floor":19,"gold_loss":75},{"damage_healed":0,"gold_gain":0,"player_choice":"Shed Blood","damage_taken":25,"max_hp_gain":5,"max_hp_loss":0,"event_name":"Forgotten Altar","floor":21,"gold_loss":0},{"damage_healed":0,"gold_gain":0,"player_choice":"Ignored","damage_taken":0,"max_hp_gain":0,"max_hp_loss":0,"event_name":"Ghosts","floor":22,"gold_loss":0},{"damage_healed":0,"gold_gain":0,"player_choice":"Upgraded","damage_taken":0,"max_hp_gain":0,"max_hp_loss":0,"event_name":"Upgrade Shrine","floor":31,"gold_loss":0,"cards_upgraded":["Creative AI"]},{"damage_healed":0,"gold_gain":0,"player_choice":"Paid Gold","damage_taken":0,"relics_obtained":["Question Card"],"max_hp_gain":0,"max_hp_loss":0,"event_name":"WeMeetAgain","floor":38,"gold_loss":72}],"is_beta":false,"boss_relics":[{"not_picked":["FrozenCore","Runic Pyramid"],"picked":"Fusion Hammer"},{"not_picked":["Cursed Key","Tiny House"],"picked":"Pandora\u0027s Box"}],"items_purged_floors":[14,36],"is_endless":false,"potions_floor_spawned":[2,7,20,24,27,33,35,44,46],"ascension_level":20}