{"gold_per_floor":[119,129,147,8,8,8,8,8,32,60,40,52,84,21,21,21],"floor_reached":16,"playtime":783,"items_purged":[],"score":216,"play_id":"6109eb0f-9fa6-4935-9bb7-d9dc8b1ac811","local_time":"20190831002737","is_ascension_mode":true,"campfire_choices":[{"data":"Defragment","floor":6,"key":"SMITH"},{"data":"Zap","floor":8,"key":"SMITH"},{"floor":15,"key":"REST"}],"neow_cost":"NONE","seed_source_timestamp":1020735834525800,"circlet_count":0,"master_deck":["AscendersBane","Strike_B","Strike_B","Strike_B","Defend_B","Defend_B","Defend_B","Defend_B","Zap+1","Dualcast","Sweeping Beam","Gash","Coolheaded","Defragment+1","Capacitor","Hologram"],"relics":["Cracked Core","Centennial Puzzle","Question Card","Juzu Bracelet"],"potions_floor_usage":[13,13,16],"damage_taken":[{"damage":3,"enemies":"2 Louse","floor":1,"turns":3},{"damage":1,"enemies":"Cultist","floor":2,"turns":4},{"damage":7,"enemies":"Jaw Worm","floor":3,"turns":3},{"damage":24,"enemies":"3 Sentries","floor":10,"turns":6},{"damage":7,"enemies":"Looter","floor":12,"turns":3},{"damage":26,"enemies":"Gremlin Nob","floor":13,"turns":4},{"damage":32,"enemies":"The Guardian","floor":16,"turns":2}],"seed_played":"-4430317857509323583","potions_obtained":[{"floor":11,"key":"SkillPotion"},{"floor":13,"key":"AttackPotion"}],"is_trial":false,"path_per_floor":["M","M","M","$","?","R","$","R","T","E","?","M","E","?","R","B"],"character_chosen":"DEFECT","items_purchased":["Defragment","Strength Potion"],"campfire_rested":1,"item_purchase_floors":[4,4],"current_hp_per_floor":[61,60,53,53,58,58,58,58,58,34,34,27,1,1,23,0],"gold":21,"neow_bonus":"REMOVE_CARD","is_prod":false,"is_daily":false,"chose_seed":false,"campfire_upgraded":2,"win_rate":0,"timestamp":1567207657,"path_taken":["M","M","M","$","?","R","$","R","T","E","?","M","E","?","R","BOSS"],"build_version":"2019-07-17","purchased_purges":0,"victory":false,"max_hp_per_floor":[71,71,71,71,76,76,76,76,76,76,76,76,76,76,76,76],"card_choices":[{"not_picked":["Leap","Loop"],"picked":"Sweeping Beam","floor":1},{"not_picked":["Leap","Streamline"],"picked":"Gash","floor":2},{"not_picked":["BootSequence","Leap"],"picked":"Coolheaded","floor":3},{"not_picked":["Lockon","Amplify"],"picked":"Capacitor","floor":10},{"not_picked":["Turbo","Fusion","Redo"],"picked":"Hologram","floor":12},{"not_picked":["Redo","Turbo","Streamline","Beam Cell"],"picked":"SKIP","floor":13}],"player_experience":1571411,"relics_obtained":[{"floor":9,"key":"Centennial Puzzle"},{"floor":10,"key":"Question Card"},{"floor":13,"key":"Juzu Bracelet"}],"event_choices":[{"damage_healed":0,"gold_gain":0,"player_choice":"Donut","damage_taken":0,"max_hp_gain":5,"max_hp_loss":0,"event_name":"Big Fish","floor":5,"gold_loss":0},{"damage_healed":0,"gold_gain":0,"player_choice":"Bought 1 Potion","damage_taken":0,"max_hp_gain":0,"max_hp_loss":0,"event_name":"The Woman in Blue","floor":11,"gold_loss":0},{"damage_healed":0,"gold_gain":0,"player_choice":"Left Gold","damage_taken":0,"max_hp_gain":0,"max_hp_loss":0,"event_name":"World of Goop","floor":14,"gold_loss":63}],"is_beta":false,"boss_relics":[],"items_purged_floors":[],"is_endless":false,"potions_floor_spawned":[12,13],"killed_by":"The Guardian","ascension_level":20}