{"gold_per_floor":[110,129,129,149,16,16,30,58,83,138,138,138,50,50,50,129,129,149,165,65,83,93,93,93],"floor_reached":24,"playtime":1000,"items_purged":["Strike_B","Strike_B"],"score":492,"play_id":"c33b6fe3-c9f7-4080-a13a-c58c768f3391","local_time":"20190906225302","is_ascension_mode":true,"campfire_choices":[{"data":"Zap","floor":6,"key":"SMITH"},{"floor":12,"key":"REST"},{"data":"Sweeping Beam","floor":15,"key":"SMITH"},{"floor":23,"key":"REST"}],"neow_cost":"TEN_PERCENT_HP_LOSS","seed_source_timestamp":1619646114209300,"circlet_count":0,"master_deck":["AscendersBane","Strike_B","Strike_B","Defend_B","Defend_B","Defend_B","Defend_B","Zap+1","Dualcast","All For One","Sweeping Beam+1","Static Discharge","Sweeping Beam+1","Beam Cell","Glacier","FTL","Creative AI","Hologram","Conserve Battery"],"relics":["Cracked Core","Vajra","Strawberry","Black Star"],"potions_floor_usage":[8,16,19,21,24,24],"damage_taken":[{"damage":3,"enemies":"Small Slimes","floor":1,"turns":3},{"damage":2,"enemies":"Jaw Worm","floor":2,"turns":3},{"damage":3,"enemies":"2 Louse","floor":4,"turns":3},{"damage":6,"enemies":"Lots of Slimes","floor":7,"turns":2},{"damage":44,"enemies":"Gremlin Nob","floor":8,"turns":4},{"damage":0,"enemies":"Slime Boss","floor":16,"turns":6},{"damage":3,"enemies":"3 Byrds","floor":18,"turns":4},{"damage":29,"enemies":"2 Thieves","floor":19,"turns":3},{"damage":7,"enemies":"Chosen and Byrds","floor":21,"turns":5},{"damage":11,"enemies":"3 Cultists","floor":22,"turns":4},{"damage":37,"enemies":"Slavers","floor":24,"turns":2}],"seed_played":"7535359028190178092","potions_obtained":[{"floor":2,"key":"FocusPotion"},{"floor":4,"key":"SkillPotion"},{"floor":8,"key":"Block Potion"},{"floor":16,"key":"Block Potion"},{"floor":21,"key":"FocusPotion"},{"floor":22,"key":"LiquidBronze"}],"is_trial":false,"path_per_floor":["M","M","?","M","$","R","M","E","T","?","?","R","$","?","R","B",null,"M","M","$","M","M","R","E"],"character_chosen":"DEFECT","items_purchased":["Sweeping Beam","FTL"],"campfire_rested":2,"item_purchase_floors":[5,13],"current_hp_per_floor":[61,59,59,56,56,56,50,6,13,13,13,34,34,34,34,34,62,59,30,30,23,12,33,0],"gold":93,"neow_bonus":"THREE_RARE_CARDS","is_prod":false,"is_daily":false,"chose_seed":false,"campfire_upgraded":2,"win_rate":0,"timestamp":1567806782,"path_taken":["M","M","?","M","$","R","M","E","T","?","?","R","$","?","R","BOSS","M","M","$","M","?","R","E"],"build_version":"2019-07-17","purchased_purges":2,"victory":false,"max_hp_per_floor":[64,64,64,64,64,64,64,64,71,71,71,71,71,71,71,71,71,71,71,71,71,71,71,71],"card_choices":[{"not_picked":["Seek","Meteor Strike"],"picked":"All For One","floor":0},{"not_picked":["Beam Cell","Static Discharge"],"picked":"Sweeping Beam","floor":1},{"not_picked":["Barrage","Recycle","Consume"],"picked":"SKIP","floor":2},{"not_picked":["Skim","Force Field"],"picked":"Static Discharge","floor":4},{"not_picked":["Redo","Consume"],"picked":"Beam Cell","floor":7},{"not_picked":["Tempest","Doom and Gloom"],"picked":"Glacier","floor":8},{"not_picked":["Seek","Hyperbeam"],"picked":"Creative AI","floor":16},{"not_picked":["Undo","Force Field"],"picked":"Hologram","floor":18},{"not_picked":["Cold Snap","Barrage"],"picked":"Conserve Battery","floor":19},{"not_picked":["Force Field","Double Energy","Undo"],"picked":"SKIP","floor":21},{"not_picked":["Barrage","Stack","Hologram"],"picked":"SKIP","floor":22}],"player_experience":1637288,"relics_obtained":[{"floor":8,"key":"Vajra"},{"floor":9,"key":"Strawberry"}],"event_choices":[{"damage_healed":0,"gold_gain":0,"player_choice":"Ignored","damage_taken":0,"max_hp_gain":0,"max_hp_loss":0,"event_name":"Liars Game","floor":3,"gold_loss":0},{"damage_healed":0,"gold_gain":55,"player_choice":"Gained Gold","damage_taken":0,"max_hp_gain":0,"max_hp_loss":0,"event_name":"Golden Wing","floor":10,"gold_loss":0},{"damage_healed":0,"gold_gain":0,"player_choice":"Ignored","damage_taken":0,"max_hp_gain":0,"max_hp_loss":0,"event_name":"Shining Light","floor":11,"gold_loss":0},{"damage_healed":0,"gold_gain":0,"player_choice":"Upgraded","damage_taken":0,"max_hp_gain":0,"max_hp_loss":0,"event_name":"Upgrade Shrine","floor":14,"gold_loss":0,"cards_upgraded":["Sweeping Beam"]}],"is_beta":false,"boss_relics":[{"not_picked":["White Beast Statue","Eternal Feather"],"picked":"Black Star"}],"items_purged_floors":[5,20],"is_endless":false,"potions_floor_spawned":[2,4,8,16,21,22],"killed_by":"Slavers","ascension_level":20}