{"gold_per_floor":[110,123,123,138,156,156,169,169,169,169,213,3,3,19,19,112,175,190,87,87,87,44,44,87,87,114,128,128,146,181,204,204,204],"floor_reached":33,"playtime":1826,"items_purged":["Strike_B","Defend_B"],"score":570,"play_id":"f0d7bf85-87c0-4865-871e-98d10d50095f","local_time":"20190901002920","is_ascension_mode":true,"campfire_choices":[{"data":"Defragment","floor":6,"key":"SMITH"},{"data":"Zap","floor":8,"key":"SMITH"},{"floor":10,"key":"REST"},{"floor":15,"key":"REST"},{"data":"Defragment","floor":23,"key":"SMITH"},{"data":"Electrodynamics","floor":25,"key":"SMITH"},{"floor":28,"key":"REST"},{"floor":32,"key":"REST"}],"neow_cost":"NONE","seed_source_timestamp":1106135651092000,"circlet_count":0,"master_deck":["AscendersBane","Strike_B","Strike_B","Strike_B+1","Defend_B","Defend_B","Defend_B","Zap+1","Dualcast","Defragment+1","Compile Driver","Genetic Algorithm","Sweeping Beam","Cold Snap","Cold Snap","Defragment+1","Glacier","Hologram","Rainbow","Sunder","Glacier","Defragment+1","Electrodynamics+1","Loop","Reinforced Body","Self Repair+1"],"special_seed":0,"relics":["Cracked Core","Centennial Puzzle","Golden Idol","DataDisk","Smiling Mask","Tiny House","Bottled Lightning","Anchor","Art of War"],"potions_floor_usage":[5,5,7,24,24,29,33],"damage_taken":[{"damage":4.0,"enemies":"Small Slimes","floor":1.0,"turns":3.0},{"damage":0.0,"enemies":"2 Louse","floor":2.0,"turns":3.0},{"damage":1.0,"enemies":"Cultist","floor":4.0,"turns":3.0},{"damage":26,"enemies":"Exordium Thugs","floor":5,"turns":3},{"damage":7,"enemies":"Large Slime","floor":7,"turns":4},{"damage":20,"enemies":"3 Sentries","floor":11,"turns":6},{"damage":15,"enemies":"Exordium Wildlife","floor":14,"turns":4},{"damage":18,"enemies":"Slime Boss","floor":16,"turns":11},{"damage":14,"enemies":"2 Thieves","floor":18,"turns":5},{"damage":7,"enemies":"Book of Stabbing","floor":24,"turns":6},{"damage":0,"enemies":"3 Byrds","floor":27,"turns":2},{"damage":18,"enemies":"Cultist and Chosen","floor":29,"turns":4},{"damage":34,"enemies":"Gremlin Leader","floor":30,"turns":6},{"damage":0,"enemies":"Snecko","floor":31,"turns":7},{"damage":31,"enemies":"Automaton","floor":33,"turns":12}],"seed_played":"-8757869924186750786","potions_obtained":[{"floor":2.0,"key":"FocusPotion"},{"floor":4.0,"key":"Explosive Potion"},{"floor":5,"key":"AttackPotion"},{"floor":17,"key":"Block Potion"},{"floor":24,"key":"Explosive Potion"},{"floor":30,"key":"FearPotion"},{"floor":31,"key":"FocusPotion"}],"is_trial":false,"path_per_floor":["M","M","?","M","M","R","M","R","T","R","E","$","?","M","R","B",null,"M","$","?","?","$","R","E","R","T","M","R","M","E","M","R","B"],"character_chosen":"DEFECT","items_purchased":["Defragment","Glacier","PowerPotion","Defragment"],"campfire_rested":4,"item_purchase_floors":[12,12,19,22],"current_hp_per_floor":[60,60,60,59,33,33,26,26,26,45,25,25,25,10,29,11,56,42,42,42,42,42,42,35,35,35,35,55,37,3,3,23,0],"gold":204,"neow_bonus":"RANDOM_COMMON_RELIC","is_prod":false,"is_daily":false,"chose_seed":false,"campfire_upgraded":4,"win_rate":0,"timestamp":1567294160,"path_taken":["M","M","?","M","M","R","M","R","T","R","E","$","?","?","R","BOSS","M","$","?","?","?","R","E","R","T","M","R","M","E","M","R","BOSS"],"build_version":"2019-07-17","purchased_purges":2,"victory":false,"max_hp_per_floor":[71,71,64,64,64,64,64,64,64,64,64,64,64,64,64,64,69,69,69,69,69,69,69,69,69,69,69,69,69,69,69,69,69],"card_choices":[{"not_picked":["Stack","Sweeping Beam"],"picked":"Defragment","floor":1.0},{"not_picked":["Reinforced Body","Beam Cell"],"picked":"Compile Driver","floor":2.0},{"not_picked":["Hologram","Steam Power"],"picked":"Genetic Algorithm","floor":4.0},{"not_picked":["Sunder","Compile Driver"],"picked":"Sweeping Beam","floor":5},{"not_picked":["Reboot","Sunder"],"picked":"Cold Snap","floor":7},{"not_picked":["Streamline","Fusion"],"picked":"Cold Snap","floor":11},{"not_picked":["Beam Cell","Barrage"],"picked":"Hologram","floor":14},{"not_picked":["Meteor Strike","Thunder Strike"],"picked":"Rainbow","floor":16},{"not_picked":["Reprogram","Scrape"],"picked":"Sunder","floor":17},{"not_picked":["Turbo","Cold Snap"],"picked":"Glacier","floor":18},{"not_picked":["Cold Snap","Hologram"],"picked":"Electrodynamics","floor":24},{"not_picked":["Compile Driver","Conserve Battery"],"picked":"Loop","floor":27},{"not_picked":["Compile Driver","Aggregate"],"picked":"Reinforced Body","floor":29},{"not_picked":["Heatsinks","Coolheaded","Compile Driver"],"picked":"SKIP","floor":30},{"not_picked":["Loop","Reinforced Body"],"picked":"Self Repair+1","floor":31}],"player_experience":1582097,"relics_obtained":[{"floor":9,"key":"DataDisk"},{"floor":11,"key":"Smiling Mask"},{"floor":24,"key":"Bottled Lightning"},{"floor":26,"key":"Anchor"},{"floor":30,"key":"Art of War"}],"event_choices":[{"damage_healed":0.0,"max_hp_gain":0.0,"max_hp_loss":7.0,"gold_gain":0.0,"event_name":"Golden Idol","player_choice":"Lose Max HP","floor":3.0,"gold_loss":0.0,"damage_taken":0.0,"relics_obtained":["Golden Idol"]},{"damage_healed":0,"gold_gain":0,"player_choice":"Upgraded","damage_taken":0,"max_hp_gain":0,"max_hp_loss":0,"event_name":"Upgrade Shrine","floor":13,"gold_loss":0,"cards_upgraded":["Defragment"]},{"damage_healed":0,"gold_gain":0,"player_choice":"Ignored","damage_taken":0,"max_hp_gain":0,"max_hp_loss":0,"event_name":"The Mausoleum","floor":20,"gold_loss":0},{"damage_healed":0,"gold_gain":0,"player_choice":"Ignored","damage_taken":0,"max_hp_gain":0,"max_hp_loss":0,"event_name":"Beggar","floor":21,"gold_loss":0}],"is_beta":false,"boss_relics":[{"not_picked":["Ectoplasm","Runic Dome"],"picked":"Tiny House"}],"items_purged_floors":[12,19],"is_endless":false,"potions_floor_spawned":[2,4,5,24,30,31],"killed_by":"Automaton","ascension_level":20}