{"gold_per_floor":[114,132,132,282,306,332,332,366,415,415,425,425,485,501,501,575,575,593,69,69,69,84,111,111,138,219,219],"floor_reached":27,"playtime":1671,"items_purged":[],"score":514,"play_id":"4e826e5c-2be8-4f97-9c59-9319774c7a7d","local_time":"20190904230637","is_ascension_mode":true,"campfire_choices":[{"data":"Zap","floor":7.0,"key":"SMITH"},{"data":"Self Repair","floor":10.0,"key":"SMITH"},{"data":"Doom and Gloom","floor":12.0,"key":"SMITH"},{"data":"Fission","floor":15.0,"key":"SMITH"},{"data":"Buffer","floor":24,"key":"SMITH"}],"neow_cost":"NONE","seed_source_timestamp":1446902486325100,"circlet_count":0,"master_deck":["AscendersBane","Strike_B+1","Strike_B","Strike_B","Strike_B","Defend_B","Defend_B+1","Defend_B","Zap+1","Dualcast","Self Repair+1","FTL+1","Cold Snap","Self Repair","Doom and Gloom+1","Steam","Fission+1","Buffer+1","Conserve Battery+1","Darkness","Compile Driver"],"special_seed":0,"relics":["FrozenCore","Omamori","Whetstone","Mummified Hand","Incense Burner","Vajra","Bottled Flame","Runic Capacitor","Shuriken","War Paint","Pantograph","Bottled Tornado"],"potions_floor_usage":[22,23,25],"damage_taken":[{"damage":2.0,"enemies":"Jaw Worm","floor":1.0,"turns":4.0},{"damage":4.0,"enemies":"Small Slimes","floor":2.0,"turns":3.0},{"damage":25.0,"enemies":"Lagavulin","floor":6.0,"turns":7.0},{"damage":26.0,"enemies":"Gremlin Nob","floor":8.0,"turns":4.0},{"damage":7.0,"enemies":"2 Louse","floor":11.0,"turns":3.0},{"damage":8.0,"enemies":"3 Sentries","floor":13.0,"turns":3.0},{"damage":3.0,"enemies":"2 Fungi Beasts","floor":14.0,"turns":3.0},{"damage":32,"enemies":"The Guardian","floor":16,"turns":10},{"damage":6,"enemies":"3 Byrds","floor":18,"turns":5},{"damage":12,"enemies":"Shell Parasite","floor":22,"turns":7},{"damage":38,"enemies":"Book of Stabbing","floor":23,"turns":6},{"damage":31,"enemies":"Gremlin Leader","floor":25,"turns":8},{"damage":36,"enemies":"Book of Stabbing","floor":27,"turns":4}],"seed_played":"6230934210492317832","potions_obtained":[{"floor":6.0,"key":"Explosive Potion"},{"floor":11.0,"key":"FearPotion"},{"floor":14.0,"key":"SmokeBomb"},{"floor":16,"key":"Regen Potion"},{"floor":22,"key":"Energy Potion"}],"is_trial":false,"path_per_floor":["M","M","?","?","T","E","R","E","T","R","M","R","?","M","R","B",null,"M","$","?","$","M","E","R","E","T","E"],"character_chosen":"DEFECT","items_purchased":["Runic Capacitor","Conserve Battery","Shuriken"],"campfire_rested":0,"item_purchase_floors":[19,19,19],"current_hp_per_floor":[62,65,58,58,58,40,40,21,21,21,31,31,40,47,47,32,61,71,71,51,51,71,50,50,36,36,0],"gold":219,"neow_bonus":"RANDOM_COMMON_RELIC","is_prod":false,"is_daily":false,"chose_seed":false,"campfire_upgraded":5,"win_rate":0,"timestamp":1567634797,"path_taken":["M","M","?","?","?","E","R","E","T","R","?","R","?","M","R","BOSS","M","$","?","$","M","E","R","E","T","E"],"build_version":"2019-07-17","purchased_purges":0,"victory":false,"max_hp_per_floor":[71,71,71,71,71,71,71,71,71,71,71,71,71,71,71,71,71,71,71,76,76,76,76,76,76,76,76],"card_choices":[{"not_picked":["Sweeping Beam","Streamline"],"picked":"Self Repair","floor":1.0},{"not_picked":["Conserve Battery","Auto Shields"],"picked":"FTL","floor":2.0},{"not_picked":["Recycle","Rebound"],"picked":"Cold Snap","floor":6.0},{"not_picked":["Steam Power","Steam"],"picked":"Self Repair","floor":8.0},{"not_picked":["Ball Lightning","Lockon"],"picked":"Doom and Gloom","floor":11.0},{"not_picked":["Storm","Streamline"],"picked":"Steam","floor":13.0},{"not_picked":["Recycle","Fusion"],"picked":"Fission","floor":14.0},{"not_picked":["Biased Cognition","Machine Learning"],"picked":"Buffer","floor":16},{"not_picked":["Scrape","Rebound","Storm"],"picked":"SKIP","floor":18},{"not_picked":["Force Field+1","Cold Snap","Steam"],"picked":"SKIP","floor":22},{"not_picked":["Redo","Skim"],"picked":"Darkness","floor":23},{"not_picked":["Skim","Loop"],"picked":"Compile Driver","floor":25}],"player_experience":1621475,"relics_obtained":[{"floor":5.0,"key":"Whetstone"},{"floor":6.0,"key":"Mummified Hand"},{"floor":8.0,"key":"Incense Burner"},{"floor":9.0,"key":"Vajra"},{"floor":13.0,"key":"Bottled Flame"},{"floor":23,"key":"War Paint"},{"floor":25,"key":"Pantograph"},{"floor":26,"key":"Bottled Tornado"}],"event_choices":[{"cards_removed":["Defend_B"],"damage_healed":0.0,"max_hp_gain":0.0,"max_hp_loss":0.0,"gold_gain":0.0,"event_name":"Golden Wing","player_choice":"Card Removal","floor":3.0,"gold_loss":0.0,"damage_taken":7.0},{"damage_healed":0.0,"max_hp_gain":0.0,"max_hp_loss":0.0,"gold_gain":150.0,"event_name":"Liars Game","player_choice":"AGREE","floor":4.0,"gold_loss":0.0,"damage_taken":0.0,"cards_obtained":["Doubt"]},{"damage_healed":0.0,"max_hp_gain":0.0,"max_hp_loss":0.0,"gold_gain":30.0,"event_name":"Dead Adventurer","player_choice":"Searched \u00273\u0027 times","floor":13.0,"gold_loss":0.0,"damage_taken":0.0},{"damage_healed":0,"gold_gain":0,"player_choice":"Shed Blood","damage_taken":25,"max_hp_gain":5,"max_hp_loss":0,"event_name":"Forgotten Altar","floor":20,"gold_loss":0}],"is_beta":false,"boss_relics":[{"not_picked":["Calling Bell","Eternal Feather"],"picked":"FrozenCore"}],"items_purged_floors":[],"is_endless":false,"potions_floor_spawned":[6,11,14,16,22],"killed_by":"Book of Stabbing","ascension_level":20}