{"gold_per_floor":[116,116,126,17,35,35,50,50,99,117,117,128,141,170,170,241,241,259,274,302,302,302,302,330,341,417,417,417,27,46,59,59,148,160,190,202,225,157,157,157],"floor_reached":40,"playtime":3405,"items_purged":["Doubt"],"score":841,"play_id":"0748b01e-cc06-4ed1-bd89-9ca50a823271","local_time":"20190902202252","is_ascension_mode":true,"campfire_choices":[{"data":"Zap","floor":6.0,"key":"SMITH"},{"floor":8.0,"key":"DIG"},{"floor":11.0,"key":"DIG"},{"data":"Sweeping Beam","floor":15.0,"key":"SMITH"},{"floor":23.0,"key":"REST"},{"floor":27.0,"key":"REST"},{"floor":32,"key":"DIG"}],"neow_cost":"TEN_PERCENT_HP_LOSS","seed_source_timestamp":1262523401992700,"circlet_count":0,"master_deck":["AscendersBane","Defend_B","Defend_B","Defend_B","Defend_B","Zap+1","Dualcast","Leap","Capacitor","Sweeping Beam+1","White Noise","Ball Lightning","Ball Lightning","Undo","Biased Cognition","Coolheaded+1","Hologram+1","Go for the Eyes","Electrodynamics","Bite","Bite","Bite","Bite","Bite","Stack+1","Echo Form","Cold Snap","Thunder Strike","Reboot","Defragment"],"special_seed":0,"relics":["Cracked Core","Shovel","Ancient Tea Set","Lantern","Mercury Hourglass","Pantograph","Cursed Key","Red Mask","Regal Pillow","Cables","Matryoshka","Membership Card","MawBank","Velvet Choker","Omamori"],"potions_floor_usage":[30,31,33,40,40],"damage_taken":[{"damage":4.0,"enemies":"2 Louse","floor":1.0,"turns":2.0},{"damage":1.0,"enemies":"Cultist","floor":3.0,"turns":3.0},{"damage":8.0,"enemies":"Small Slimes","floor":5.0,"turns":4.0},{"damage":10.0,"enemies":"2 Fungi Beasts","floor":7.0,"turns":3.0},{"damage":2.0,"enemies":"Looter","floor":10.0,"turns":2.0},{"damage":6.0,"enemies":"Blue Slaver","floor":12.0,"turns":3.0},{"damage":7.0,"enemies":"Lots of Slimes","floor":13.0,"turns":2.0},{"damage":2.0,"enemies":"Gremlin Nob","floor":14.0,"turns":3.0},{"damage":47.0,"enemies":"Hexaghost","floor":16.0,"turns":8.0},{"damage":6.0,"enemies":"3 Byrds","floor":18.0,"turns":4.0},{"damage":31.0,"enemies":"Shell Parasite","floor":19.0,"turns":4.0},{"damage":7.0,"enemies":"Masked Bandits","floor":20.0,"turns":2.0},{"damage":10.0,"enemies":"Gremlin Leader","floor":24.0,"turns":5.0},{"damage":24.0,"enemies":"3 Cultists","floor":25.0,"turns":4.0},{"damage":6,"enemies":"Cultist and Chosen","floor":30,"turns":4},{"damage":8,"enemies":"Centurion and Healer","floor":31,"turns":8},{"damage":25,"enemies":"Automaton","floor":33,"turns":9},{"damage":34,"enemies":"3 Darklings","floor":35,"turns":7},{"damage":11,"enemies":"3 Shapes","floor":37,"turns":3},{"damage":29,"enemies":"Reptomancer","floor":40,"turns":2}],"seed_played":"4064540288267731163","potions_obtained":[{"floor":5.0,"key":"Fire Potion"},{"floor":14.0,"key":"AttackPotion"},{"floor":18.0,"key":"Strength Potion"},{"floor":19.0,"key":"Dexterity Potion"},{"floor":30,"key":"SkillPotion"},{"floor":31,"key":"SteroidPotion"},{"floor":37,"key":"FocusPotion"}],"is_trial":false,"path_per_floor":["M","?","M","$","M","R","M","R","T","M","R","M","M","E","R","B",null,"M","M","?","?","?","R","E","M","T","R","?","$","M","M","R","B",null,"M","$","M","$","?","E"],"character_chosen":"DEFECT","items_purchased":["Sweeping Beam","Fire Potion","Membership Card","Echo Form","Block Potion","Block Potion","Omamori"],"campfire_rested":2,"item_purchase_floors":[4,4,29,29,29,29,38],"current_hp_per_floor":[60,60,59,59,51,51,41,41,41,39,39,33,26,24,24,2,49,43,12,5,5,5,18,20,4,4,32,32,32,34,44,44,29,40,20,20,15,15,15,0],"gold":157,"neow_bonus":"ONE_RARE_RELIC","is_prod":false,"is_daily":false,"chose_seed":false,"campfire_upgraded":2,"win_rate":0,"timestamp":1567452172,"path_taken":["M","?","M","?","M","R","M","R","T","M","R","?","M","E","R","BOSS","M","M","?","?","?","R","E","?","T","R","?","$","?","M","R","BOSS","M","?","M","$","?","E"],"build_version":"2019-07-17","purchased_purges":1,"victory":false,"max_hp_per_floor":[64,64,64,64,64,64,64,64,64,64,64,64,64,64,64,64,64,64,64,64,64,44,44,44,44,44,44,44,44,44,44,44,44,44,44,44,44,44,42,42],"card_choices":[{"not_picked":["Hologram","Turbo"],"picked":"Leap","floor":1.0},{"not_picked":["Go for the Eyes","Hello World"],"picked":"Capacitor","floor":3.0},{"not_picked":["Chaos","Barrage"],"picked":"White Noise","floor":5.0},{"not_picked":["Beam Cell","Redo"],"picked":"Ball Lightning","floor":7.0},{"not_picked":["Sweeping Beam","Redo"],"picked":"Ball Lightning","floor":10.0},{"not_picked":["Barrage","Reinforced Body","Sunder"],"picked":"SKIP","floor":12.0},{"not_picked":["Capacitor","Skim","Stack"],"picked":"SKIP","floor":13.0},{"not_picked":["Stack","Streamline"],"picked":"Undo","floor":14.0},{"not_picked":["Seek","Buffer"],"picked":"Biased Cognition","floor":16.0},{"not_picked":["Cold Snap","Hologram"],"picked":"Coolheaded+1","floor":18.0},{"not_picked":["Gash","Steam+1"],"picked":"Hologram+1","floor":19.0},{"not_picked":["Rebound","Stack"],"picked":"Go for the Eyes","floor":20.0},{"not_picked":["Reinforced Body","Rebound","Steam Power"],"picked":"SKIP","floor":24.0},{"not_picked":["Rebound","Skim"],"picked":"Stack+1","floor":25.0},{"not_picked":["Chaos","Redo"],"picked":"Cold Snap","floor":30},{"not_picked":["Self Repair","Cold Snap"],"picked":"Thunder Strike","floor":31},{"not_picked":["Multi-Cast","All For One"],"picked":"Reboot","floor":33},{"not_picked":["Gash","Storm"],"picked":"Defragment","floor":35},{"not_picked":["Beam Cell","Darkness","Hello World"],"picked":"SKIP","floor":37}],"player_experience":1602289,"relics_obtained":[{"floor":8.0,"key":"Ancient Tea Set"},{"floor":9.0,"key":"Lantern"},{"floor":11.0,"key":"Mercury Hourglass"},{"floor":14.0,"key":"Pantograph"},{"floor":20.0,"key":"Red Mask"},{"floor":24.0,"key":"Regal Pillow"},{"floor":26.0,"key":"Cables"},{"floor":28.0,"key":"Matryoshka"},{"floor":32,"key":"MawBank"}],"event_choices":[{"damage_healed":0.0,"max_hp_gain":0.0,"max_hp_loss":0.0,"gold_gain":0.0,"event_name":"FaceTrader","player_choice":"Leave","floor":2.0,"gold_loss":0.0,"damage_taken":0.0},{"damage_healed":0.0,"max_hp_gain":0.0,"max_hp_loss":0.0,"gold_gain":0.0,"event_name":"Masked Bandits","player_choice":"Fought Bandits","floor":20.0,"gold_loss":0.0,"damage_taken":0.0},{"damage_healed":0.0,"max_hp_gain":0.0,"max_hp_loss":0.0,"gold_gain":0.0,"event_name":"The Library","player_choice":"Read","floor":21.0,"gold_loss":0.0,"damage_taken":0.0,"cards_obtained":["Electrodynamics"]},{"damage_healed":0.0,"max_hp_gain":0.0,"max_hp_loss":20.0,"gold_gain":0.0,"event_name":"Vampires","player_choice":"Became a vampire","floor":22.0,"gold_loss":0.0,"damage_taken":0.0,"cards_obtained":["Bite","Bite","Bite","Bite","Bite"]},{"damage_healed":0.0,"max_hp_gain":0.0,"max_hp_loss":0.0,"gold_gain":0.0,"event_name":"Wheel of Change","player_choice":"Relic","floor":28.0,"gold_loss":0.0,"damage_taken":0.0},{"damage_healed":0,"gold_gain":0,"player_choice":"Max HP","damage_taken":0,"max_hp_gain":0,"max_hp_loss":2,"event_name":"Winding Halls","floor":39,"gold_loss":0}],"is_beta":false,"boss_relics":[{"not_picked":["Philosopher\u0027s Stone","Runic Pyramid"],"picked":"Cursed Key"},{"not_picked":["Orrery","Tiny House"],"picked":"Velvet Choker"}],"items_purged_floors":[29],"is_endless":false,"potions_floor_spawned":[5,7,13,14,18,19,30,31,37],"killed_by":"Reptomancer","ascension_level":20}