{"gold_per_floor":[119,68,81,81,92,92,122,122,202,219,246,263,263,313,313,386,386,401,451,62,72,72],"floor_reached":22,"playtime":1125,"items_purged":["Strike_B"],"score":388,"play_id":"51b19283-48f5-4a12-9b96-23967d66adbf","local_time":"20190904204505","is_ascension_mode":true,"campfire_choices":[{"data":"Zap","floor":6,"key":"SMITH"},{"data":"Defragment","floor":8,"key":"SMITH"},{"data":"Hyperbeam","floor":13,"key":"SMITH"},{"floor":15,"key":"REST"}],"neow_cost":"NONE","seed_source_timestamp":1439042403218700,"circlet_count":0,"master_deck":["AscendersBane","Defend_B","Defend_B","Defend_B","Zap+1","Dualcast","Darkness","Compile Driver","Cold Snap","Defragment+1","Sweeping Beam","Hyperbeam+1","Echo Form","Turbo+1","Multi-Cast+1","Tempest+1","FTL","Genetic Algorithm"],"relics":["Cracked Core","PreservedInsect","Singing Bowl","Vajra","Astrolabe","Gremlin Horn"],"potions_floor_usage":[7,7,16,22],"damage_taken":[{"damage":4,"enemies":"2 Louse","floor":1,"turns":3},{"damage":1,"enemies":"Cultist","floor":3,"turns":3},{"damage":3,"enemies":"Small Slimes","floor":5,"turns":3},{"damage":19,"enemies":"Lagavulin","floor":7,"turns":6},{"damage":20,"enemies":"3 Louse","floor":10,"turns":4},{"damage":7,"enemies":"3 Sentries","floor":11,"turns":4},{"damage":1,"enemies":"Looter","floor":12,"turns":2},{"damage":25,"enemies":"The Guardian","floor":16,"turns":10},{"damage":11,"enemies":"2 Thieves","floor":18,"turns":2},{"damage":26,"enemies":"Shell Parasite","floor":21,"turns":3},{"damage":23,"enemies":"Shelled Parasite and Fungi","floor":22,"turns":2}],"seed_played":"7447194284660704546","potions_obtained":[{"floor":0,"key":"Block Potion"},{"floor":0,"key":"EntropicBrew"},{"floor":11,"key":"PowerPotion"},{"floor":16,"key":"Swift Potion"},{"floor":18,"key":"Explosive Potion"}],"is_trial":false,"path_per_floor":["M","$","M","?","M","R","E","R","T","M","E","M","R","?","R","B",null,"M","?","$","M","M"],"character_chosen":"DEFECT","items_purchased":["Compile Driver","FTL","Gremlin Horn"],"campfire_rested":1,"item_purchase_floors":[2,20,20],"current_hp_per_floor":[60,60,59,59,56,56,37,37,37,17,10,11,11,11,32,7,57,48,48,48,22,0],"gold":72,"neow_bonus":"THREE_SMALL_POTIONS","is_prod":false,"is_daily":false,"chose_seed":false,"campfire_upgraded":3,"win_rate":0,"timestamp":1567626305,"path_taken":["M","$","M","?","M","R","E","R","T","M","E","?","R","?","R","BOSS","M","?","$","M","M"],"build_version":"2019-07-17","purchased_purges":1,"victory":false,"max_hp_per_floor":[71,71,71,71,71,71,71,71,71,71,71,73,73,73,73,73,73,75,75,75,75,75],"card_choices":[{"not_picked":["Streamline","Chill"],"picked":"Darkness","floor":1},{"not_picked":["Beam Cell","Chill"],"picked":"Cold Snap","floor":3},{"not_picked":["Beam Cell","Tempest","Streamline"],"picked":"SKIP","floor":5},{"not_picked":["Aggregate","Streamline"],"picked":"Defragment","floor":7},{"not_picked":["White Noise","Steam Power"],"picked":"Sweeping Beam","floor":10},{"not_picked":["Double Energy","Reprogram"],"picked":"Hyperbeam","floor":11},{"not_picked":["Sunder","Compile Driver","Steam"],"picked":"Singing Bowl","floor":12},{"not_picked":["Machine Learning","Reboot"],"picked":"Echo Form","floor":16},{"not_picked":["Chill","Turbo","Reprogram"],"picked":"Singing Bowl","floor":18},{"not_picked":["Go for the Eyes","Conserve Battery"],"picked":"Genetic Algorithm","floor":21}],"player_experience":1619058,"relics_obtained":[{"floor":7,"key":"PreservedInsect"},{"floor":9,"key":"Singing Bowl"},{"floor":11,"key":"Vajra"}],"event_choices":[{"cards_removed":["Defend_B"],"damage_healed":0,"gold_gain":0,"player_choice":"Purged","damage_taken":0,"max_hp_gain":0,"max_hp_loss":0,"event_name":"Purifier","floor":4,"gold_loss":0},{"damage_healed":0,"gold_gain":50,"player_choice":"Pray","damage_taken":0,"max_hp_gain":0,"max_hp_loss":0,"event_name":"Golden Shrine","floor":14,"gold_loss":0},{"damage_healed":0,"gold_gain":50,"player_choice":"Pray","damage_taken":0,"max_hp_gain":0,"max_hp_loss":0,"event_name":"Golden Shrine","floor":19,"gold_loss":0}],"is_beta":false,"boss_relics":[{"not_picked":["Runic Pyramid","Pandora\u0027s Box"],"picked":"Astrolabe"}],"items_purged_floors":[20],"is_endless":false,"potions_floor_spawned":[5,7,11,16,18],"killed_by":"Shelled Parasite and Fungi","ascension_level":20}