{"gold_per_floor":[112,187,187,206,206,206,226,226,307,342,48,48,48,67,67,139,139,153,163,179,1,14,14,14,47,74,87,87],"floor_reached":28,"playtime":1547,"items_purged":["Defend_B","Strike_B"],"score":476,"play_id":"33f5e046-463f-425b-a18d-ef7d0f340540","local_time":"20190903235951","is_ascension_mode":true,"campfire_choices":[{"data":"Zap","floor":6.0,"key":"SMITH"},{"data":"Self Repair","floor":8.0,"key":"SMITH"},{"data":"Thunder Strike","floor":15.0,"key":"SMITH"},{"data":"Defragment","floor":24,"key":"SMITH"}],"neow_cost":"NONE","seed_source_timestamp":1363818748611100,"circlet_count":0,"master_deck":["AscendersBane","Strike_B","Strike_B","Strike_B","Defend_B","Defend_B","Defend_B","Zap+1","Dualcast+1","Conserve Battery+1","Self Repair+1","Glacier","FTL","Ball Lightning+1","Thunder Strike+1","Echo Form","Go for the Eyes","Defragment+1","Decay","Defragment"],"special_seed":0,"relics":["Cracked Core","Pantograph","Emotion Chip","Oddly Smooth Stone","Coffee Dripper","Pen Nib","War Paint"],"potions_floor_usage":[22,22,28],"damage_taken":[{"damage":1.0,"enemies":"2 Louse","floor":1.0,"turns":3.0},{"damage":2.0,"enemies":"Jaw Worm","floor":4.0,"turns":4.0},{"damage":3.0,"enemies":"Small Slimes","floor":7.0,"turns":3.0},{"damage":22.0,"enemies":"Lagavulin","floor":10.0,"turns":10.0},{"damage":1.0,"enemies":"3 Louse","floor":14.0,"turns":4.0},{"damage":14.0,"enemies":"Slime Boss","floor":16.0,"turns":8.0},{"damage":17.0,"enemies":"Shell Parasite","floor":18.0,"turns":6.0},{"damage":2.0,"enemies":"3 Byrds","floor":19.0,"turns":3.0},{"damage":27.0,"enemies":"Cultist and Chosen","floor":20.0,"turns":5.0},{"damage":37,"enemies":"3 Cultists","floor":22,"turns":6},{"damage":21,"enemies":"Book of Stabbing","floor":25,"turns":6},{"damage":26,"enemies":"Chosen and Byrds","floor":27,"turns":6},{"damage":24,"enemies":"Centurion and Healer","floor":28,"turns":2}],"seed_played":"2161407480967951319","potions_obtained":[{"floor":4.0,"key":"LiquidBronze"},{"floor":14.0,"key":"Energy Potion"},{"floor":19.0,"key":"SpeedPotion"},{"floor":20.0,"key":"SpeedPotion"},{"floor":25,"key":"Dexterity Potion"},{"floor":27,"key":"SteroidPotion"}],"is_trial":false,"path_per_floor":["M","?","T","M","?","R","M","R","T","E","$","?","$","M","R","B",null,"M","M","M","$","M","?","R","E","T","M","M"],"character_chosen":"DEFECT","items_purchased":["Ball Lightning","Oddly Smooth Stone","Defragment"],"campfire_rested":0,"item_purchase_floors":[11,11,21],"current_hp_per_floor":[70,59,59,57,62,62,66,66,66,54,54,54,54,63,63,79,82,83,83,66,66,39,39,39,28,28,12,0],"gold":87,"neow_bonus":"TEN_PERCENT_HP_BONUS","is_prod":false,"is_daily":false,"chose_seed":false,"campfire_upgraded":4,"win_rate":0,"timestamp":1567551591,"path_taken":["M","?","?","M","?","R","M","R","T","E","$","?","?","M","R","BOSS","M","M","M","$","M","?","R","E","T","M","M"],"build_version":"2019-07-17","purchased_purges":2,"victory":false,"max_hp_per_floor":[78,78,78,78,83,83,83,83,83,83,83,83,83,83,83,83,83,83,83,83,83,83,83,83,83,83,83,83],"card_choices":[{"not_picked":["Stack","Barrage"],"picked":"Conserve Battery","floor":1.0},{"not_picked":["Rip and Tear","Capacitor"],"picked":"Self Repair","floor":4.0},{"not_picked":["Go for the Eyes","Double Energy"],"picked":"Glacier","floor":7.0},{"not_picked":["Skim","Hologram"],"picked":"FTL","floor":10.0},{"not_picked":["Self Repair","Lockon"],"picked":"Thunder Strike","floor":14.0},{"not_picked":["Rainbow","Biased Cognition"],"picked":"Echo Form","floor":16.0},{"not_picked":["Hologram","Scrape","Rebound"],"picked":"SKIP","floor":18.0},{"not_picked":["Cold Snap","Storm","Turbo"],"picked":"SKIP","floor":19.0},{"not_picked":["Compile Driver","Sweeping Beam"],"picked":"Go for the Eyes","floor":20.0},{"not_picked":["Hologram","Steam","Redo"],"picked":"SKIP","floor":22},{"not_picked":["Turbo","Storm+1","Hello World"],"picked":"SKIP","floor":25},{"not_picked":["Doom and Gloom","Sweeping Beam"],"picked":"Defragment","floor":27}],"player_experience":1614052,"relics_obtained":[{"floor":9.0,"key":"Pantograph"},{"floor":10.0,"key":"Emotion Chip"},{"floor":25,"key":"Pen Nib"},{"floor":26,"key":"War Paint"}],"event_choices":[{"damage_healed":0.0,"max_hp_gain":0.0,"max_hp_loss":0.0,"gold_gain":75.0,"event_name":"World of Goop","player_choice":"Gather Gold","floor":2.0,"gold_loss":0.0,"damage_taken":11.0},{"damage_healed":0.0,"max_hp_gain":5.0,"max_hp_loss":0.0,"gold_gain":0.0,"event_name":"Big Fish","player_choice":"Donut","floor":5.0,"gold_loss":0.0,"damage_taken":0.0},{"damage_healed":0.0,"max_hp_gain":0.0,"max_hp_loss":0.0,"gold_gain":0.0,"event_name":"Living Wall","player_choice":"Grow","floor":12.0,"gold_loss":0.0,"damage_taken":0.0,"cards_upgraded":["Ball Lightning"]},{"damage_healed":0,"gold_gain":0,"player_choice":"Smashed Altar","damage_taken":0,"max_hp_gain":0,"max_hp_loss":0,"event_name":"Forgotten Altar","floor":23,"gold_loss":0,"cards_obtained":["Decay"]}],"is_beta":false,"boss_relics":[{"not_picked":["Pandora\u0027s Box","Black Star"],"picked":"Coffee Dripper"}],"items_purged_floors":[11,21],"is_endless":false,"potions_floor_spawned":[4,14,19,20,25,27],"killed_by":"Centurion and Healer","ascension_level":20}