{"gold_per_floor":[112,112,112,77,90,90,129,129,129,143,143,163,206,231,231,231],"floor_reached":16,"playtime":530,"items_purged":[],"score":220,"play_id":"48e53cea-ec2d-455f-930d-5858c4ecdc4c","local_time":"20190906120908","is_ascension_mode":true,"campfire_choices":[{"floor":6.0,"key":"REST"},{"data":"Sunder","floor":8.0,"key":"SMITH"},{"floor":11.0,"key":"REST"},{"floor":15,"key":"REST"}],"neow_cost":"TEN_PERCENT_HP_LOSS","seed_source_timestamp":1581463354425400,"circlet_count":0,"master_deck":["AscendersBane","Strike_B","Strike_B","Strike_B","Defend_B","Defend_B","Zap","Dualcast","Gash","Gash","Sunder+1","Sweeping Beam","Seek","Defragment"],"special_seed":0,"relics":["Cracked Core","Golden Idol","Orichalcum","Lantern","Juzu Bracelet"],"potions_floor_usage":[16],"damage_taken":[{"damage":7.0,"enemies":"Jaw Worm","floor":1.0,"turns":3.0},{"damage":10.0,"enemies":"Small Slimes","floor":5.0,"turns":3.0},{"damage":25.0,"enemies":"Lagavulin","floor":7.0,"turns":6.0},{"damage":0.0,"enemies":"Cultist","floor":10.0,"turns":1.0},{"damage":6.0,"enemies":"Looter","floor":12.0,"turns":2.0},{"damage":19,"enemies":"3 Sentries","floor":13,"turns":5},{"damage":0,"enemies":"3 Louse","floor":14,"turns":3},{"damage":46,"enemies":"The Guardian","floor":16,"turns":8}],"seed_played":"-3748574580045226578","potions_obtained":[{"floor":10.0,"key":"SpeedPotion"},{"floor":14,"key":"Block Potion"}],"is_trial":false,"path_per_floor":["M","?","?","?","M","R","E","R","T","M","R","M","E","M","R","B"],"character_chosen":"DEFECT","items_purchased":[],"campfire_rested":3,"item_purchase_floors":[],"current_hp_per_floor":[57,35,28,44,34,53,28,28,28,28,47,41,22,22,41,0],"gold":231,"neow_bonus":"REMOVE_TWO","is_prod":false,"is_daily":false,"chose_seed":false,"campfire_upgraded":1,"win_rate":0,"timestamp":1567768148,"path_taken":["M","?","?","?","M","R","E","R","T","?","R","M","E","M","R","BOSS"],"build_version":"2019-07-17","purchased_purges":0,"victory":false,"max_hp_per_floor":[64,64,64,64,64,64,64,64,64,64,64,64,64,64,64,64],"card_choices":[{"not_picked":["Leap","Stack"],"picked":"Gash","floor":1.0},{"not_picked":["Steam","White Noise"],"picked":"Gash","floor":5.0},{"not_picked":["Consume","White Noise"],"picked":"Sunder","floor":7.0},{"not_picked":["Hologram","Redo"],"picked":"Sweeping Beam","floor":10.0},{"not_picked":["Lockon","Turbo"],"picked":"Seek","floor":12.0},{"not_picked":["Darkness","Barrage"],"picked":"Defragment","floor":13},{"not_picked":["Steam Power","Rebound","Stack"],"picked":"SKIP","floor":14}],"player_experience":1631795,"relics_obtained":[{"floor":7.0,"key":"Orichalcum"},{"floor":9.0,"key":"Lantern"},{"floor":13,"key":"Juzu Bracelet"}],"event_choices":[{"damage_healed":0.0,"max_hp_gain":0.0,"max_hp_loss":0.0,"gold_gain":0.0,"event_name":"Golden Idol","player_choice":"Take Damage","floor":2.0,"gold_loss":0.0,"damage_taken":22.0,"relics_obtained":["Golden Idol"]},{"cards_removed":["Defend_B"],"damage_healed":0.0,"max_hp_gain":0.0,"max_hp_loss":0.0,"gold_gain":0.0,"event_name":"Golden Wing","player_choice":"Card Removal","floor":3.0,"gold_loss":0.0,"damage_taken":7.0},{"damage_healed":16.0,"max_hp_gain":0.0,"max_hp_loss":0.0,"gold_gain":0.0,"event_name":"The Cleric","player_choice":"Healed","floor":4.0,"gold_loss":35.0,"damage_taken":0.0}],"is_beta":false,"boss_relics":[],"items_purged_floors":[],"is_endless":false,"potions_floor_spawned":[10,14],"killed_by":"The Guardian","ascension_level":20}