{"gold_per_floor":[115,115,131,141,157,157,189,189,189,189,218,233,158,183,183,262,262,282,282,71,84,9,9,9,9,9,39,39,66,66,76,76,147,147,162,178,195,89,105,105,138,138,138,29,45,45,78,28,28,28,28],"floor_reached":51,"playtime":3657,"items_purged":["Strike_B","Strike_B+1","Strike_B+1","Strike_B+1"],"score":1422,"play_id":"a4579004-571a-41e0-81d2-0a454d56f7a0","local_time":"20190908224532","is_ascension_mode":true,"campfire_choices":[{"data":"Sweeping Beam","floor":6,"key":"SMITH"},{"data":"Sunder","floor":8,"key":"SMITH"},{"floor":10,"key":"REST"},{"data":"Zap","floor":15,"key":"SMITH"},{"data":"Electrodynamics","floor":23,"key":"SMITH"},{"floor":25,"key":"DIG"},{"floor":28,"key":"REST"},{"floor":30,"key":"DIG"},{"floor":32,"key":"REST"},{"data":"Creative AI","floor":40,"key":"SMITH"},{"floor":42,"key":"DIG"},{"floor":46,"key":"REST"},{"floor":49,"key":"RECALL"}],"neow_cost":"NONE","seed_source_timestamp":1789337470221100,"circlet_count":0,"master_deck":["AscendersBane","Defend_B+1","Defend_B+1","Defend_B+1","Defend_B+1","Zap+1","Dualcast","Leap","Sweeping Beam+1","Ball Lightning","Sunder+1","Leap","Go for the Eyes","Electrodynamics+1","Glacier","Coolheaded","Creative AI+1","Compile Driver+1","Cold Snap"],"relics":["Cracked Core","Dream Catcher","Pear","PreservedInsect","Art of War","Shovel","Nuclear Battery","Runic Capacitor","Matryoshka","Regal Pillow","Smiling Mask","DataDisk","Symbiotic Virus","Inserter","Incense Burner","Orichalcum","Centennial Puzzle","Bottled Flame","Oddly Smooth Stone"],"potions_floor_usage":[7,16,29,33,33,41,51],"damage_taken":[{"damage":4,"enemies":"Jaw Worm","floor":1,"turns":4},{"damage":1,"enemies":"Cultist","floor":3,"turns":3},{"damage":1,"enemies":"Small Slimes","floor":4,"turns":3},{"damage":15,"enemies":"Exordium Wildlife","floor":5,"turns":5},{"damage":27,"enemies":"Gremlin Nob","floor":7,"turns":4},{"damage":16,"enemies":"Lagavulin","floor":11,"turns":6},{"damage":0,"enemies":"Lots of Slimes","floor":12,"turns":3},{"damage":6,"enemies":"Gremlin Nob","floor":14,"turns":3},{"damage":33,"enemies":"The Guardian","floor":16,"turns":11},{"damage":0,"enemies":"Chosen","floor":18,"turns":3},{"damage":3,"enemies":"Spheric Guardian","floor":21,"turns":3},{"damage":26,"enemies":"Book of Stabbing","floor":27,"turns":5},{"damage":37,"enemies":"Gremlin Leader","floor":29,"turns":6},{"damage":15,"enemies":"Snake Plant","floor":31,"turns":4},{"damage":66,"enemies":"Automaton","floor":33,"turns":14},{"damage":3,"enemies":"Orb Walker","floor":35,"turns":3},{"damage":0,"enemies":"3 Shapes","floor":36,"turns":6},{"damage":9,"enemies":"Writhing Mass","floor":37,"turns":7},{"damage":8,"enemies":"4 Shapes","floor":39,"turns":3},{"damage":10,"enemies":"Giant Head","floor":41,"turns":9},{"damage":12,"enemies":"Transient","floor":45,"turns":6},{"damage":6,"enemies":"Nemesis","floor":47,"turns":7},{"damage":12,"enemies":"Time Eater","floor":50,"turns":15},{"damage":55,"enemies":"Awakened One","floor":51,"turns":29}],"seed_played":"5215281182626812313","potions_obtained":[{"floor":4,"key":"SpeedPotion"},{"floor":5,"key":"AttackPotion"},{"floor":12,"key":"Swift Potion"},{"floor":16,"key":"Fire Potion"},{"floor":27,"key":"Explosive Potion"},{"floor":29,"key":"SteroidPotion"},{"floor":36,"key":"SpeedPotion"},{"floor":41,"key":"FearPotion"}],"is_trial":false,"path_per_floor":["M","?","M","M","M","R","E","R","T","R","E","M","$","E","R","B",null,"M","?","$","M","?","R","$","R","T","E","R","E","R","M","R","B",null,"M","M","M","$","M","R","E","R","T","$","M","R","E","$","R","B","B"],"character_chosen":"DEFECT","items_purchased":["Runic Capacitor","Block Potion","Cold Snap"],"campfire_rested":4,"item_purchase_floors":[20,38,44],"current_hp_per_floor":[67,67,66,65,50,50,33,33,33,59,43,43,43,37,37,4,67,67,67,67,64,64,64,64,64,64,38,79,42,42,27,68,2,67,64,64,55,55,47,47,37,37,37,37,25,66,60,60,60,48,0],"gold":28,"neow_bonus":"TEN_PERCENT_HP_BONUS","is_prod":false,"is_daily":false,"chose_seed":false,"campfire_upgraded":5,"win_rate":0,"timestamp":1567979132,"path_taken":["M","?","M","?","M","R","E","R","T","R","E","M","$","E","R","BOSS","M","?","$","M","?","R","?","R","T","E","R","E","R","M","R","BOSS","M","?","M","$","M","R","E","R","T","$","M","R","E","?","R","BOSS","BOSS"],"build_version":"2019-08-26","purchased_purges":4,"victory":false,"max_hp_per_floor":[78,78,78,78,78,78,88,88,88,88,88,88,88,88,88,88,88,88,88,88,88,88,88,88,88,88,88,88,88,88,88,88,88,88,88,88,88,88,88,88,88,88,88,88,88,88,88,88,88,88,88],"card_choices":[{"not_picked":["Beam Cell","Stack"],"picked":"White Noise","floor":1},{"not_picked":["Hologram","Scrape"],"picked":"Leap","floor":3},{"not_picked":["Chill","Turbo"],"picked":"Sweeping Beam","floor":4},{"not_picked":["Conserve Battery","Self Repair"],"picked":"Ball Lightning","floor":5},{"not_picked":["Compile Driver","Blizzard"],"picked":"Sunder","floor":7},{"not_picked":["Undo","Streamline"],"picked":"Leap","floor":10},{"not_picked":["Conserve Battery","Go for the Eyes"],"picked":"All For One","floor":11},{"not_picked":["Conserve Battery","Darkness","Leap"],"picked":"SKIP","floor":12},{"not_picked":["Beam Cell","Chill"],"picked":"Go for the Eyes","floor":14},{"not_picked":["Hyperbeam","Machine Learning"],"picked":"Electrodynamics","floor":16},{"not_picked":["Streamline","Beam Cell","Go for the Eyes"],"picked":"SKIP","floor":18},{"not_picked":["Barrage","Hello World","Skim"],"picked":"SKIP","floor":21},{"not_picked":["Beam Cell","BootSequence","Sweeping Beam"],"picked":"SKIP","floor":27},{"not_picked":["Genetic Algorithm","Go for the Eyes"],"picked":"Glacier","floor":28},{"not_picked":["Go for the Eyes","White Noise","Core Surge"],"picked":"SKIP","floor":29},{"not_picked":["Rebound+1","Heatsinks"],"picked":"Coolheaded","floor":31},{"not_picked":["Electrodynamics","Rainbow"],"picked":"Creative AI","floor":33},{"not_picked":["Redo","Ball Lightning+1","Sweeping Beam"],"picked":"SKIP","floor":35},{"not_picked":["Sweeping Beam+1","Undo","FTL"],"picked":"SKIP","floor":36},{"not_picked":["Chaos","White Noise","Go for the Eyes+1"],"picked":"SKIP","floor":37},{"not_picked":["Melter","Rebound"],"picked":"Compile Driver+1","floor":39},{"not_picked":["Loop","Streamline","Steam+1"],"picked":"SKIP","floor":41},{"not_picked":["Compile Driver","Cold Snap","Sweeping Beam"],"picked":"SKIP","floor":45},{"not_picked":["Melter","Sweeping Beam+1","Coolheaded"],"picked":"SKIP","floor":47}],"player_experience":1664385,"relics_obtained":[{"floor":7,"key":"Pear"},{"floor":9,"key":"PreservedInsect"},{"floor":11,"key":"Art of War"},{"floor":14,"key":"Shovel"},{"floor":25,"key":"Matryoshka"},{"floor":26,"key":"Regal Pillow"},{"floor":27,"key":"Smiling Mask"},{"floor":29,"key":"DataDisk"},{"floor":30,"key":"Symbiotic Virus"},{"floor":41,"key":"Incense Burner"},{"floor":42,"key":"Orichalcum"},{"floor":43,"key":"Centennial Puzzle"},{"floor":43,"key":"Bottled Flame"},{"floor":47,"key":"Oddly Smooth Stone"}],"event_choices":[{"cards_removed":["White Noise"],"damage_healed":0,"gold_gain":0,"player_choice":"Gave Card","damage_taken":0,"relics_obtained":["Dream Catcher"],"max_hp_gain":0,"max_hp_loss":0,"event_name":"WeMeetAgain","floor":2,"gold_loss":0},{"damage_healed":0,"gold_gain":0,"player_choice":"Simplicity","damage_taken":0,"max_hp_gain":0,"max_hp_loss":0,"event_name":"Back to Basics","floor":19,"gold_loss":0,"cards_upgraded":["Strike_B","Strike_B","Strike_B","Defend_B","Defend_B","Defend_B","Defend_B"]},{"cards_removed":["All For One"],"damage_healed":0,"gold_gain":0,"player_choice":"Gave Gold","damage_taken":0,"max_hp_gain":0,"max_hp_loss":0,"event_name":"Beggar","floor":22,"gold_loss":75}],"is_beta":true,"boss_relics":[{"not_picked":["Cursed Key","White Beast Statue"],"picked":"Nuclear Battery"},{"not_picked":["Orrery","Runic Dome"],"picked":"Inserter"}],"items_purged_floors":[13,38,44,48],"is_endless":false,"potions_floor_spawned":[4,5,12,16,27,29,36,39,41],"killed_by":"Awakened One","ascension_level":20}