{"gold_per_floor":[359,376,376,5,18,18,48,48,102,102,114,114,144,158,158,235,235,246,246,246,263,275,302,302,336,388,388,75,75,75,105,105,183,183,194,194,22,34,0,0,30,30,30,50,80,92,92,124,124,124,124,124,124,36,64,64],"floor_reached":56,"playtime":5702,"items_purged":["Strike_B"],"score":2098,"play_id":"2271e50d-5fd4-47c0-9573-b6c86b43b483","local_time":"20190905223649","is_ascension_mode":true,"campfire_choices":[{"data":"Defragment","floor":6.0,"key":"SMITH"},{"data":"Go for the Eyes","floor":8.0,"key":"SMITH"},{"data":"Conserve Battery","floor":10.0,"key":"SMITH"},{"floor":12.0,"key":"REST"},{"data":"Hologram","floor":15.0,"key":"SMITH"},{"floor":24.0,"key":"REST"},{"floor":27.0,"key":"REST"},{"data":"Electrodynamics","floor":29.0,"key":"SMITH"},{"data":"Seek","floor":32.0,"key":"SMITH"},{"floor":40.0,"key":"RECALL"},{"floor":42.0,"key":"REST"},{"data":"Buffer","floor":47.0,"key":"SMITH"},{"data":"Biased Cognition","floor":49.0,"key":"SMITH"},{"floor":53.0,"key":"REST"}],"neow_cost":"TEN_PERCENT_HP_LOSS","seed_source_timestamp":1527470901560300,"circlet_count":0,"master_deck":["AscendersBane","Strike_B+1","Strike_B+1","Defend_B","Defend_B","Defend_B","Defend_B+1","Zap+1","Dualcast+1","Compile Driver","Go for the Eyes+1","Defragment+1","Conserve Battery+1","Seek+1","Hologram+1","Glacier","Echo Form","Cold Snap","Electrodynamics+1","Leap","Thunder Strike","Defragment+1","Biased Cognition+1","Conserve Battery","Buffer+1","Capacitor","Cold Snap"],"special_seed":0,"relics":["Cracked Core","Pantograph","Strawberry","DataDisk","War Paint","Velvet Choker","Oddly Smooth Stone","Gremlin Horn","Whetstone","ClockworkSouvenir","Vajra","Red Mask","Bag of Preparation","Question Card","Boot","Letter Opener","Thread and Needle"],"potions_floor_usage":[56],"damage_taken":[{"damage":14.0,"enemies":"Jaw Worm","floor":1.0,"turns":4.0},{"damage":1.0,"enemies":"Cultist","floor":2.0,"turns":3.0},{"damage":7.0,"enemies":"Small Slimes","floor":5.0,"turns":3.0},{"damage":27.0,"enemies":"Gremlin Nob","floor":7.0,"turns":4.0},{"damage":4.0,"enemies":"Red Slaver","floor":11.0,"turns":3.0},{"damage":6.0,"enemies":"Lagavulin","floor":13.0,"turns":6.0},{"damage":1.0,"enemies":"2 Fungi Beasts","floor":14.0,"turns":3.0},{"damage":3.0,"enemies":"Hexaghost","floor":16.0,"turns":12.0},{"damage":5.0,"enemies":"Shell Parasite","floor":18.0,"turns":5.0},{"damage":0.0,"enemies":"Spheric Guardian","floor":21.0,"turns":4.0},{"damage":15.0,"enemies":"Snake Plant","floor":22.0,"turns":4.0},{"damage":25.0,"enemies":"Book of Stabbing","floor":23.0,"turns":7.0},{"damage":19.0,"enemies":"Slavers","floor":25.0,"turns":4.0},{"damage":0.0,"enemies":"Book of Stabbing","floor":31.0,"turns":5.0},{"damage":13.0,"enemies":"Collector","floor":33.0,"turns":11.0},{"damage":8.0,"enemies":"3 Darklings","floor":35.0,"turns":3.0},{"damage":14.0,"enemies":"3 Shapes","floor":38.0,"turns":2.0},{"damage":11.0,"enemies":"Reptomancer","floor":41.0,"turns":5.0},{"damage":0.0,"enemies":"Maw","floor":44.0,"turns":6.0},{"damage":0.0,"enemies":"Giant Head","floor":45.0,"turns":10.0},{"damage":0.0,"enemies":"Spire Growth","floor":46.0,"turns":6.0},{"damage":0.0,"enemies":"Nemesis","floor":48.0,"turns":5.0},{"damage":36.0,"enemies":"Awakened One","floor":50.0,"turns":9.0},{"damage":54.0,"enemies":"Donu and Deca","floor":51.0,"turns":10.0},{"damage":43.0,"enemies":"Shield and Spear","floor":55.0,"turns":9.0},{"damage":55,"enemies":"The Heart","floor":56,"turns":5}],"seed_played":"-2012277805775089270","potions_obtained":[{"floor":2.0,"key":"EssenceOfSteel"},{"floor":5.0,"key":"GamblersBrew"},{"floor":7.0,"key":"EntropicBrew"},{"floor":14.0,"key":"Poison Potion"},{"floor":21.0,"key":"Explosive Potion"},{"floor":25.0,"key":"Swift Potion"},{"floor":38.0,"key":"PowerPotion"},{"floor":55.0,"key":"Weak Potion"}],"is_trial":false,"path_per_floor":["M","M","?","$","M","R","E","R","T","R","M","R","E","M","R","B",null,"M","?","?","M","M","E","R","E","T","R","$","R","?","E","R","B",null,"M","T","$","M","?","R","E","R","T","M","E","M","R","E","R","B","B",null,"R","$","E","B"],"character_chosen":"DEFECT","items_purchased":["Pantograph","Defragment","ClockworkSouvenir","Leap","Biased Cognition","Capacitor"],"campfire_rested":5,"item_purchase_floors":[4,4,28,28,37,54],"current_hp_per_floor":[50,49,49,49,42,42,22,22,22,22,18,39,33,32,32,54,67,62,62,62,62,47,22,43,24,24,45,45,45,45,45,45,57,68,60,60,60,46,46,46,35,56,56,56,56,56,56,56,56,35,6,55,71,71,28,0],"gold":64,"neow_bonus":"TWO_FIFTY_GOLD","is_prod":false,"is_daily":false,"chose_seed":false,"campfire_upgraded":8,"win_rate":0,"timestamp":1567719409,"path_taken":["M","M","?","$","?","R","E","R","T","R","M","R","E","M","R","BOSS","M","?","?","M","M","E","R","E","T","R","$","R","?","E","R","BOSS","M","?","$","M","?","R","E","R","T","M","E","M","R","E","R","BOSS","BOSS","R","$","E","BOSS"],"build_version":"2019-07-17","purchased_purges":1,"victory":false,"max_hp_per_floor":[64,64,64,64,64,64,71,71,71,71,71,71,71,71,71,71,71,71,71,71,71,71,71,71,71,71,71,71,71,71,71,71,71,71,71,71,71,71,71,71,71,71,71,71,71,71,71,71,71,71,71,71,71,71,71,71],"card_choices":[{"not_picked":["Gash","Redo"],"picked":"Compile Driver","floor":1.0},{"not_picked":["Rip and Tear","BootSequence"],"picked":"Go for the Eyes","floor":2.0},{"not_picked":["BootSequence","Stack","Reprogram"],"picked":"SKIP","floor":5.0},{"not_picked":["Scrape","Turbo"],"picked":"Conserve Battery","floor":7.0},{"not_picked":["Turbo","Sweeping Beam"],"picked":"Seek","floor":11.0},{"not_picked":["Steam","Sweeping Beam"],"picked":"Hologram","floor":13.0},{"not_picked":["Auto Shields","Cold Snap"],"picked":"Glacier","floor":14.0},{"not_picked":["Amplify","Fission"],"picked":"Echo Form","floor":16.0},{"not_picked":["Redo","Barrage"],"picked":"Cold Snap","floor":18.0},{"not_picked":["Compile Driver","Coolheaded","Stack"],"picked":"SKIP","floor":21.0},{"not_picked":["Conserve Battery","Fusion","Compile Driver"],"picked":"SKIP","floor":22.0},{"not_picked":["Meteor Strike","Hologram"],"picked":"Electrodynamics","floor":23.0},{"not_picked":["Coolheaded","Auto Shields","Conserve Battery"],"picked":"SKIP","floor":25.0},{"not_picked":["Aggregate","Leap","Steam"],"picked":"SKIP","floor":31.0},{"not_picked":["Meteor Strike","Amplify"],"picked":"Thunder Strike","floor":33.0},{"not_picked":["Streamline","Cold Snap"],"picked":"Defragment+1","floor":35.0},{"not_picked":["Coolheaded","Lockon"],"picked":"Conserve Battery","floor":38.0},{"not_picked":["Gash","Genetic Algorithm","Beam Cell"],"picked":"SKIP","floor":41.0},{"not_picked":["Turbo","Stack","Genetic Algorithm"],"picked":"Buffer","floor":44.0},{"not_picked":["Chaos","Fusion","Conserve Battery","Hologram"],"picked":"SKIP","floor":45.0},{"not_picked":["Streamline","Rebound+1","Force Field","Gash"],"picked":"SKIP","floor":46.0},{"not_picked":["Steam","Streamline+1","Creative AI","Static Discharge"],"picked":"SKIP","floor":48.0},{"not_picked":["Auto Shields","Steam","Go for the Eyes"],"picked":"Cold Snap","floor":55.0}],"player_experience":1626093,"relics_obtained":[{"floor":7.0,"key":"Strawberry"},{"floor":9.0,"key":"DataDisk"},{"floor":13.0,"key":"War Paint"},{"floor":23.0,"key":"Oddly Smooth Stone"},{"floor":25.0,"key":"Gremlin Horn"},{"floor":26.0,"key":"Whetstone"},{"floor":31.0,"key":"Vajra"},{"floor":41.0,"key":"Bag of Preparation"},{"floor":43.0,"key":"Question Card"},{"floor":45.0,"key":"Boot"},{"floor":48.0,"key":"Letter Opener"},{"floor":55.0,"key":"Thread and Needle"}],"event_choices":[{"damage_healed":0.0,"max_hp_gain":0.0,"max_hp_loss":0.0,"gold_gain":0.0,"event_name":"Upgrade Shrine","player_choice":"Upgraded","floor":3.0,"gold_loss":0.0,"damage_taken":0.0,"cards_upgraded":["Zap"]},{"damage_healed":0.0,"max_hp_gain":0.0,"max_hp_loss":0.0,"gold_gain":0.0,"event_name":"Ghosts","player_choice":"Ignored","floor":19.0,"gold_loss":0.0,"damage_taken":0.0},{"damage_healed":0.0,"max_hp_gain":0.0,"max_hp_loss":0.0,"gold_gain":0.0,"event_name":"The Mausoleum","player_choice":"Ignored","floor":20.0,"gold_loss":0.0,"damage_taken":0.0},{"cards_removed":["Strike_B"],"damage_healed":0.0,"max_hp_gain":0.0,"max_hp_loss":0.0,"gold_gain":0.0,"event_name":"Bonfire Elementals","player_choice":"Offered Basic","floor":30.0,"gold_loss":0.0,"damage_taken":0.0},{"damage_healed":0.0,"max_hp_gain":0.0,"max_hp_loss":0.0,"gold_gain":0.0,"event_name":"Tomb of Lord Red Mask","player_choice":"Paid","floor":39.0,"gold_loss":34.0,"damage_taken":0.0,"relics_obtained":["Red Mask"]}],"is_beta":false,"boss_relics":[{"not_picked":["Sozu","FrozenCore"],"picked":"Velvet Choker"},{"not_picked":["Coffee Dripper","Runic Pyramid","Snecko Eye"]}],"items_purged_floors":[28],"is_endless":false,"potions_floor_spawned":[2,5,7,14,21,23,25,38,44,55],"killed_by":"The Heart","ascension_level":20}