{"gold_per_floor":[111,186,186,50,67,67,96,116,116,116,143,155,155,169,169,246,246,263,313,313,327,405,405,423,423],"floor_reached":25,"playtime":1292,"items_purged":[],"score":472,"play_id":"48d61ced-6d1b-4d29-acf6-98a45df2a0ad","local_time":"20190904223707","is_ascension_mode":true,"campfire_choices":[{"data":"Zap","floor":6,"key":"SMITH"},{"floor":10,"key":"REST"},{"data":"Defragment","floor":13,"key":"SMITH"},{"data":"Sweeping Beam","floor":15,"key":"SMITH"},{"data":"Fission","floor":23,"key":"SMITH"}],"neow_cost":"TEN_PERCENT_HP_LOSS","seed_source_timestamp":1445597147000900,"circlet_count":0,"master_deck":["AscendersBane","Strike_B","Strike_B","Strike_B","Strike_B","Defend_B","Defend_B","Defend_B","Defend_B","Zap+1","Dualcast","Biased Cognition","Go for the Eyes","Coolheaded","Doom and Gloom","Leap","Sweeping Beam+1","Defragment+1","Steam","Coolheaded","Compile Driver","Biased Cognition","Ball Lightning","Conserve Battery","Conserve Battery","Leap+1","Fission+1","Glacier"],"relics":["Cracked Core","Nunchaku","Symbiotic Virus","Letter Opener","Gremlin Horn","Orrery"],"potions_floor_usage":[11,21,25],"damage_taken":[{"damage":0,"enemies":"2 Louse","floor":1,"turns":2},{"damage":9,"enemies":"Jaw Worm","floor":5,"turns":3},{"damage":21,"enemies":"Lagavulin","floor":7,"turns":8},{"damage":0,"enemies":"Small Slimes","floor":8,"turns":3},{"damage":0,"enemies":"3 Sentries","floor":11,"turns":5},{"damage":5,"enemies":"Blue Slaver","floor":12,"turns":4},{"damage":0,"enemies":"Lots of Slimes","floor":14,"turns":2},{"damage":31,"enemies":"Slime Boss","floor":16,"turns":9},{"damage":14,"enemies":"Shell Parasite","floor":18,"turns":7},{"damage":14,"enemies":"Chosen","floor":21,"turns":5},{"damage":10,"enemies":"Snecko","floor":24,"turns":6},{"damage":29,"enemies":"Book of Stabbing","floor":25,"turns":3}],"seed_played":"-918574625916793550","potions_obtained":[{"floor":8,"key":"EssenceOfSteel"},{"floor":11,"key":"FearPotion"},{"floor":16,"key":"FocusPotion"}],"is_trial":false,"path_per_floor":["M","?","T","$","M","R","E","M","T","R","E","M","R","M","R","B",null,"M","?","?","M","T","R","M","E"],"character_chosen":"DEFECT","items_purchased":["Coolheaded","Doom and Gloom"],"campfire_rested":1,"item_purchase_floors":[4,4],"current_hp_per_floor":[64,53,53,53,44,44,23,23,23,42,42,37,37,37,37,6,50,36,36,49,35,35,35,25,0],"gold":423,"neow_bonus":"THREE_RARE_CARDS","is_prod":false,"is_daily":false,"chose_seed":false,"campfire_upgraded":4,"win_rate":0,"timestamp":1567633027,"path_taken":["M","?","?","$","M","R","E","M","T","R","E","?","R","M","R","BOSS","M","?","?","M","?","R","M","E"],"build_version":"2019-07-17","purchased_purges":0,"victory":false,"max_hp_per_floor":[64,64,64,64,64,64,64,64,64,64,64,64,64,64,64,64,64,64,64,64,64,64,64,64,64],"card_choices":[{"not_picked":["Meteor Strike","Multi-Cast"],"picked":"Biased Cognition","floor":0},{"not_picked":["Beam Cell","Force Field"],"picked":"Go for the Eyes","floor":1},{"not_picked":["Steam Power","Skim"],"picked":"Leap","floor":5},{"not_picked":["Gash","Conserve Battery"],"picked":"Sweeping Beam","floor":7},{"not_picked":["Undo","Coolheaded"],"picked":"Defragment","floor":8},{"not_picked":["Go for the Eyes","Turbo"],"picked":"Steam","floor":11},{"not_picked":["Recycle","Hologram"],"picked":"Coolheaded","floor":12},{"not_picked":["Lockon","Scrape"],"picked":"Compile Driver","floor":14},{"not_picked":["Multi-Cast","Buffer"],"picked":"Biased Cognition","floor":16},{"not_picked":["Hologram","Cold Snap"],"picked":"Ball Lightning","floor":17},{"not_picked":["Compile Driver","Redo"],"picked":"Conserve Battery","floor":17},{"not_picked":["Hello World","Redo"],"picked":"Conserve Battery","floor":17},{"not_picked":["Beam Cell","Hologram"],"picked":"Leap+1","floor":18},{"not_picked":["BootSequence","Turbo+1"],"picked":"Fission","floor":21},{"not_picked":["Sunder+1","Barrage+1"],"picked":"Glacier","floor":24}],"player_experience":1620183,"relics_obtained":[{"floor":3,"key":"Nunchaku"},{"floor":7,"key":"Symbiotic Virus"},{"floor":9,"key":"Letter Opener"},{"floor":11,"key":"Gremlin Horn"}],"event_choices":[{"damage_healed":0,"gold_gain":75,"player_choice":"Gather Gold","damage_taken":11,"max_hp_gain":0,"max_hp_loss":0,"event_name":"World of Goop","floor":2,"gold_loss":0},{"damage_healed":0,"gold_gain":50,"player_choice":"Stole From Cult","damage_taken":0,"max_hp_gain":0,"max_hp_loss":0,"event_name":"Nest","floor":19,"gold_loss":0},{"damage_healed":13,"gold_gain":0,"player_choice":"Heal","damage_taken":0,"max_hp_gain":0,"max_hp_loss":0,"event_name":"The Library","floor":20,"gold_loss":0}],"is_beta":false,"boss_relics":[{"not_picked":["Tiny House","White Beast Statue"],"picked":"Orrery"}],"items_purged_floors":[],"is_endless":false,"potions_floor_spawned":[8,11,16],"killed_by":"Book of Stabbing","ascension_level":20}