{"gold_per_floor":[112,112,122,122,135,156,156,200,275,13,56,56,91,8,8,103,103,127,52,75,99,99,99],"floor_reached":23,"playtime":1259,"items_purged":["Strike_B"],"score":418,"play_id":"ebcaf9f8-dd38-440a-aa92-c36d5060bd30","local_time":"20190831111558","is_ascension_mode":true,"campfire_choices":[{"data":"Streamline","floor":7.0,"key":"SMITH"},{"floor":12.0,"key":"REST"},{"floor":15.0,"key":"REST"}],"neow_cost":"NONE","seed_source_timestamp":1059052531068499,"circlet_count":0,"master_deck":["AscendersBane","Strike_B","Strike_B","Strike_B","Defend_B","Defend_B","Defend_B","Defend_B","Zap+1","Dualcast","Cold Snap","Sweeping Beam","Streamline+1","Hologram","Ball Lightning","Ball Lightning","Biased Cognition"],"special_seed":0,"relics":["Cracked Core","Golden Idol","Calipers","Sundial","Ornamental Fan","Regal Pillow","Darkstone Periapt","Nuclear Battery"],"potions_floor_usage":[18,23,23],"damage_taken":[{"damage":2.0,"enemies":"Jaw Worm","floor":1.0,"turns":4.0},{"damage":10.0,"enemies":"Small Slimes","floor":3.0,"turns":3.0},{"damage":0.0,"enemies":"Cultist","floor":5.0,"turns":3.0},{"damage":7.0,"enemies":"Looter","floor":6.0,"turns":3.0},{"damage":25.0,"enemies":"3 Sentries","floor":8.0,"turns":7.0},{"damage":16.0,"enemies":"Lagavulin","floor":11.0,"turns":5.0},{"damage":14.0,"enemies":"Gremlin Nob","floor":13.0,"turns":4.0},{"damage":49.0,"enemies":"Hexaghost","floor":16.0,"turns":9.0},{"damage":32,"enemies":"3 Byrds","floor":18,"turns":3},{"damage":2,"enemies":"Spheric Guardian","floor":20,"turns":3},{"damage":5,"enemies":"Centurion and Healer","floor":21,"turns":7},{"damage":21,"enemies":"Slavers","floor":23,"turns":1}],"seed_played":"-6167446455324131724","potions_obtained":[{"floor":3.0,"key":"GamblersBrew"},{"floor":11.0,"key":"Ancient Potion"},{"floor":16.0,"key":"PowerPotion"},{"floor":18,"key":"Fire Potion"},{"floor":20,"key":"Strength Potion"}],"is_trial":false,"path_per_floor":["M","?","M","?","M","M","R","E","T","$","E","R","E","$","R","B",null,"M","$","M","M","$","E"],"character_chosen":"DEFECT","items_purchased":["Ornamental Fan","Ball Lightning","SteroidPotion"],"campfire_rested":2,"item_purchase_floors":[10,14,14],"current_hp_per_floor":[62,62,52,52,52,45,45,20,20,20,4,38,24,24,58,9,50,18,18,16,11,11,0],"gold":99,"neow_bonus":"UPGRADE_CARD","is_prod":false,"is_daily":false,"chose_seed":false,"campfire_upgraded":1,"win_rate":0,"timestamp":1567246558,"path_taken":["M","?","M","?","M","M","R","E","T","$","E","R","E","?","R","BOSS","M","?","M","M","$","E"],"build_version":"2019-07-17","purchased_purges":1,"victory":false,"max_hp_per_floor":[71,71,71,64,64,64,64,64,64,64,64,64,64,64,64,64,64,64,64,64,64,64,64],"card_choices":[{"not_picked":["Streamline","Reprogram"],"picked":"Cold Snap","floor":1.0},{"not_picked":["Steam","Capacitor","Melter"],"picked":"SKIP","floor":3.0},{"not_picked":["Rebound","Go for the Eyes"],"picked":"Sweeping Beam","floor":5.0},{"not_picked":["Aggregate","Loop"],"picked":"Streamline","floor":6.0},{"not_picked":["Barrage","Blizzard","Melter"],"picked":"SKIP","floor":8.0},{"not_picked":["Rainbow","Melter"],"picked":"Hologram","floor":11.0},{"not_picked":["Hologram","Loop"],"picked":"Ball Lightning","floor":13.0},{"not_picked":["Rainbow","Fission"],"picked":"Biased Cognition","floor":16.0},{"not_picked":["Beam Cell","Stack","Redo"],"picked":"SKIP","floor":18},{"not_picked":["Blizzard","Recycle","Consume"],"picked":"SKIP","floor":20},{"not_picked":["Sunder","Steam+1","Doom and Gloom"],"picked":"SKIP","floor":21}],"player_experience":1576370,"relics_obtained":[{"floor":8.0,"key":"Calipers"},{"floor":9.0,"key":"Sundial"},{"floor":11.0,"key":"Regal Pillow"},{"floor":13.0,"key":"Darkstone Periapt"}],"event_choices":[{"damage_healed":0.0,"max_hp_gain":0.0,"max_hp_loss":0.0,"gold_gain":0.0,"event_name":"Liars Game","player_choice":"Ignored","floor":2.0,"gold_loss":0.0,"damage_taken":0.0},{"damage_healed":0.0,"max_hp_gain":0.0,"max_hp_loss":7.0,"gold_gain":0.0,"event_name":"Golden Idol","player_choice":"Lose Max HP","floor":4.0,"gold_loss":0.0,"damage_taken":0.0,"relics_obtained":["Golden Idol"]}],"is_beta":false,"boss_relics":[{"not_picked":["Sozu","Coffee Dripper"],"picked":"Nuclear Battery"}],"items_purged_floors":[19],"is_endless":false,"potions_floor_spawned":[3,11,16,18,20],"killed_by":"Slavers","ascension_level":20}