{"gold_per_floor":[113,129,139,151,161,161,192,30,55,55,84,84,27,59,59,131,131,141,141,159,176,190,190],"floor_reached":23,"playtime":1031,"items_purged":[],"score":426,"play_id":"40bcc636-2421-4650-9826-a2c7d3af64f3","local_time":"20190902224959","is_ascension_mode":true,"campfire_choices":[{"data":"Streamline","floor":6.0,"key":"SMITH"},{"data":"Sweeping Beam","floor":10.0,"key":"SMITH"},{"floor":12.0,"key":"REST"},{"data":"Static Discharge","floor":15.0,"key":"SMITH"}],"neow_cost":"NONE","seed_source_timestamp":1273785509582900,"circlet_count":0,"master_deck":["AscendersBane","Strike_B","Strike_B","Strike_B","Strike_B","Defend_B","Defend_B","Defend_B","Defend_B","Zap","Dualcast","Streamline+1","Glacier","Ball Lightning","Compile Driver","Sweeping Beam+1","Static Discharge+1","Hyperbeam","Go for the Eyes+1","Undo+1"],"special_seed":0,"relics":["Cracked Core","Potion Belt","Gremlin Horn","Pen Nib","Blood Vial","Omamori","Art of War","Philosopher\u0027s Stone"],"potions_floor_usage":[23,23],"damage_taken":[{"damage":1.0,"enemies":"Cultist","floor":1.0,"turns":4.0},{"damage":0.0,"enemies":"Small Slimes","floor":2.0,"turns":2.0},{"damage":0.0,"enemies":"2 Louse","floor":3.0,"turns":2.0},{"damage":1.0,"enemies":"2 Fungi Beasts","floor":4.0,"turns":3.0},{"damage":12.0,"enemies":"Looter","floor":5.0,"turns":3.0},{"damage":5.0,"enemies":"Gremlin Nob","floor":7.0,"turns":3.0},{"damage":18.0,"enemies":"Lagavulin","floor":11.0,"turns":7.0},{"damage":8.0,"enemies":"Gremlin Nob","floor":14.0,"turns":3.0},{"damage":23.0,"enemies":"Slime Boss","floor":16.0,"turns":7.0},{"damage":12,"enemies":"3 Byrds","floor":18,"turns":3},{"damage":9,"enemies":"Spheric Guardian","floor":20,"turns":4},{"damage":8,"enemies":"Centurion and Healer","floor":21,"turns":3},{"damage":35,"enemies":"Snake Plant","floor":22,"turns":4},{"damage":32,"enemies":"Book of Stabbing","floor":23,"turns":3}],"seed_played":"-8408563457953728232","potions_obtained":[{"floor":2.0,"key":"Weak Potion"},{"floor":4.0,"key":"SteroidPotion"},{"floor":5.0,"key":"Block Potion"},{"floor":7.0,"key":"Swift Potion"},{"floor":14.0,"key":"FearPotion"},{"floor":18,"key":"LiquidBronze"},{"floor":20,"key":"Fire Potion"}],"is_trial":false,"path_per_floor":["M","M","M","M","M","R","E","$","T","R","E","R","$","E","R","B",null,"M","?","M","M","M","E"],"character_chosen":"DEFECT","items_purchased":["Pen Nib","Strength Potion"],"campfire_rested":1,"item_purchase_floors":[8,13],"current_hp_per_floor":[63,63,63,62,50,50,45,45,45,45,29,50,50,44,44,23,59,49,63,56,50,17,0],"gold":190,"neow_bonus":"RANDOM_COMMON_RELIC","is_prod":false,"is_daily":false,"chose_seed":false,"campfire_upgraded":3,"win_rate":0,"timestamp":1567460999,"path_taken":["M","M","?","M","M","R","E","?","T","R","E","R","$","E","R","BOSS","M","?","M","M","M","E"],"build_version":"2019-07-17","purchased_purges":0,"victory":false,"max_hp_per_floor":[71,71,71,71,71,71,71,71,71,71,71,71,71,71,71,71,71,71,71,71,71,71,71],"card_choices":[{"not_picked":["Steam","Melter"],"picked":"Streamline","floor":1.0},{"not_picked":["Scrape","Go for the Eyes"],"picked":"Glacier","floor":2.0},{"not_picked":["Melter","Barrage"],"picked":"Ball Lightning","floor":3.0},{"not_picked":["Steam Power","Hello World"],"picked":"Compile Driver","floor":4.0},{"not_picked":["Tempest","Beam Cell"],"picked":"Sweeping Beam","floor":5.0},{"not_picked":["Lockon","Turbo","Aggregate"],"picked":"SKIP","floor":7.0},{"not_picked":["Sweeping Beam","Leap"],"picked":"Static Discharge","floor":11.0},{"not_picked":["Double Energy","Auto Shields","Hello World"],"picked":"SKIP","floor":14.0},{"not_picked":["Meteor Strike","Seek"],"picked":"Hyperbeam","floor":16.0},{"not_picked":["Blizzard","Storm"],"picked":"Go for the Eyes+1","floor":18},{"not_picked":["Force Field","Cold Snap"],"picked":"Undo+1","floor":20},{"not_picked":["Aggregate","Sweeping Beam","Double Energy"],"picked":"SKIP","floor":21},{"not_picked":["Beam Cell","Hello World","Cold Snap"],"picked":"SKIP","floor":22}],"player_experience":1608086,"relics_obtained":[{"floor":7.0,"key":"Gremlin Horn"},{"floor":9.0,"key":"Blood Vial"},{"floor":11.0,"key":"Omamori"},{"floor":14.0,"key":"Art of War"}],"event_choices":[{"damage_healed":14,"gold_gain":0,"player_choice":"Heal","damage_taken":0,"max_hp_gain":0,"max_hp_loss":0,"event_name":"The Library","floor":19,"gold_loss":0}],"is_beta":false,"boss_relics":[{"not_picked":["Sozu","Inserter"],"picked":"Philosopher\u0027s Stone"}],"items_purged_floors":[],"is_endless":false,"potions_floor_spawned":[2,4,5,7,14,18,20],"killed_by":"Book of Stabbing","ascension_level":20}