{"gold_per_floor":[115,127,127,92,11,36,36,51,51,69,104,122,139,166,166,245,245,258,41,41,55,74,74,102,102,157,186,23,23,23,55,55,55],"floor_reached":33,"playtime":2148,"items_purged":[],"score":646,"play_id":"192f6984-23c3-45e1-821d-3ad56be3626f","local_time":"20190907233250","is_ascension_mode":true,"campfire_choices":[{"data":"Sunder","floor":7.0,"key":"SMITH"},{"data":"Zap","floor":15.0,"key":"SMITH"},{"data":"Redo","floor":23.0,"key":"SMITH"},{"floor":25,"key":"REST"},{"floor":32,"key":"REST"}],"neow_cost":"NONE","seed_source_timestamp":1707237646673500,"circlet_count":0,"master_deck":["AscendersBane","Zap+1","Dualcast","Cold Snap","Cold Snap","Sunder+1","Conserve Battery","Ball Lightning","Seek","Self Repair","Go for the Eyes","Reinforced Body","All For One","Doom and Gloom","Genetic Algorithm","Beam Cell","Redo+1","Rebound","Tempest","Force Field","Heatsinks","Leap","Glacier","Compile Driver","FTL","Steam+1","Seek"],"special_seed":0,"relics":["Cracked Core","Emotion Chip","Turnip","Art of War","Vajra","Pandora\u0027s Box","DataDisk","Bottled Flame","Tiny Chest","Oddly Smooth Stone","PreservedInsect","Molten Egg 2"],"potions_floor_usage":[24],"damage_taken":[{"damage":3.0,"enemies":"2 Louse","floor":1.0,"turns":2.0},{"damage":7.0,"enemies":"Jaw Worm","floor":2.0,"turns":4.0},{"damage":29.0,"enemies":"Lagavulin","floor":6.0,"turns":6.0},{"damage":0.0,"enemies":"Cultist","floor":8.0,"turns":2.0},{"damage":2.0,"enemies":"2 Fungi Beasts","floor":10.0,"turns":2.0},{"damage":1.0,"enemies":"3 Sentries","floor":11.0,"turns":3.0},{"damage":12.0,"enemies":"Exordium Wildlife","floor":12.0,"turns":3.0},{"damage":5.0,"enemies":"Large Slime","floor":13.0,"turns":5.0},{"damage":12.0,"enemies":"Lagavulin","floor":14.0,"turns":7.0},{"damage":27.0,"enemies":"The Guardian","floor":16.0,"turns":12.0},{"damage":2.0,"enemies":"Spheric Guardian","floor":18.0,"turns":3.0},{"damage":9.0,"enemies":"Shell Parasite","floor":21.0,"turns":6.0},{"damage":15.0,"enemies":"Shelled Parasite and Fungi","floor":22.0,"turns":3.0},{"damage":16,"enemies":"Slavers","floor":24,"turns":3},{"damage":15,"enemies":"Book of Stabbing","floor":27,"turns":7},{"damage":20,"enemies":"Slavers","floor":31,"turns":3},{"damage":78,"enemies":"Automaton","floor":33,"turns":10}],"seed_played":"-8793552500552262528","potions_obtained":[{"floor":0.0,"key":"Explosive Potion"},{"floor":0.0,"key":"Weak Potion"},{"floor":2.0,"key":"Block Potion"},{"floor":16.0,"key":"SteroidPotion"},{"floor":21.0,"key":"SkillPotion"},{"floor":31,"key":"LiquidBronze"}],"is_trial":false,"path_per_floor":["M","M","?","?","$","E","R","M","T","M","E","M","M","E","R","B",null,"M","$","?","M","M","R","E","R","T","E","$","?","$","E","R","B"],"character_chosen":"DEFECT","items_purchased":["Sunder","DataDisk","Leap","PreservedInsect"],"campfire_rested":2,"item_purchase_floors":[5,19,19,28],"current_hp_per_floor":[61,54,54,71,71,42,42,42,42,40,39,34,36,31,31,11,56,61,61,61,59,51,51,35,56,56,48,48,48,48,35,56,0],"gold":55,"neow_bonus":"THREE_SMALL_POTIONS","is_prod":false,"is_daily":false,"chose_seed":false,"campfire_upgraded":3,"win_rate":0,"timestamp":1567895570,"path_taken":["M","M","?","?","?","E","R","M","T","?","E","M","M","E","R","BOSS","M","$","?","M","M","R","E","R","T","E","$","?","?","E","R","BOSS"],"build_version":"2019-07-17","purchased_purges":0,"victory":false,"max_hp_per_floor":[71,71,71,71,71,71,71,71,71,71,71,71,71,71,71,71,71,71,71,71,71,71,71,71,71,71,71,71,71,71,71,71,71],"card_choices":[{"not_picked":["Defragment","Hologram"],"picked":"Cold Snap","floor":1.0},{"not_picked":["Barrage","Leap"],"picked":"Cold Snap","floor":2.0},{"not_picked":["Heatsinks","Melter"],"picked":"Conserve Battery","floor":6.0},{"not_picked":["Turbo","Steam Power"],"picked":"Ball Lightning","floor":8.0},{"not_picked":["Conserve Battery","Barrage"],"picked":"Seek","floor":10.0},{"not_picked":["Compile Driver","Coolheaded"],"picked":"Self Repair","floor":11.0},{"not_picked":["Ball Lightning","Barrage","Scrape"],"picked":"SKIP","floor":12.0},{"not_picked":["Chaos","Barrage"],"picked":"Go for the Eyes","floor":13.0},{"not_picked":["Reboot","Gash"],"picked":"Reinforced Body","floor":14.0},{"not_picked":["Multi-Cast","Core Surge"],"picked":"All For One","floor":16.0},{"not_picked":["Steam","Rebound","Barrage"],"picked":"SKIP","floor":18.0},{"not_picked":["Beam Cell","Streamline+1","Coolheaded"],"picked":"SKIP","floor":21.0},{"not_picked":["Hologram","Recycle"],"picked":"Compile Driver","floor":22.0},{"not_picked":["Leap","Machine Learning"],"picked":"FTL","floor":24},{"not_picked":["Lockon","Compile Driver"],"picked":"Steam+1","floor":27},{"not_picked":["Go for the Eyes","Thunder Strike"],"picked":"Seek","floor":31}],"player_experience":1653663,"relics_obtained":[{"floor":6.0,"key":"Emotion Chip"},{"floor":9.0,"key":"Turnip"},{"floor":11.0,"key":"Art of War"},{"floor":14.0,"key":"Vajra"},{"floor":24,"key":"Bottled Flame"},{"floor":26,"key":"Tiny Chest"},{"floor":27,"key":"Oddly Smooth Stone"},{"floor":31,"key":"Molten Egg 2"}],"event_choices":[{"damage_healed":0.0,"max_hp_gain":0.0,"max_hp_loss":0.0,"gold_gain":0.0,"event_name":"Liars Game","player_choice":"Ignored","floor":3.0,"gold_loss":0.0,"damage_taken":0.0},{"damage_healed":17.0,"max_hp_gain":0.0,"max_hp_loss":0.0,"gold_gain":0.0,"event_name":"The Cleric","player_choice":"Healed","floor":4.0,"gold_loss":35.0,"damage_taken":0.0},{"damage_healed":0.0,"max_hp_gain":0.0,"max_hp_loss":0.0,"gold_gain":0.0,"event_name":"The Library","player_choice":"Read","floor":20.0,"gold_loss":0.0,"damage_taken":0.0,"cards_obtained":["Glacier"]},{"damage_healed":0,"gold_gain":0,"player_choice":"Ignored","damage_taken":0,"max_hp_gain":0,"max_hp_loss":0,"event_name":"Vampires","floor":29,"gold_loss":0}],"is_beta":false,"boss_relics":[{"not_picked":["Ectoplasm","Philosopher\u0027s Stone"],"picked":"Pandora\u0027s Box"}],"items_purged_floors":[],"is_endless":false,"potions_floor_spawned":[1,2,10,16,21,31],"killed_by":"Automaton","ascension_level":20}