{"gold_per_floor":[116,127,92,103,116,116,136,136,181,208,208,220,238,250,250,328,328,347,347,347,361,148,148,174,174,174,174,199,199,209,225,225,296,296,310,310,15,34,48,48,60,138,138,170,187,218,229,247,247,247,247,247,247,86,86,86],"floor_reached":56,"playtime":11321,"items_purged":[],"score":2056,"play_id":"51ec514f-3c54-4ba6-8f63-164717957790","local_time":"20190901201401","is_ascension_mode":true,"campfire_choices":[{"data":"Defragment","floor":6.0,"key":"SMITH"},{"data":"Zap","floor":8.0,"key":"SMITH"},{"data":"Self Repair","floor":11.0,"key":"SMITH"},{"data":"Darkness","floor":15.0,"key":"SMITH"},{"data":"Biased Cognition","floor":23.0,"key":"SMITH"},{"data":"Loop","floor":25.0,"key":"SMITH"},{"data":"Go for the Eyes","floor":27.0,"key":"SMITH"},{"data":"Glacier","floor":32.0,"key":"SMITH"},{"floor":40.0,"key":"RECALL"},{"data":"Capacitor","floor":49,"key":"SMITH"},{"data":"Buffer","floor":53,"key":"SMITH"}],"neow_cost":"NONE","seed_source_timestamp":0,"circlet_count":0,"master_deck":["AscendersBane","Strike_B+1","Defend_B+1","Defend_B+1","Defend_B+1","Defend_B+1","Zap+1","Dualcast","Self Repair+1","Defragment+1","FTL+1","Loop+1","Go for the Eyes+1","Echo Form","Glacier+1","Cold Snap","Darkness+1","Barrage","Biased Cognition+1","Compile Driver+1","Electrodynamics","Hologram+1","Glacier","Capacitor+1","Recycle","Buffer+1"],"special_seed":0,"relics":["FrozenCore","Dream Catcher","Orichalcum","Ornamental Fan","OrangePellets","PreservedInsect","Bag of Marbles","Unceasing Top","Snecko Eye","Strawberry","Whetstone","Molten Egg 2","Ice Cream"],"potions_floor_usage":[50,51,55,55],"damage_taken":[{"damage":1.0,"enemies":"Cultist","floor":1.0,"turns":3.0},{"damage":22.0,"enemies":"Small Slimes","floor":2.0,"turns":5.0},{"damage":9.0,"enemies":"Jaw Worm","floor":4.0,"turns":5.0},{"damage":1.0,"enemies":"2 Fungi Beasts","floor":5.0,"turns":3.0},{"damage":16.0,"enemies":"Blue Slaver","floor":7.0,"turns":4.0},{"damage":26.0,"enemies":"3 Sentries","floor":10.0,"turns":7.0},{"damage":13.0,"enemies":"Red Slaver","floor":12.0,"turns":4.0},{"damage":0.0,"enemies":"Exordium Wildlife","floor":13.0,"turns":5.0},{"damage":0.0,"enemies":"Gremlin Gang","floor":14.0,"turns":1.0},{"damage":33.0,"enemies":"The Guardian","floor":16.0,"turns":6.0},{"damage":20.0,"enemies":"Shell Parasite","floor":18.0,"turns":5.0},{"damage":8.0,"enemies":"3 Byrds","floor":21.0,"turns":6.0},{"damage":6.0,"enemies":"Book of Stabbing","floor":24.0,"turns":6.0},{"damage":8.0,"enemies":"Slavers","floor":28.0,"turns":6.0},{"damage":1.0,"enemies":"Snake Plant","floor":30.0,"turns":4.0},{"damage":0.0,"enemies":"3 Cultists","floor":31.0,"turns":5.0},{"damage":21.0,"enemies":"Collector","floor":33.0,"turns":7.0},{"damage":19.0,"enemies":"Orb Walker","floor":35.0,"turns":5.0},{"damage":13.0,"enemies":"3 Shapes","floor":38.0,"turns":6.0},{"damage":0.0,"enemies":"Maw","floor":39.0,"turns":8.0},{"damage":2.0,"enemies":"3 Darklings","floor":41.0,"turns":6.0},{"damage":3,"enemies":"Giant Head","floor":44,"turns":7},{"damage":6,"enemies":"Writhing Mass","floor":45,"turns":8},{"damage":0,"enemies":"Nemesis","floor":46,"turns":9},{"damage":16,"enemies":"Spire Growth","floor":47,"turns":7},{"damage":0,"enemies":"Sphere and 2 Shapes","floor":48,"turns":7},{"damage":44,"enemies":"Donu and Deca","floor":50,"turns":13},{"damage":0,"enemies":"Awakened One","floor":51,"turns":16},{"damage":67,"enemies":"Shield and Spear","floor":55,"turns":6},{"damage":10,"enemies":"The Heart","floor":56,"turns":2}],"seed_played":"-1576090969525909108","potions_obtained":[{"floor":4.0,"key":"PowerPotion"},{"floor":12.0,"key":"AttackPotion"},{"floor":16.0,"key":"Swift Potion"},{"floor":18.0,"key":"FocusPotion"},{"floor":21.0,"key":"Strength Potion"},{"floor":33.0,"key":"Fire Potion"},{"floor":38.0,"key":"FairyPotion"},{"floor":41,"key":"Ancient Potion"},{"floor":47,"key":"FocusPotion"}],"is_trial":false,"path_per_floor":["M","M","?","M","M","R","M","R","T","E","R","M","M","M","R","B",null,"M","?","?","M","$","R","E","R","T","R","E","$","M","M","R","B",null,"M","?","$","M","M","R","M","T","T","E","M","E","M","M","R","B","B",null,"R","$","E","B"],"character_chosen":"DEFECT","items_purchased":["OrangePellets","Glacier","Strawberry","PowerPotion","PowerPotion","SmokeBomb"],"campfire_rested":0,"item_purchase_floors":[22,37,37,37,54,54],"current_hp_per_floor":[63,48,65,63,69,69,60,60,60,41,41,38,48,48,48,25,60,50,50,50,62,62,62,71,71,71,71,71,71,71,71,71,60,68,59,59,66,53,73,73,78,78,78,75,78,78,72,78,78,54,74,77,77,77,10,0],"gold":86,"neow_bonus":"RANDOM_COMMON_RELIC","is_prod":false,"is_daily":false,"chose_seed":false,"campfire_upgraded":10,"win_rate":0,"timestamp":1567365241,"path_taken":["M","?","?","M","M","R","M","R","T","E","R","M","M","M","R","BOSS","M","?","?","M","$","R","E","R","T","R","E","$","M","M","R","BOSS","M","?","$","M","?","R","M","?","T","E","M","E","M","?","R","BOSS","BOSS","R","$","E","BOSS"],"build_version":"2019-07-17","purchased_purges":0,"victory":false,"max_hp_per_floor":[71,71,71,71,71,71,71,71,71,71,71,71,71,71,71,71,71,71,71,71,71,71,71,71,71,71,71,71,71,71,71,71,71,71,71,71,78,78,78,78,78,78,78,78,78,78,78,78,78,78,78,78,78,78,78,78],"card_choices":[{"not_picked":["Barrage","Undo"],"picked":"Self Repair","floor":1.0},{"not_picked":["Steam","Chill"],"picked":"Defragment","floor":2.0},{"not_picked":["Fusion","Stack"],"picked":"FTL","floor":4.0},{"not_picked":["BootSequence","Undo"],"picked":"Loop","floor":5.0},{"not_picked":["Streamline","Skim"],"picked":"Go for the Eyes","floor":7.0},{"not_picked":["Cold Snap","Compile Driver"],"picked":"Echo Form","floor":10.0},{"not_picked":["Stack","Barrage"],"picked":"Glacier","floor":12.0},{"not_picked":["Force Field","Auto Shields"],"picked":"Cold Snap","floor":13.0},{"not_picked":["Gash","Steam Power"],"picked":"Darkness","floor":14.0},{"not_picked":["Stack","Steam","Coolheaded"],"picked":"SKIP","floor":18.0},{"not_picked":["Hello World","Undo+1"],"picked":"Compile Driver","floor":21.0},{"not_picked":["Leap","Scrape","Consume"],"picked":"SKIP","floor":24.0},{"not_picked":["Sweeping Beam","Double Energy","Cold Snap"],"picked":"SKIP","floor":28.0},{"not_picked":["Ball Lightning","Turbo","Compile Driver"],"picked":"SKIP","floor":30.0},{"not_picked":["White Noise","Scrape","FTL"],"picked":"SKIP","floor":31.0},{"not_picked":["Buffer","Hyperbeam"],"picked":"Electrodynamics","floor":33.0},{"not_picked":["Coolheaded","Ball Lightning+1"],"picked":"Hologram+1","floor":35.0},{"not_picked":["Streamline","Undo"],"picked":"Capacitor","floor":38.0},{"not_picked":["Leap","Rebound","Barrage"],"picked":"SKIP","floor":39.0},{"not_picked":["Turbo+1","Rip and Tear"],"picked":"Recycle","floor":41},{"not_picked":["Heatsinks","Rebound","Fusion"],"picked":"SKIP","floor":44},{"not_picked":["Doom and Gloom+1","Stack"],"picked":"Buffer","floor":45},{"not_picked":["Ball Lightning+1","Melter+1","Darkness+1"],"picked":"SKIP","floor":46},{"not_picked":["Hologram","Coolheaded","Compile Driver+1"],"picked":"SKIP","floor":47},{"not_picked":["Turbo","Steam","Gash+1"],"picked":"SKIP","floor":48}],"player_experience":1589639,"relics_obtained":[{"floor":9.0,"key":"Orichalcum"},{"floor":10.0,"key":"Ornamental Fan"},{"floor":24.0,"key":"PreservedInsect"},{"floor":26.0,"key":"Bag of Marbles"},{"floor":28.0,"key":"Unceasing Top"},{"floor":43,"key":"Whetstone"},{"floor":44,"key":"Molten Egg 2"},{"floor":46,"key":"Ice Cream"}],"event_choices":[{"damage_healed":17.0,"max_hp_gain":0.0,"max_hp_loss":0.0,"gold_gain":0.0,"event_name":"The Cleric","player_choice":"Healed","floor":3.0,"gold_loss":35.0,"damage_taken":0.0},{"damage_healed":0.0,"max_hp_gain":0.0,"max_hp_loss":0.0,"gold_gain":0.0,"event_name":"Back to Basics","player_choice":"Simplicity","floor":19.0,"gold_loss":0.0,"damage_taken":0.0,"cards_upgraded":["Strike_B","Strike_B","Strike_B","Strike_B","Defend_B","Defend_B","Defend_B","Defend_B"]},{"damage_healed":0.0,"max_hp_gain":0.0,"max_hp_loss":0.0,"gold_gain":0.0,"cards_transformed":["Strike_B","Strike_B"],"event_name":"Drug Dealer","player_choice":"Became Test Subject","floor":20.0,"gold_loss":0.0,"damage_taken":0.0,"cards_obtained":["Barrage","Biased Cognition"]},{"cards_removed":["Strike_B"],"damage_healed":0.0,"max_hp_gain":0.0,"max_hp_loss":0.0,"gold_gain":0.0,"event_name":"Bonfire Elementals","player_choice":"Offered Basic","floor":36.0,"gold_loss":0.0,"damage_taken":0.0}],"is_beta":false,"boss_relics":[{"not_picked":["Lizard Tail","Runic Dome"],"picked":"FrozenCore"},{"not_picked":["Calling Bell","Runic Pyramid"],"picked":"Snecko Eye"}],"items_purged_floors":[],"is_endless":false,"potions_floor_spawned":[4,12,13,16,18,21,33,38,41,47,48,55],"killed_by":"The Heart","ascension_level":20}