{"gold_per_floor":[114,130,130,5,5,36,36,67,94,94,94,105,105,24,24,96,96,16,16,16,16,16,16],"floor_reached":23,"playtime":1064,"items_purged":[],"score":394,"play_id":"b079291e-d5f4-46b2-a5e0-1606d2e372ed","local_time":"20190829231212","is_ascension_mode":true,"campfire_choices":[{"floor":7,"key":"REST"},{"data":"Defragment","floor":10,"key":"SMITH"},{"data":"Loop","floor":13,"key":"SMITH"},{"floor":15,"key":"REST"}],"neow_cost":"NONE","seed_source_timestamp":929527821000700,"circlet_count":0,"master_deck":["AscendersBane","Strike_B","Strike_B","Strike_B","Defend_B+1","Defend_B","Defend_B","Zap+1","Dualcast","Loop+1","Hologram+1","Defragment+1","FTL","Reboot","Ball Lightning","Coolheaded","Static Discharge","Compile Driver","Gash","Defragment"],"relics":["Cracked Core","Blood Vial","Bronze Scales","Dream Catcher","Ectoplasm"],"potions_floor_usage":[8,8,22,23,23],"damage_taken":[{"damage":2,"enemies":"Cultist","floor":1,"turns":4},{"damage":2,"enemies":"2 Louse","floor":2,"turns":3},{"damage":12,"enemies":"Lagavulin","floor":6,"turns":6},{"damage":22,"enemies":"Gremlin Nob","floor":8,"turns":4},{"damage":0,"enemies":"Jaw Worm","floor":12,"turns":2},{"damage":44,"enemies":"The Guardian","floor":16,"turns":8},{"damage":14,"enemies":"2 Thieves","floor":18,"turns":3},{"damage":8,"enemies":"Spheric Guardian","floor":19,"turns":3},{"damage":21,"enemies":"Chosen and Byrds","floor":22,"turns":4},{"damage":26,"enemies":"Gremlin Leader","floor":23,"turns":2}],"seed_played":"-5930551821938164835","potions_obtained":[{"floor":2,"key":"Strength Potion"},{"floor":6,"key":"Ancient Potion"},{"floor":18,"key":"GamblersBrew"},{"floor":19,"key":"LiquidBronze"},{"floor":22,"key":"Dexterity Potion"}],"is_trial":false,"path_per_floor":["M","M","?","$","?","E","R","E","T","R","?","M","R","$","R","B",null,"M","M","$","?","M","E"],"character_chosen":"DEFECT","items_purchased":["Defragment","FTL","Static Discharge"],"campfire_rested":2,"item_purchase_floors":[4,4,14],"current_hp_per_floor":[62,60,53,53,32,20,41,21,21,21,21,23,23,23,44,2,54,42,36,36,36,17,0],"gold":16,"neow_bonus":"UPGRADE_CARD","is_prod":false,"is_daily":false,"chose_seed":false,"campfire_upgraded":2,"win_rate":0,"timestamp":1567116732,"path_taken":["M","M","?","$","?","E","R","E","T","R","?","M","R","?","R","BOSS","M","M","$","?","M","E"],"build_version":"2019-07-17","purchased_purges":0,"victory":false,"max_hp_per_floor":[71,71,71,71,71,71,71,71,71,71,71,71,71,71,71,71,71,71,71,71,71,71,71],"card_choices":[{"not_picked":["Stack","Turbo"],"picked":"Loop","floor":1},{"not_picked":["Turbo","Steam"],"picked":"Hologram","floor":2},{"not_picked":["Tempest","Streamline"],"picked":"Reboot","floor":6},{"not_picked":["Conserve Battery","Sunder"],"picked":"Ball Lightning","floor":8},{"not_picked":["Reprogram","Cold Snap"],"picked":"Coolheaded","floor":12},{"not_picked":["Conserve Battery","Hello World"],"picked":"Compile Driver","floor":15},{"not_picked":["Beam Cell+1","Redo"],"picked":"Gash","floor":18},{"not_picked":["Aggregate","Chill"],"picked":"Defragment","floor":19},{"not_picked":["Barrage","Turbo","Ball Lightning"],"picked":"SKIP","floor":22}],"player_experience":1563483,"relics_obtained":[{"floor":6,"key":"Blood Vial"},{"floor":8,"key":"Bronze Scales"},{"floor":9,"key":"Dream Catcher"}],"event_choices":[{"cards_removed":["Defend_B"],"damage_healed":0,"gold_gain":0,"player_choice":"Card Removal","damage_taken":7,"max_hp_gain":0,"max_hp_loss":0,"event_name":"Golden Wing","floor":3,"gold_loss":0},{"damage_healed":0,"gold_gain":0,"player_choice":"Entered Light","damage_taken":21,"max_hp_gain":0,"max_hp_loss":0,"event_name":"Shining Light","floor":5,"gold_loss":0,"cards_upgraded":["Defend_B","Hologram"]},{"damage_healed":0,"gold_gain":0,"player_choice":"Fled","damage_taken":0,"max_hp_gain":0,"max_hp_loss":0,"event_name":"Scrap Ooze","floor":11,"gold_loss":0},{"cards_removed":["Strike_B"],"damage_healed":0,"gold_gain":0,"player_choice":"Purged","damage_taken":0,"max_hp_gain":0,"max_hp_loss":0,"event_name":"Purifier","floor":21,"gold_loss":0}],"is_beta":false,"boss_relics":[{"not_picked":["Philosopher\u0027s Stone","Tiny House"],"picked":"Ectoplasm"}],"items_purged_floors":[],"is_endless":false,"potions_floor_spawned":[2,6,18,19,22],"killed_by":"Gremlin Leader","ascension_level":20}