{"gold_per_floor":[111,111,111,126,145,145,70,70,117,158,170,212,224],"floor_reached":13,"playtime":299,"items_purged":["Pain"],"score":182,"play_id":"7bdc60d6-8a8e-49a5-badc-baff878c89c4","local_time":"20190831133858","is_ascension_mode":true,"campfire_choices":[{"data":"Zap","floor":6.0,"key":"SMITH"},{"data":"Sweeping Beam","floor":8.0,"key":"SMITH"}],"neow_cost":"NONE","seed_source_timestamp":1068670790382100,"circlet_count":0,"master_deck":["AscendersBane","Strike_B","Strike_B","Strike_B","Strike_B","Defend_B","Defend_B","Defend_B","Defend_B","Zap+1","Dualcast","White Noise","Sweeping Beam+1"],"special_seed":0,"relics":["Cracked Core","NeowsBlessing","WarpedTongs","MawBank","Kunai","Orichalcum"],"potions_floor_usage":[12],"damage_taken":[{"damage":0.0,"enemies":"Small Slimes","floor":1.0,"turns":1.0},{"damage":2.0,"enemies":"2 Louse","floor":4.0,"turns":1.0},{"damage":0.0,"enemies":"Cultist","floor":5.0,"turns":1.0},{"damage":24.0,"enemies":"Lagavulin","floor":10.0,"turns":6.0},{"damage":39,"enemies":"Gremlin Nob","floor":12,"turns":4},{"damage":9,"enemies":"Red Slaver","floor":13,"turns":1}],"seed_played":"6975180524412746878","potions_obtained":[{"floor":1.0,"key":"Strength Potion"},{"floor":5.0,"key":"Dexterity Potion"}],"is_trial":false,"path_per_floor":["M","?","?","M","M","R","$","R","T","E","$","E","M"],"character_chosen":"DEFECT","items_purchased":[],"campfire_rested":0,"item_purchase_floors":[],"current_hp_per_floor":[64,69,69,67,67,67,67,67,67,43,43,4,0],"gold":224,"neow_bonus":"THREE_ENEMY_KILL","is_prod":false,"is_daily":false,"chose_seed":false,"campfire_upgraded":2,"win_rate":0,"timestamp":1567255138,"path_taken":["M","?","?","?","M","R","$","R","T","E","?","E","M"],"build_version":"2019-07-17","purchased_purges":1,"victory":false,"max_hp_per_floor":[71,76,76,76,76,76,76,76,76,76,76,76,76],"card_choices":[{"not_picked":["Consume","Aggregate","Turbo"],"picked":"SKIP","floor":1.0},{"not_picked":["Barrage","Gash"],"picked":"White Noise","floor":4.0},{"not_picked":["Chaos","Genetic Algorithm"],"picked":"Sweeping Beam","floor":5.0},{"not_picked":["Loop","Capacitor","Melter"],"picked":"SKIP","floor":10.0},{"not_picked":["Barrage","Beam Cell","Steam"],"picked":"SKIP","floor":12}],"player_experience":1579021,"relics_obtained":[{"floor":9.0,"key":"MawBank"},{"floor":10.0,"key":"Kunai"},{"floor":12,"key":"Orichalcum"}],"event_choices":[{"damage_healed":0.0,"max_hp_gain":5.0,"max_hp_loss":0.0,"gold_gain":0.0,"event_name":"Big Fish","player_choice":"Donut","floor":2.0,"gold_loss":0.0,"damage_taken":0.0},{"damage_healed":0.0,"max_hp_gain":0.0,"max_hp_loss":0.0,"gold_gain":0.0,"event_name":"Accursed Blacksmith","player_choice":"Rummage","floor":3.0,"gold_loss":0.0,"damage_taken":0.0,"relics_obtained":["WarpedTongs"],"cards_obtained":["Pain"]}],"is_beta":false,"boss_relics":[],"items_purged_floors":[7],"is_endless":false,"potions_floor_spawned":[1,5,10],"killed_by":"Red Slaver","ascension_level":20}