{"gold_per_floor":[111,24,37,87,30,30,58,58,58,68,101,101,101],"floor_reached":13,"playtime":330,"items_purged":[],"score":232,"play_id":"94e8bbe9-e0cc-48a4-bd91-3ee353cb2b29","local_time":"20190829223142","is_ascension_mode":true,"campfire_choices":[{"data":"Zap","floor":6,"key":"SMITH"},{"data":"Defragment","floor":8,"key":"SMITH"}],"neow_cost":"NONE","seed_source_timestamp":927831647661900,"circlet_count":0,"master_deck":["AscendersBane","Strike_B","Strike_B","Strike_B","Strike_B","Defend_B","Defend_B","Defend_B","Defend_B","Zap+1","Dualcast","Defragment+1","Conserve Battery","Coolheaded","Genetic Algorithm","Sweeping Beam"],"relics":["Cracked Core","NeowsBlessing","Smiling Mask","Calipers","Peace Pipe"],"potions_floor_usage":[11,13],"damage_taken":[{"damage":0,"enemies":"Cultist","floor":1,"turns":1},{"damage":0,"enemies":"2 Louse","floor":3,"turns":1},{"damage":0,"enemies":"Lagavulin","floor":7,"turns":1},{"damage":1,"enemies":"Small Slimes","floor":10,"turns":4},{"damage":11,"enemies":"3 Sentries","floor":11,"turns":7},{"damage":66,"enemies":"Gremlin Nob","floor":13,"turns":4}],"seed_played":"-2687988249501670778","potions_obtained":[{"floor":1,"key":"Explosive Potion"}],"is_trial":false,"path_per_floor":["M","$","M","?","$","R","E","R","T","M","E","?","E"],"character_chosen":"DEFECT","items_purchased":["Defragment","SteroidPotion"],"campfire_rested":0,"item_purchase_floors":[2,5],"current_hp_per_floor":[64,64,64,64,64,64,64,64,64,63,52,57,0],"gold":101,"neow_bonus":"THREE_ENEMY_KILL","is_prod":false,"is_daily":false,"chose_seed":false,"campfire_upgraded":2,"win_rate":0,"timestamp":1567114302,"path_taken":["M","$","?","?","$","R","E","R","T","?","E","?","E"],"build_version":"2019-07-17","purchased_purges":0,"victory":false,"max_hp_per_floor":[71,71,71,71,71,71,71,71,71,71,71,76,76],"card_choices":[{"not_picked":["Heatsinks","Turbo","Rebound"],"picked":"SKIP","floor":1},{"not_picked":["Beam Cell","Lockon"],"picked":"Conserve Battery","floor":3},{"not_picked":["Leap","Hologram"],"picked":"Coolheaded","floor":7},{"not_picked":["Doom and Gloom","Steam"],"picked":"Genetic Algorithm","floor":10},{"not_picked":["Rebound","Amplify"],"picked":"Sweeping Beam","floor":11}],"player_experience":1561860,"relics_obtained":[{"floor":7,"key":"Smiling Mask"},{"floor":9,"key":"Calipers"},{"floor":11,"key":"Peace Pipe"}],"event_choices":[{"damage_healed":0,"gold_gain":50,"player_choice":"Pray","damage_taken":0,"max_hp_gain":0,"max_hp_loss":0,"event_name":"Golden Shrine","floor":4,"gold_loss":0},{"damage_healed":0,"gold_gain":0,"player_choice":"Donut","damage_taken":0,"max_hp_gain":5,"max_hp_loss":0,"event_name":"Big Fish","floor":12,"gold_loss":0}],"is_beta":false,"boss_relics":[],"items_purged_floors":[],"is_endless":false,"potions_floor_spawned":[1],"killed_by":"Gremlin Nob","ascension_level":20}