{"gold_per_floor":[119,133,143,68,68,68,97,114,161,161,27,56,56,56,56,56],"floor_reached":16,"playtime":659,"items_purged":["Defend_B"],"score":216,"play_id":"8ebd042e-c22f-44ce-a588-e1156250e072","local_time":"20190908162013","is_ascension_mode":true,"campfire_choices":[{"data":"Zap","floor":6,"key":"SMITH"},{"floor":13,"key":"REST"},{"floor":15,"key":"REST"}],"neow_cost":"NONE","seed_source_timestamp":1769218634342000,"circlet_count":0,"master_deck":["AscendersBane","Strike_B","Strike_B","Strike_B","Strike_B","Defend_B","Defend_B","Defend_B","Zap+1","Dualcast","Streamline+1","Cold Snap","Leap","Cold Snap","Reinforced Body+1","Capacitor","Compile Driver"],"relics":["Cracked Core","Toxic Egg 2","Bag of Preparation","GremlinMask","Oddly Smooth Stone","Golden Idol"],"potions_floor_usage":[4,12,12],"damage_taken":[{"damage":7,"enemies":"Small Slimes","floor":1,"turns":3},{"damage":1,"enemies":"Cultist","floor":2,"turns":3},{"damage":8,"enemies":"2 Louse","floor":3,"turns":2},{"damage":19,"enemies":"3 Sentries","floor":7,"turns":6},{"damage":14,"enemies":"Exordium Thugs","floor":8,"turns":4},{"damage":22,"enemies":"Gremlin Nob","floor":12,"turns":4},{"damage":62,"enemies":"Slime Boss","floor":16,"turns":8}],"seed_played":"-5404317388322138543","potions_obtained":[{"floor":1,"key":"Fruit Juice"},{"floor":3,"key":"SteroidPotion"}],"is_trial":false,"path_per_floor":["M","M","M","$","?","R","E","M","T","?","$","E","R","?","R","B"],"character_chosen":"DEFECT","items_purchased":["Capacitor","PowerPotion"],"campfire_rested":2,"item_purchase_floors":[11,11],"current_hp_per_floor":[64,63,55,60,60,60,41,27,27,27,27,5,29,29,51,0],"gold":56,"neow_bonus":"TEN_PERCENT_HP_BONUS","is_prod":false,"is_daily":false,"chose_seed":false,"campfire_upgraded":1,"win_rate":0,"timestamp":1567956013,"path_taken":["M","M","M","$","?","R","E","?","T","?","?","E","R","?","R","BOSS"],"build_version":"2019-08-26","purchased_purges":1,"victory":false,"max_hp_per_floor":[78,78,78,83,83,83,83,83,83,83,83,83,83,75,75,75],"card_choices":[{"not_picked":["Heatsinks","Coolheaded"],"picked":"Streamline","floor":1},{"not_picked":["Compile Driver","Turbo"],"picked":"Cold Snap","floor":2},{"not_picked":["Barrage","Streamline"],"picked":"Leap","floor":3},{"not_picked":["Heatsinks","Leap"],"picked":"Cold Snap","floor":7},{"not_picked":["Hello World","Melter"],"picked":"Reinforced Body+1","floor":8},{"not_picked":["Ball Lightning","Steam Power+1"],"picked":"Compile Driver","floor":12}],"player_experience":1659674,"relics_obtained":[{"floor":7,"key":"Toxic Egg 2"},{"floor":9,"key":"Bag of Preparation"},{"floor":12,"key":"Oddly Smooth Stone"}],"event_choices":[{"damage_healed":0,"gold_gain":0,"player_choice":"Forge","damage_taken":0,"max_hp_gain":0,"max_hp_loss":0,"event_name":"Accursed Blacksmith","floor":5,"gold_loss":0,"cards_upgraded":["Streamline"]},{"damage_healed":0,"gold_gain":0,"player_choice":"Trade","damage_taken":0,"relics_obtained":["GremlinMask"],"max_hp_gain":0,"max_hp_loss":0,"event_name":"FaceTrader","floor":10,"gold_loss":0},{"damage_healed":0,"gold_gain":0,"player_choice":"Lose Max HP","damage_taken":0,"relics_obtained":["Golden Idol"],"max_hp_gain":0,"max_hp_loss":8,"event_name":"Golden Idol","floor":14,"gold_loss":0}],"is_beta":true,"boss_relics":[],"items_purged_floors":[4],"is_endless":false,"potions_floor_spawned":[1,3],"killed_by":"Slime Boss","ascension_level":20}