{"gold_per_floor":[112,112,187,187,206,206,234,234,311,311,350,350,23,62,62,155,155,175,175,195,195,195,195,227,227,227,61,74,74,74,102,102,102],"floor_reached":33,"playtime":1467,"items_purged":[],"score":570,"play_id":"1c0191af-602f-4fec-994c-f1b45963958d","local_time":"20190831144324","is_ascension_mode":true,"campfire_choices":[{"data":"Zap","floor":6,"key":"SMITH"},{"floor":8,"key":"REST"},{"data":"Defragment","floor":15,"key":"SMITH"},{"data":"Sweeping Beam","floor":23,"key":"SMITH"},{"floor":25,"key":"REST"},{"floor":30,"key":"REST"},{"data":"Capacitor","floor":32,"key":"SMITH"}],"neow_cost":"NONE","seed_source_timestamp":1071398400905400,"circlet_count":0,"master_deck":["AscendersBane","Strike_B+1","Strike_B+1","Strike_B+1","Strike_B+1","Defend_B+1","Defend_B+1","Defend_B+1","Zap+1","Dualcast","Sweeping Beam+1","Compile Driver","All For One","Coolheaded","Defragment+1","Rainbow","Gash","Leap","Capacitor+1","Sunder","Cold Snap"],"relics":["Cracked Core","NeowsBlessing","Bloody Idol","Odd Mushroom","Symbiotic Virus","DataDisk","WingedGreaves","Mummified Hand","Ginger","Sozu","Potion Belt","Prayer Wheel","Molten Egg 2"],"potions_floor_usage":[14,16,20],"damage_taken":[{"damage":0,"enemies":"2 Louse","floor":1,"turns":1},{"damage":0,"enemies":"Cultist","floor":5,"turns":1},{"damage":0,"enemies":"The Mushroom Lair","floor":7,"turns":1},{"damage":30,"enemies":"3 Sentries","floor":11,"turns":5},{"damage":8,"enemies":"Gremlin Nob","floor":14,"turns":3},{"damage":17,"enemies":"Hexaghost","floor":16,"turns":8},{"damage":8,"enemies":"Spheric Guardian","floor":18,"turns":4},{"damage":18,"enemies":"Shell Parasite","floor":20,"turns":2},{"damage":34,"enemies":"Book of Stabbing","floor":24,"turns":5},{"damage":6,"enemies":"Sentry and Sphere","floor":28,"turns":6},{"damage":7,"enemies":"Gremlin Leader","floor":31,"turns":6},{"damage":67,"enemies":"Collector","floor":33,"turns":8}],"seed_played":"-1277454090113176151","potions_obtained":[{"floor":1,"key":"Poison Potion"},{"floor":7,"key":"Weak Potion"},{"floor":16,"key":"SneckoOil"}],"is_trial":false,"path_per_floor":["M","?","?","?","M","R","?","R","T","?","E","?","$","E","R","B",null,"M","?","M","?","?","R","E","R","T","$","M","?","R","E","R","B"],"character_chosen":"DEFECT","items_purchased":["Mummified Hand","Coolheaded","Capacitor","Sunder"],"campfire_rested":3,"item_purchase_floors":[13,13,27,27],"current_hp_per_floor":[64,40,29,29,29,29,29,50,50,71,41,36,36,28,28,11,56,48,48,35,35,35,35,6,27,27,27,26,26,47,45,45,0],"gold":102,"neow_bonus":"THREE_ENEMY_KILL","is_prod":false,"is_daily":false,"chose_seed":false,"campfire_upgraded":4,"win_rate":0,"timestamp":1567259004,"path_taken":["M","?","?","?","?","R","?","R","T","?","E","?","$","E","R","BOSS","M","?","M","?","?","R","E","R","T","$","M","?","R","E","R","BOSS"],"build_version":"2019-07-17","purchased_purges":0,"victory":false,"max_hp_per_floor":[71,71,71,71,71,71,71,71,71,71,71,71,71,71,71,71,71,71,71,71,71,71,71,71,71,71,71,71,71,71,71,71,71],"card_choices":[{"not_picked":["Force Field","Redo","Chaos"],"picked":"SKIP","floor":1},{"not_picked":["Gash","Redo"],"picked":"Sweeping Beam","floor":5},{"not_picked":["Beam Cell","Stack"],"picked":"Compile Driver","floor":7},{"not_picked":["Turbo","Gash"],"picked":"All For One","floor":11},{"not_picked":["Beam Cell","Blizzard"],"picked":"Defragment","floor":14},{"not_picked":["Meteor Strike","Core Surge"],"picked":"Rainbow","floor":16},{"not_picked":["Coolheaded","Self Repair"],"picked":"Gash","floor":18},{"not_picked":["Hologram","Barrage","Force Field"],"picked":"SKIP","floor":20},{"not_picked":["Barrage","Hello World"],"picked":"Leap","floor":24},{"not_picked":["Scrape","Rebound"],"picked":"Cold Snap","floor":28},{"not_picked":["Blizzard","Rip and Tear","Barrage"],"picked":"SKIP","floor":28},{"not_picked":["Ball Lightning+1","Recycle","Steam"],"picked":"SKIP","floor":31}],"player_experience":1579320,"relics_obtained":[{"floor":7,"key":"Odd Mushroom"},{"floor":9,"key":"Symbiotic Virus"},{"floor":11,"key":"DataDisk"},{"floor":14,"key":"Ginger"},{"floor":24,"key":"Potion Belt"},{"floor":26,"key":"Prayer Wheel"},{"floor":31,"key":"Molten Egg 2"}],"event_choices":[{"damage_healed":0,"gold_gain":0,"player_choice":"Take Damage","damage_taken":24,"relics_obtained":["Golden Idol"],"max_hp_gain":0,"max_hp_loss":0,"event_name":"Golden Idol","floor":2,"gold_loss":0},{"damage_healed":0,"gold_gain":75,"player_choice":"Gather Gold","damage_taken":11,"max_hp_gain":0,"max_hp_loss":0,"event_name":"World of Goop","floor":3,"gold_loss":0},{"cards_removed":["Defend_B"],"damage_healed":0,"gold_gain":0,"player_choice":"Offered Basic","damage_taken":0,"max_hp_gain":0,"max_hp_loss":0,"event_name":"Bonfire Elementals","floor":4,"gold_loss":0},{"damage_healed":0,"gold_gain":0,"player_choice":"Fought Mushrooms","damage_taken":0,"max_hp_gain":0,"max_hp_loss":0,"event_name":"Mushrooms","floor":7,"gold_loss":0},{"damage_healed":23,"gold_gain":0,"player_choice":"Banana","damage_taken":0,"max_hp_gain":0,"max_hp_loss":0,"event_name":"Big Fish","floor":10,"gold_loss":0},{"damage_healed":0,"gold_gain":0,"player_choice":"Success","damage_taken":5,"relics_obtained":["WingedGreaves"],"max_hp_gain":0,"max_hp_loss":0,"event_name":"Scrap Ooze","floor":12,"gold_loss":0},{"damage_healed":0,"gold_gain":0,"player_choice":"Gave Idol","damage_taken":0,"relics_obtained":["Bloody Idol"],"max_hp_gain":0,"max_hp_loss":0,"event_name":"Forgotten Altar","floor":19,"relics_lost":["Golden Idol"],"gold_loss":0},{"damage_healed":0,"gold_gain":0,"player_choice":"Simplicity","damage_taken":0,"max_hp_gain":0,"max_hp_loss":0,"event_name":"Back to Basics","floor":22,"gold_loss":0,"cards_upgraded":["Strike_B","Strike_B","Strike_B","Strike_B","Defend_B","Defend_B","Defend_B"]},{"damage_healed":0,"gold_gain":0,"player_choice":"Ignored","damage_taken":0,"max_hp_gain":0,"max_hp_loss":0,"event_name":"Vampires","floor":29,"gold_loss":0}],"is_beta":false,"boss_relics":[{"not_picked":["Pandora\u0027s Box","Runic Dome"],"picked":"Sozu"}],"items_purged_floors":[],"is_endless":false,"potions_floor_spawned":[1,7,16,28,31],"killed_by":"Collector","ascension_level":20}