{"gold_per_floor":[112,122,122,10,24,59,59,88,113,113,174,99,124,140,140,211,211,231,101,101,101,124,124,143,174,174,205,219,219,244,261,261,336,386,402,421,341,360,280,315,325,325,350,360,372,372,390,390],"floor_reached":48,"playtime":4778,"items_purged":["Strike_B"],"score":1230,"play_id":"41dc93e4-db37-45c3-9f2a-4167a8523a00","local_time":"20200128233337","is_ascension_mode":true,"campfire_choices":[{"floor":7.0,"key":"REST"},{"data":"Zap","floor":10.0,"key":"SMITH"},{"data":"Loop","floor":15,"key":"SMITH"},{"floor":23,"key":"REST"},{"data":"Electrodynamics","floor":29,"key":"SMITH"},{"floor":32,"key":"REST"},{"data":"Thunder Strike","floor":42,"key":"SMITH"},{"floor":46,"key":"RECALL"}],"neow_cost":"NONE","seed_source_timestamp":0,"circlet_count":0,"master_deck":["AscendersBane","Strike_B+1","Strike_B+1","Defend_B+1","Defend_B+1","Defend_B+1","Zap+1","Dualcast","Loop+1","Reinforced Body+1","Ball Lightning","Cold Snap+1","Compile Driver","Ball Lightning+1","Go for the Eyes","Hologram","Self Repair","Electrodynamics+1","Skim","Glacier+1","Undo","Glacier","Fission","Stack+1","Ball Lightning+1","White Noise","Thunder Strike+1"],"special_seed":0,"relics":["Cracked Core","Regal Pillow","Whetstone","War Paint","Boot","Lantern","Velvet Choker","DataDisk","Potion Belt","PreservedInsect","Vajra","Tiny House","Blood Vial","Centennial Puzzle"],"potions_floor_usage":[25,25,27,35,45,45,47,48,48],"damage_taken":[{"damage":2.0,"enemies":"Jaw Worm","floor":1.0,"turns":4.0},{"damage":4.0,"enemies":"Small Slimes","floor":2.0,"turns":3.0},{"damage":0.0,"enemies":"2 Louse","floor":5.0,"turns":2.0},{"damage":40.0,"enemies":"3 Sentries","floor":6.0,"turns":7.0},{"damage":19.0,"enemies":"Gremlin Nob","floor":8.0,"turns":4.0},{"damage":15.0,"enemies":"Lagavulin Event","floor":11.0,"turns":4.0},{"damage":11.0,"enemies":"3 Sentries","floor":13.0,"turns":5.0},{"damage":0.0,"enemies":"2 Fungi Beasts","floor":14.0,"turns":3.0},{"damage":0,"enemies":"Hexaghost","floor":16,"turns":9},{"damage":0,"enemies":"3 Byrds","floor":18,"turns":2},{"damage":0,"enemies":"Spheric Guardian","floor":24,"turns":3},{"damage":23,"enemies":"Slavers","floor":25,"turns":5},{"damage":28,"enemies":"Book of Stabbing","floor":27,"turns":6},{"damage":11,"enemies":"Cultist and Chosen","floor":28,"turns":6},{"damage":15,"enemies":"Slavers","floor":30,"turns":5},{"damage":2,"enemies":"Centurion and Healer","floor":31,"turns":6},{"damage":48,"enemies":"Collector","floor":33,"turns":13},{"damage":1,"enemies":"3 Darklings","floor":35,"turns":4},{"damage":12,"enemies":"Orb Walker","floor":36,"turns":4},{"damage":19,"enemies":"Writhing Mass","floor":38,"turns":10},{"damage":0,"enemies":"Nemesis","floor":40,"turns":9},{"damage":16,"enemies":"Jaw Worm Horde","floor":41,"turns":2},{"damage":10,"enemies":"4 Shapes","floor":44,"turns":5},{"damage":32,"enemies":"Transient","floor":45,"turns":6},{"damage":17,"enemies":"Sphere and 2 Shapes","floor":47,"turns":6},{"damage":55,"enemies":"Reptomancer","floor":48,"turns":4}],"seed_played":"-1082189562713512000","potions_obtained":[{"floor":5.0,"key":"Energy Potion"},{"floor":8.0,"key":"DuplicationPotion"},{"floor":14,"key":"Explosive Potion"},{"floor":25,"key":"Weak Potion"},{"floor":27,"key":"Explosive Potion"},{"floor":34,"key":"AttackPotion"},{"floor":40,"key":"SkillPotion"},{"floor":45,"key":"SkillPotion"},{"floor":47,"key":"ColorlessPotion"}],"is_trial":false,"path_per_floor":["M","M","?","$","M","E","R","E","T","R","?","?","E","M","R","B",null,"M","$","?","?","T","R","M","E","T","E","M","R","E","M","R","B",null,"M","M","$","M","$","E","M","R","T","M","M","R","M","E"],"character_chosen":"DEFECT","items_purchased":["Ball Lightning","Cold Snap","FearPotion","Regen Potion","LiquidMemories"],"campfire_rested":3,"item_purchase_floors":[4,4,19,37,39],"current_hp_per_floor":[69,65,58,58,58,18,56,37,37,37,22,22,11,11,11,11,61,61,61,61,39,39,78,83,67,67,46,42,42,34,39,78,37,77,83,78,78,66,66,73,66,66,66,65,35,35,27,0],"gold":390,"neow_bonus":"TEN_PERCENT_HP_BONUS","is_prod":false,"is_daily":false,"chose_seed":false,"campfire_upgraded":4,"win_rate":0,"timestamp":1580254417,"path_taken":["M","M","?","$","M","E","R","E","T","R","?","?","E","M","R","BOSS","M","$","?","?","?","R","M","E","T","E","?","R","E","M","R","BOSS","M","M","$","M","$","E","M","R","T","M","M","R","M","E"],"build_version":"2020-01-27","purchased_purges":1,"victory":false,"max_hp_per_floor":[78,78,78,78,78,78,78,78,78,78,78,78,78,78,78,78,78,78,78,78,83,83,83,83,83,83,83,83,83,83,83,83,83,88,88,88,88,88,88,88,88,88,88,88,88,88,88,88],"card_choices":[{"not_picked":["Stack","Recycle"],"picked":"Loop","floor":1.0},{"not_picked":["Scrape","Turbo"],"picked":"Reinforced Body","floor":2.0},{"not_picked":["Rebound","Loop"],"picked":"Compile Driver","floor":5.0},{"not_picked":["Lockon","Redo"],"picked":"Ball Lightning","floor":6.0},{"not_picked":["Rebound","Turbo"],"picked":"Go for the Eyes","floor":8.0},{"not_picked":["Rip and Tear","Sweeping Beam"],"picked":"Hologram","floor":11.0},{"not_picked":["Go for the Eyes","Hyperbeam"],"picked":"Self Repair","floor":13.0},{"not_picked":["Go for the Eyes","Barrage","Rebound"],"picked":"SKIP","floor":14},{"not_picked":["Fission","Echo Form"],"picked":"Electrodynamics","floor":16},{"not_picked":["Barrage","Skim","Loop"],"picked":"SKIP","floor":18},{"not_picked":["Barrage","Loop"],"picked":"Skim","floor":18},{"not_picked":["Coolheaded","Capacitor"],"picked":"Glacier+1","floor":24},{"not_picked":["Loop","Hologram"],"picked":"Undo","floor":25},{"not_picked":["Electrodynamics","Tempest","Hologram"],"picked":"SKIP","floor":27},{"not_picked":["Coolheaded","Redo"],"picked":"Glacier","floor":28},{"not_picked":["Aggregate","Hologram","Recycle"],"picked":"SKIP","floor":30},{"not_picked":["Fusion","Ball Lightning","White Noise"],"picked":"SKIP","floor":31},{"not_picked":["Amplify","Hyperbeam"],"picked":"Fission","floor":33},{"not_picked":["Go for the Eyes","Reprogram"],"picked":"Stack+1","floor":35},{"not_picked":["Go for the Eyes","Stack+1"],"picked":"Ball Lightning+1","floor":36},{"not_picked":["Aggregate","Melter","Leap+1"],"picked":"SKIP","floor":38},{"not_picked":["Heatsinks","Force Field"],"picked":"White Noise","floor":40},{"not_picked":["Steam","Steam Power"],"picked":"Thunder Strike","floor":41},{"not_picked":["Hologram","Leap","Sweeping Beam"],"picked":"SKIP","floor":44},{"not_picked":["Heatsinks","Reinforced Body","Go for the Eyes"],"picked":"SKIP","floor":45},{"not_picked":["Tempest","Chill+1","Steam"],"picked":"SKIP","floor":47}],"player_experience":2085245,"relics_obtained":[{"floor":6.0,"key":"Regal Pillow"},{"floor":8.0,"key":"Whetstone"},{"floor":9.0,"key":"War Paint"},{"floor":11.0,"key":"Boot"},{"floor":13.0,"key":"Lantern"},{"floor":22,"key":"DataDisk"},{"floor":25,"key":"Potion Belt"},{"floor":27,"key":"PreservedInsect"},{"floor":30,"key":"Vajra"},{"floor":40,"key":"Blood Vial"},{"floor":43,"key":"Centennial Puzzle"}],"event_choices":[{"cards_removed":["Defend_B"],"damage_healed":0.0,"max_hp_gain":0.0,"max_hp_loss":0.0,"gold_gain":0.0,"event_name":"Golden Wing","player_choice":"Card Removal","floor":3.0,"gold_loss":0.0,"damage_taken":7.0},{"damage_healed":0.0,"max_hp_gain":0.0,"max_hp_loss":0.0,"gold_gain":0.0,"event_name":"Dead Adventurer","player_choice":"Searched \u00272\u0027 times","floor":11.0,"gold_loss":0.0,"damage_taken":0.0},{"cards_removed":["Strike_B"],"damage_healed":0.0,"max_hp_gain":0.0,"max_hp_loss":0.0,"gold_gain":0.0,"event_name":"The Cleric","player_choice":"Card Removal","floor":12.0,"gold_loss":75.0,"damage_taken":0.0},{"damage_healed":0,"gold_gain":0,"player_choice":"Simplicity","damage_taken":0,"max_hp_gain":0,"max_hp_loss":0,"event_name":"Back to Basics","floor":20,"gold_loss":0,"cards_upgraded":["Strike_B","Defend_B","Defend_B"]},{"damage_healed":0,"gold_gain":0,"player_choice":"Shed Blood","damage_taken":27,"max_hp_gain":5,"max_hp_loss":0,"event_name":"Forgotten Altar","floor":21,"gold_loss":0}],"is_beta":true,"boss_relics":[{"not_picked":["Black Star","Empty Cage"],"picked":"Velvet Choker"},{"not_picked":["Runic Dome","Busted Crown"],"picked":"Tiny House"}],"items_purged_floors":[19],"is_endless":false,"potions_floor_spawned":[5,8,14,25,27,40,45,47],"killed_by":"Reptomancer","ascension_level":20}