{"gold_per_floor":[112,127,52,70,70,70,95,95,95,127,145,175,175,209,209,281,281,296,2,13,29,43,43],"floor_reached":23,"playtime":1681,"items_purged":["Strike_B"],"score":442,"play_id":"950169e3-9ac6-4b66-8a3c-4a5482accad8","local_time":"20200129215904","is_ascension_mode":true,"campfire_choices":[{"data":"Ball Lightning","floor":6.0,"key":"SMITH"},{"data":"Defragment","floor":8.0,"key":"SMITH"},{"floor":13,"key":"REST"},{"data":"Go for the Eyes","floor":15,"key":"SMITH"}],"neow_cost":"NONE","seed_source_timestamp":1276560534939200,"circlet_count":0,"master_deck":["AscendersBane","Strike_B","Strike_B","Strike_B","Defend_B","Defend_B","Defend_B","Defend_B","Zap+1","Dualcast","Cold Snap","Compile Driver","Defragment+1","Ball Lightning+1","Go for the Eyes+1","Undo","Creative AI","CurseOfTheBell","Coolheaded","Reinforced Body+1","Conserve Battery"],"special_seed":0,"relics":["Cracked Core","Lantern","Tiny Chest","Ancient Tea Set","Gremlin Horn","Bag of Preparation","Calling Bell","Pen Nib","Blue Candle","StoneCalendar","PreservedInsect"],"potions_floor_usage":[10,12,18,22,22,22,22],"damage_taken":[{"damage":0.0,"enemies":"Small Slimes","floor":1.0,"turns":3.0},{"damage":12.0,"enemies":"Jaw Worm","floor":2.0,"turns":2.0},{"damage":0.0,"enemies":"2 Louse","floor":4.0,"turns":2.0},{"damage":7.0,"enemies":"3 Sentries","floor":7.0,"turns":6.0},{"damage":16,"enemies":"Lagavulin","floor":10,"turns":6},{"damage":9,"enemies":"Lots of Slimes","floor":11,"turns":4},{"damage":6,"enemies":"3 Sentries","floor":12,"turns":4},{"damage":6,"enemies":"Lagavulin","floor":14,"turns":6},{"damage":7,"enemies":"The Guardian","floor":16,"turns":10},{"damage":22,"enemies":"2 Thieves","floor":18,"turns":3},{"damage":4,"enemies":"Chosen","floor":20,"turns":4},{"damage":20,"enemies":"Snake Plant","floor":21,"turns":7},{"damage":0,"enemies":"Snecko","floor":22,"turns":5},{"damage":14,"enemies":"Gremlin Leader","floor":23,"turns":4}],"seed_played":"-4310510275431374197","potions_obtained":[{"floor":4.0,"key":"EntropicBrew"},{"floor":10,"key":"Dexterity Potion"},{"floor":16,"key":"Explosive Potion"},{"floor":18,"key":"EntropicBrew"}],"is_trial":false,"path_per_floor":["M","M","$","M","?","R","E","R","T","E","M","E","R","E","R","B",null,"M","$","M","M","M","E"],"character_chosen":"DEFECT","items_purchased":["Defragment","PreservedInsect","FocusPotion"],"campfire_rested":1,"item_purchase_floors":[3,19,19],"current_hp_per_floor":[64,52,52,52,52,52,45,45,45,29,20,14,35,29,29,22,59,37,37,33,13,13,0],"gold":43,"neow_bonus":"RANDOM_COMMON_RELIC","is_prod":false,"is_daily":false,"chose_seed":false,"campfire_upgraded":3,"win_rate":0,"timestamp":1580335144,"path_taken":["M","M","$","M","?","R","E","R","T","E","M","E","R","E","R","BOSS","M","$","M","M","M","E"],"build_version":"2020-01-27","purchased_purges":1,"victory":false,"max_hp_per_floor":[71,71,71,71,71,71,71,71,71,71,71,71,71,71,71,71,71,71,71,71,71,71,71],"card_choices":[{"not_picked":["Barrage","Consume"],"picked":"Cold Snap","floor":1.0},{"not_picked":["Hello World","FTL"],"picked":"Compile Driver","floor":2.0},{"not_picked":["Coolheaded","Rebound"],"picked":"Ball Lightning","floor":4.0},{"not_picked":["Conserve Battery","Streamline"],"picked":"Go for the Eyes","floor":7.0},{"not_picked":["Chill","Streamline","Consume"],"picked":"SKIP","floor":10},{"not_picked":["Barrage","Steam","Gash"],"picked":"SKIP","floor":11},{"not_picked":["Hologram","Double Energy","Stack"],"picked":"SKIP","floor":12},{"not_picked":["Reprogram","Recycle"],"picked":"Undo","floor":14},{"not_picked":["Meteor Strike","Hyperbeam"],"picked":"Creative AI","floor":16},{"not_picked":["Conserve Battery","Steam"],"picked":"Coolheaded","floor":18},{"not_picked":["Conserve Battery+1","Blizzard"],"picked":"Reinforced Body+1","floor":20},{"not_picked":["Scrape","Turbo"],"picked":"Conserve Battery","floor":21},{"not_picked":["Gash","Rebound","Turbo"],"picked":"SKIP","floor":22}],"player_experience":2096154,"relics_obtained":[{"floor":9.0,"key":"Tiny Chest"},{"floor":10,"key":"Ancient Tea Set"},{"floor":12,"key":"Gremlin Horn"},{"floor":14,"key":"Bag of Preparation"},{"floor":17,"key":"Pen Nib"},{"floor":17,"key":"Blue Candle"},{"floor":17,"key":"StoneCalendar"}],"event_choices":[{"damage_healed":0.0,"max_hp_gain":0.0,"max_hp_loss":0.0,"gold_gain":0.0,"event_name":"Living Wall","player_choice":"Grow","floor":5.0,"gold_loss":0.0,"damage_taken":0.0,"cards_upgraded":["Zap"]}],"is_beta":true,"boss_relics":[{"not_picked":["Philosopher\u0027s Stone","Empty Cage"],"picked":"Calling Bell"}],"items_purged_floors":[19],"is_endless":false,"potions_floor_spawned":[4,10,16,18],"killed_by":"Gremlin Leader","ascension_level":20}