{"gold_per_floor":[118,118,83,101,116,144,144,144,144,174,16,46,46,66,66,144,144,160,80,130,75,165,165,165,165],"floor_reached":25,"playtime":1370,"items_purged":["Strike_B"],"score":530,"play_id":"0c76cc28-5243-4712-8398-5f1c98c0f181","local_time":"20200129222456","is_ascension_mode":true,"campfire_choices":[{"data":"Zap","floor":8,"key":"SMITH"},{"data":"Defragment","floor":13,"key":"SMITH"},{"data":"Capacitor","floor":15,"key":"SMITH"},{"floor":23,"key":"REST"},{"data":"Coolheaded","floor":24,"key":"SMITH"}],"neow_cost":"PERCENT_DAMAGE","seed_source_timestamp":1278455214047900,"circlet_count":0,"master_deck":["AscendersBane","Strike_B","Strike_B","Strike_B","Defend_B","Defend_B","Defend_B","Defend_B","Zap+1","Dualcast","Capacitor+1","Cold Snap","Ball Lightning+1","Leap","Amplify","Defragment+1","Go for the Eyes","Coolheaded+1","Creative AI","BootSequence"],"relics":["Cracked Core","Bird Faced Urn","Mercury Hourglass","Juzu Bracelet","WingedGreaves","Regal Pillow","Snecko Eye"],"potions_floor_usage":[12,16,25,25],"damage_taken":[{"damage":9,"enemies":"Jaw Worm","floor":1,"turns":4},{"damage":0,"enemies":"2 Louse","floor":4,"turns":2},{"damage":0,"enemies":"Cultist","floor":5,"turns":3},{"damage":21,"enemies":"3 Sentries","floor":6,"turns":6},{"damage":11,"enemies":"Lagavulin","floor":10,"turns":6},{"damage":12,"enemies":"3 Sentries","floor":12,"turns":5},{"damage":0,"enemies":"Large Slime","floor":14,"turns":4},{"damage":0,"enemies":"The Guardian","floor":16,"turns":8},{"damage":12,"enemies":"Spheric Guardian","floor":18,"turns":4},{"damage":26,"enemies":"2 Thieves","floor":19,"turns":4},{"damage":98,"enemies":"Slavers","floor":25,"turns":5}],"seed_played":"-4118442236074193815","potions_obtained":[{"floor":1,"key":"SteroidPotion"},{"floor":4,"key":"PowerPotion"},{"floor":12,"key":"DuplicationPotion"}],"is_trial":false,"path_per_floor":["M","?","?","M","M","E","?","R","T","E","$","E","R","M","R","B",null,"M","M","?","$","?","R","R","E"],"character_chosen":"DEFECT","items_purchased":["Defragment","Fire Potion"],"campfire_rested":1,"item_purchase_floors":[11,21],"current_hp_per_floor":[37,32,49,51,53,34,34,34,34,25,25,19,19,25,25,35,62,63,49,49,49,37,71,71,0],"gold":165,"neow_bonus":"ONE_RARE_RELIC","is_prod":false,"is_daily":false,"chose_seed":false,"campfire_upgraded":4,"win_rate":0,"timestamp":1580336696,"path_taken":["M","?","?","M","M","E","?","R","T","E","?","E","R","M","R","BOSS","M","M","?","$","?","R","R","E"],"build_version":"2020-01-27","purchased_purges":1,"victory":false,"max_hp_per_floor":[71,71,71,71,71,71,71,71,71,71,71,71,71,71,71,71,71,71,71,71,71,71,71,71,71],"card_choices":[{"not_picked":["FTL","Steam"],"picked":"Capacitor","floor":1},{"not_picked":["BootSequence","Compile Driver"],"picked":"Cold Snap","floor":4},{"not_picked":["Coolheaded","Genetic Algorithm"],"picked":"Ball Lightning","floor":5},{"not_picked":["Steam","Blizzard"],"picked":"Leap","floor":6},{"not_picked":["Aggregate","Beam Cell"],"picked":"Amplify","floor":10},{"not_picked":["Force Field","Rainbow"],"picked":"Go for the Eyes","floor":12},{"not_picked":["Ball Lightning","Scrape"],"picked":"Coolheaded","floor":14},{"not_picked":["All For One","Thunder Strike"],"picked":"Creative AI","floor":16},{"not_picked":["Rebound","Recycle"],"picked":"BootSequence","floor":18},{"not_picked":["Coolheaded","Capacitor","Streamline"],"picked":"SKIP","floor":19}],"player_experience":2097835,"relics_obtained":[{"floor":6,"key":"Juzu Bracelet"},{"floor":10,"key":"WingedGreaves"},{"floor":12,"key":"Regal Pillow"}],"event_choices":[{"damage_healed":0,"gold_gain":0,"player_choice":"Success","damage_taken":5,"relics_obtained":["Mercury Hourglass"],"max_hp_gain":0,"max_hp_loss":0,"event_name":"Scrap Ooze","floor":2,"gold_loss":0},{"damage_healed":17,"gold_gain":0,"player_choice":"Healed","damage_taken":0,"max_hp_gain":0,"max_hp_loss":0,"event_name":"The Cleric","floor":3,"gold_loss":35},{"damage_healed":0,"gold_gain":0,"player_choice":"Grow","damage_taken":0,"max_hp_gain":0,"max_hp_loss":0,"event_name":"Living Wall","floor":7,"gold_loss":0,"cards_upgraded":["Ball Lightning"]},{"damage_healed":0,"gold_gain":50,"player_choice":"Stole From Cult","damage_taken":0,"max_hp_gain":0,"max_hp_loss":0,"event_name":"Nest","floor":20,"gold_loss":0},{"damage_healed":0,"gold_gain":90,"player_choice":"GOLD ","damage_taken":12,"max_hp_gain":0,"max_hp_loss":0,"event_name":"Knowing Skull","floor":22,"potions_obtained":[],"gold_loss":0,"cards_obtained":[]}],"is_beta":true,"boss_relics":[{"not_picked":["FrozenCore","SlaversCollar"],"picked":"Snecko Eye"}],"items_purged_floors":[11],"is_endless":false,"potions_floor_spawned":[1,4,10,12],"killed_by":"Slavers","ascension_level":20}