{"gold_per_floor":[116,129,129,147,161,188,188,222,246,246,258,258,271,271,271,345,345,364,289,289,4,0],"floor_reached":22,"playtime":1169,"items_purged":["Strike_B"],"score":388,"play_id":"3d256c4e-d515-49ea-9b8f-c1ba4453c6a4","local_time":"20200128213342","is_ascension_mode":true,"campfire_choices":[{"floor":7,"key":"REST"},{"data":"Cold Snap","floor":10,"key":"SMITH"},{"floor":15,"key":"REST"}],"neow_cost":"NONE","seed_source_timestamp":1189182133027100,"circlet_count":0,"master_deck":["AscendersBane","Strike_B","Defend_B","Defend_B","Defend_B","Defend_B","Zap+1","Dualcast","Coolheaded","Conserve Battery+1","Core Surge","Cold Snap+1","Go for the Eyes","BootSequence","Sweeping Beam","Electrodynamics","HandOfGreed"],"relics":["Cracked Core","Juzu Bracelet","Bag of Marbles","Regal Pillow","Tiny Chest","Inserter"],"potions_floor_usage":[6,8,16],"damage_taken":[{"damage":8,"enemies":"2 Louse","floor":1,"turns":2},{"damage":0,"enemies":"Cultist","floor":2,"turns":3},{"damage":0,"enemies":"Small Slimes","floor":4,"turns":3},{"damage":8,"enemies":"Exordium Wildlife","floor":5,"turns":5},{"damage":20,"enemies":"3 Sentries","floor":6,"turns":13},{"damage":39,"enemies":"Gremlin Nob","floor":8,"turns":5},{"damage":9,"enemies":"Looter","floor":11,"turns":2},{"damage":0,"enemies":"3 Louse","floor":13,"turns":3},{"damage":19,"enemies":"The Guardian","floor":16,"turns":12},{"damage":49,"enemies":"3 Byrds","floor":18,"turns":4},{"damage":10,"enemies":"2 Thieves","floor":22,"turns":2}],"seed_played":"-5835329845519262323","potions_obtained":[{"floor":1,"key":"Ancient Potion"},{"floor":4,"key":"SkillPotion"},{"floor":6,"key":"Regen Potion"},{"floor":8,"key":"AttackPotion"},{"floor":18,"key":"Ancient Potion"}],"is_trial":false,"path_per_floor":["M","M","?","M","M","E","R","E","T","R","M","?","M","?","R","B",null,"M","?","?","$","M"],"character_chosen":"DEFECT","items_purchased":["HandOfGreed"],"campfire_rested":2,"item_purchase_floors":[21],"current_hp_per_floor":[56,56,56,56,48,28,49,24,24,24,15,15,15,4,40,21,59,10,10,10,10,0],"gold":0,"neow_bonus":"UPGRADE_CARD","is_prod":false,"is_daily":false,"chose_seed":false,"campfire_upgraded":1,"win_rate":0,"timestamp":1580247222,"path_taken":["M","M","?","?","M","E","R","E","T","R","M","?","M","?","R","BOSS","M","?","?","$","M"],"build_version":"2020-01-27","purchased_purges":1,"victory":false,"max_hp_per_floor":[71,71,71,71,71,71,71,71,71,71,71,71,71,71,71,71,71,71,71,71,71,71],"card_choices":[{"not_picked":["Auto Shields","Steam Power"],"picked":"Coolheaded","floor":1},{"not_picked":["Steam Power","Gash"],"picked":"Conserve Battery","floor":2},{"not_picked":["Beam Cell","Steam Power","Barrage"],"picked":"SKIP","floor":4},{"not_picked":["Machine Learning","Stack","Melter"],"picked":"SKIP","floor":5},{"not_picked":["Turbo","Hologram"],"picked":"Core Surge","floor":6},{"not_picked":["Force Field","Barrage"],"picked":"Cold Snap","floor":8},{"not_picked":["Streamline","Stack"],"picked":"Go for the Eyes","floor":11},{"not_picked":["Turbo","Conserve Battery"],"picked":"Sweeping Beam","floor":13},{"not_picked":["Core Surge","Seek"],"picked":"Electrodynamics","floor":16},{"not_picked":["Cold Snap","Hologram","Go for the Eyes"],"picked":"SKIP","floor":18}],"player_experience":2082082,"relics_obtained":[{"floor":6,"key":"Juzu Bracelet"},{"floor":8,"key":"Bag of Marbles"},{"floor":9,"key":"Regal Pillow"}],"event_choices":[{"damage_healed":0,"gold_gain":0,"player_choice":"Forge","damage_taken":0,"max_hp_gain":0,"max_hp_loss":0,"event_name":"Accursed Blacksmith","floor":3,"gold_loss":0,"cards_upgraded":["Conserve Battery"]},{"damage_healed":0,"gold_gain":0,"cards_transformed":["Strike_B"],"player_choice":"Transformed","damage_taken":0,"max_hp_gain":0,"max_hp_loss":0,"event_name":"Transmorgrifier","floor":12,"gold_loss":0,"cards_obtained":["BootSequence"]},{"damage_healed":0,"gold_gain":0,"player_choice":"Success","damage_taken":11,"relics_obtained":["Tiny Chest"],"max_hp_gain":0,"max_hp_loss":0,"event_name":"Scrap Ooze","floor":14,"gold_loss":0},{"cards_removed":["Strike_B"],"damage_healed":0,"gold_gain":0,"player_choice":"Gave Gold","damage_taken":0,"max_hp_gain":0,"max_hp_loss":0,"event_name":"Beggar","floor":19,"gold_loss":75},{"damage_healed":0,"gold_gain":0,"player_choice":"Ignored","damage_taken":0,"max_hp_gain":0,"max_hp_loss":0,"event_name":"Vampires","floor":20,"gold_loss":0}],"is_beta":true,"boss_relics":[{"not_picked":["Calling Bell","Tiny House"],"picked":"Inserter"}],"items_purged_floors":[21],"is_endless":false,"potions_floor_spawned":[1,4,6,8,18],"killed_by":"2 Thieves","ascension_level":20}