{"gold_per_floor":[219,234,250,27,45,45,75,75,75,101,129,129,129,147,147,147],"floor_reached":16,"playtime":747,"items_purged":[],"score":270,"play_id":"3e0f25f3-454d-4e85-8f4b-5aa8305e1572","local_time":"20200130090911","is_ascension_mode":true,"campfire_choices":[{"data":"Darkness","floor":6,"key":"SMITH"},{"floor":8,"key":"REST"},{"data":"Defragment","floor":12,"key":"SMITH"},{"data":"Darkness","floor":15,"key":"SMITH"}],"neow_cost":"NONE","seed_source_timestamp":1317734387439200,"circlet_count":0,"master_deck":["AscendersBane","Strike_B","Strike_B","Strike_B","Strike_B","Defend_B","Defend_B","Defend_B","Defend_B","Zap","Dualcast","Darkness+1","Static Discharge","Darkness+1","Buffer","Compile Driver","Conserve Battery","Defragment+1","Go for the Eyes","Self Repair"],"relics":["Cracked Core","Calipers","InkBottle","Ornamental Fan","Odd Mushroom","Golden Idol"],"potions_floor_usage":[7,16,16],"damage_taken":[{"damage":1,"enemies":"Cultist","floor":1,"turns":4},{"damage":8,"enemies":"2 Louse","floor":2,"turns":3},{"damage":4,"enemies":"Small Slimes","floor":3,"turns":3},{"damage":10,"enemies":"Looter","floor":5,"turns":4},{"damage":18,"enemies":"3 Sentries","floor":7,"turns":6},{"damage":0,"enemies":"Lagavulin","floor":10,"turns":5},{"damage":27,"enemies":"The Mushroom Lair","floor":11,"turns":5},{"damage":4,"enemies":"3 Louse","floor":14,"turns":4},{"damage":26,"enemies":"The Guardian","floor":16,"turns":2}],"seed_played":"8876426369087474124","potions_obtained":[{"floor":1,"key":"Strength Potion"},{"floor":5,"key":"Swift Potion"},{"floor":11,"key":"SneckoOil"}],"is_trial":false,"path_per_floor":["M","M","M","$","M","R","E","R","T","E","?","R","?","M","R","B"],"character_chosen":"DEFECT","items_purchased":["Buffer","Compile Driver"],"campfire_rested":1,"item_purchase_floors":[4,4],"current_hp_per_floor":[63,55,51,51,41,41,23,44,44,44,17,17,17,13,13,0],"gold":147,"neow_bonus":"HUNDRED_GOLD","is_prod":false,"is_daily":false,"chose_seed":false,"campfire_upgraded":3,"win_rate":0,"timestamp":1580375351,"path_taken":["M","M","M","$","?","R","E","R","T","E","?","R","?","M","R","BOSS"],"build_version":"2020-01-27","purchased_purges":0,"victory":false,"max_hp_per_floor":[71,71,71,71,71,71,71,71,71,71,71,71,64,64,64,64],"card_choices":[{"not_picked":["Steam","Beam Cell"],"picked":"Darkness","floor":1},{"not_picked":["Capacitor","Go for the Eyes"],"picked":"Static Discharge","floor":2},{"not_picked":["Heatsinks","Streamline"],"picked":"Darkness","floor":3},{"not_picked":["Beam Cell","Rip and Tear"],"picked":"Conserve Battery","floor":5},{"not_picked":["Melter","Loop"],"picked":"Defragment","floor":7},{"not_picked":["Consume","All For One","Steam"],"picked":"SKIP","floor":10},{"not_picked":["Streamline","Sunder"],"picked":"Go for the Eyes","floor":11},{"not_picked":["Steam","Gash"],"picked":"Self Repair","floor":14}],"player_experience":2099205,"relics_obtained":[{"floor":7,"key":"Calipers"},{"floor":9,"key":"InkBottle"},{"floor":10,"key":"Ornamental Fan"},{"floor":11,"key":"Odd Mushroom"}],"event_choices":[{"damage_healed":0,"gold_gain":0,"player_choice":"Fought Mushrooms","damage_taken":0,"max_hp_gain":0,"max_hp_loss":0,"event_name":"Mushrooms","floor":11,"gold_loss":0},{"damage_healed":0,"gold_gain":0,"player_choice":"Lose Max HP","damage_taken":0,"relics_obtained":["Golden Idol"],"max_hp_gain":0,"max_hp_loss":7,"event_name":"Golden Idol","floor":13,"gold_loss":0}],"is_beta":true,"boss_relics":[],"items_purged_floors":[],"is_endless":false,"potions_floor_spawned":[1,5,11],"killed_by":"The Guardian","ascension_level":20}