{"gold_per_floor":[209,219,230,230,92,92,123,123,123,149,149],"floor_reached":11,"playtime":557,"items_purged":[],"score":162,"play_id":"568420f3-6407-4a71-9777-4925ff2d8424","local_time":"20200128220757","is_ascension_mode":true,"campfire_choices":[{"data":"Sunder","floor":6.0,"key":"SMITH"},{"data":"Zap","floor":8.0,"key":"SMITH"}],"neow_cost":"NONE","seed_source_timestamp":1191830726515300,"circlet_count":0,"master_deck":["AscendersBane","Strike_B","Strike_B","Strike_B","Defend_B","Defend_B","Defend_B","Defend_B","Zap+1","Dualcast","Sunder+1","Sweeping Beam","Defragment","FTL+1"],"special_seed":0,"relics":["Cracked Core","Incense Burner","Mercury Hourglass","Molten Egg 2"],"potions_floor_usage":[],"damage_taken":[{"damage":3.0,"enemies":"2 Louse","floor":1.0,"turns":4.0},{"damage":1.0,"enemies":"Cultist","floor":2.0,"turns":3.0},{"damage":0.0,"enemies":"Small Slimes","floor":3.0,"turns":2.0},{"damage":15.0,"enemies":"3 Sentries","floor":7.0,"turns":5.0},{"damage":44,"enemies":"Lagavulin","floor":10,"turns":7},{"damage":13,"enemies":"Blue Slaver","floor":11,"turns":1}],"seed_played":"576969964492611819","potions_obtained":[{"floor":7.0,"key":"LiquidBronze"},{"floor":10,"key":"Regen Potion"}],"is_trial":false,"path_per_floor":["M","M","M","?","$","R","E","R","T","E","M"],"character_chosen":"DEFECT","items_purchased":["Defragment","AttackPotion"],"campfire_rested":0,"item_purchase_floors":[5,5],"current_hp_per_floor":[61,60,60,60,60,60,45,45,45,1,0],"gold":149,"neow_bonus":"HUNDRED_GOLD","is_prod":false,"is_daily":false,"chose_seed":false,"campfire_upgraded":2,"win_rate":0,"timestamp":1580249277,"path_taken":["M","M","M","?","?","R","E","R","T","E","?"],"build_version":"2020-01-27","purchased_purges":0,"victory":false,"max_hp_per_floor":[71,71,71,71,71,71,71,71,71,71,71],"card_choices":[{"not_picked":["Hologram","Streamline","Beam Cell"],"picked":"SKIP","floor":1.0},{"not_picked":["Rip and Tear","Self Repair"],"picked":"Sunder","floor":2.0},{"not_picked":["Coolheaded","Aggregate"],"picked":"Sweeping Beam","floor":3.0},{"not_picked":["Leap","Sweeping Beam","Reprogram"],"picked":"SKIP","floor":7.0},{"not_picked":["Compile Driver+1","Coolheaded"],"picked":"FTL+1","floor":10}],"player_experience":2084688,"relics_obtained":[{"floor":7.0,"key":"Incense Burner"},{"floor":9.0,"key":"Mercury Hourglass"},{"floor":10,"key":"Molten Egg 2"}],"event_choices":[{"cards_removed":["Strike_B"],"damage_healed":0.0,"max_hp_gain":0.0,"max_hp_loss":0.0,"gold_gain":0.0,"event_name":"Bonfire Elementals","player_choice":"Offered Basic","floor":4.0,"gold_loss":0.0,"damage_taken":0.0}],"is_beta":true,"boss_relics":[],"items_purged_floors":[],"is_endless":false,"potions_floor_spawned":[7,10],"killed_by":"Blue Slaver","ascension_level":20}