{"gold_per_floor":[116,116,131,144,144,144,154,154,154,187,199,199],"floor_reached":12,"playtime":1160,"items_purged":[],"score":160,"play_id":"1cde7559-b97b-4f7a-aa8e-f498ceeaabdc","local_time":"20200131223821","is_ascension_mode":true,"campfire_choices":[{"data":"Defragment","floor":6,"key":"SMITH"},{"data":"Zap","floor":8,"key":"SMITH"}],"neow_cost":"NONE","seed_source_timestamp":1452273124598300,"circlet_count":0,"master_deck":["AscendersBane","Strike_B","Strike_B","Strike_B","Defend_B","Defend_B","Defend_B","Defend_B","Zap+1","Dualcast","Leap","Defragment+1","Go for the Eyes","Hologram","Defragment"],"relics":["Cracked Core","Matryoshka","The Courier"],"potions_floor_usage":[10,12,12],"damage_taken":[{"damage":10,"enemies":"2 Louse","floor":1,"turns":3},{"damage":4,"enemies":"Jaw Worm","floor":3,"turns":4},{"damage":0,"enemies":"Cultist","floor":4,"turns":3},{"damage":11,"enemies":"Lots of Slimes","floor":7,"turns":4},{"damage":22,"enemies":"3 Sentries","floor":10,"turns":8},{"damage":15,"enemies":"Exordium Thugs","floor":11,"turns":5},{"damage":31,"enemies":"Gremlin Nob","floor":12,"turns":5}],"seed_played":"-7712975316745638702","potions_obtained":[{"floor":1,"key":"PowerPotion"},{"floor":3,"key":"Regen Potion"},{"floor":10,"key":"SkillPotion"}],"is_trial":false,"path_per_floor":["M","?","M","M","?","R","M","R","T","E","M","E"],"character_chosen":"DEFECT","items_purchased":[],"campfire_rested":0,"item_purchase_floors":[],"current_hp_per_floor":[61,61,57,57,57,57,46,46,46,39,24,0],"gold":199,"neow_bonus":"TEN_PERCENT_HP_BONUS","is_prod":false,"is_daily":false,"chose_seed":false,"campfire_upgraded":2,"win_rate":0,"timestamp":1580510301,"path_taken":["M","?","M","M","?","R","M","R","T","E","M","E"],"build_version":"2020-01-27","purchased_purges":0,"victory":false,"max_hp_per_floor":[78,78,78,78,78,78,78,78,78,78,78,78],"card_choices":[{"not_picked":["Redo","Turbo"],"picked":"Leap","floor":1},{"not_picked":["Double Energy","Leap"],"picked":"Defragment","floor":3},{"not_picked":["Coolheaded","Chill"],"picked":"Go for the Eyes","floor":4},{"not_picked":["Redo","Double Energy","Steam"],"picked":"SKIP","floor":7},{"not_picked":["Streamline","Reprogram"],"picked":"Hologram","floor":10},{"not_picked":["Hologram","All For One"],"picked":"Defragment","floor":11}],"player_experience":2112359,"relics_obtained":[{"floor":9,"key":"Matryoshka"},{"floor":10,"key":"The Courier"}],"event_choices":[{"damage_healed":0,"gold_gain":0,"player_choice":"Ignored","damage_taken":0,"max_hp_gain":0,"max_hp_loss":0,"event_name":"Liars Game","floor":2,"gold_loss":0},{"cards_removed":["Strike_B"],"damage_healed":0,"gold_gain":0,"player_choice":"Purged","damage_taken":0,"max_hp_gain":0,"max_hp_loss":0,"event_name":"Purifier","floor":5,"gold_loss":0}],"is_beta":true,"boss_relics":[],"items_purged_floors":[],"is_endless":false,"potions_floor_spawned":[1,3,10,11],"killed_by":"Gremlin Nob","ascension_level":20}