{"gold_per_floor":[216,226,53,69,88,88,121,121,121,149,149,168,168,179,179,256,256,176,176,176,176],"floor_reached":21,"playtime":1747,"items_purged":["Strike_B"],"score":386,"play_id":"a3a78ad5-26b2-45c3-b181-78593688d498","local_time":"20200131191551","is_ascension_mode":true,"campfire_choices":[{"data":"Zap","floor":6,"key":"SMITH"},{"floor":8,"key":"REST"},{"floor":11,"key":"REST"},{"data":"Capacitor","floor":15,"key":"SMITH"}],"neow_cost":"NONE","seed_source_timestamp":1439533889803300,"circlet_count":0,"master_deck":["AscendersBane","Strike_B","Strike_B","Strike_B","Defend_B","Defend_B","Defend_B","Defend_B","Zap+1","Dualcast","Doom and Gloom","Capacitor+1","Glacier","Ball Lightning","Ball Lightning","Auto Shields","Consume","Undo","Reboot","Genetic Algorithm+1","Go for the Eyes","Defragment"],"relics":["Cracked Core","Du-Vu Doll","Shovel","Unceasing Top","Ectoplasm"],"potions_floor_usage":[7,7,14,21],"damage_taken":[{"damage":1,"enemies":"Cultist","floor":1,"turns":3},{"damage":8,"enemies":"Small Slimes","floor":2,"turns":3},{"damage":14,"enemies":"Jaw Worm","floor":4,"turns":4},{"damage":8,"enemies":"Blue Slaver","floor":5,"turns":5},{"damage":31,"enemies":"3 Sentries","floor":7,"turns":5},{"damage":16,"enemies":"Lagavulin","floor":10,"turns":7},{"damage":0,"enemies":"Exordium Wildlife","floor":12,"turns":2},{"damage":6,"enemies":"Exordium Thugs","floor":14,"turns":2},{"damage":13,"enemies":"Hexaghost","floor":16,"turns":10},{"damage":22,"enemies":"2 Thieves","floor":18,"turns":4},{"damage":11,"enemies":"Chosen","floor":19,"turns":6},{"damage":16,"enemies":"Snake Plant","floor":20,"turns":4},{"damage":9,"enemies":"Sentry and Sphere","floor":21,"turns":3}],"seed_played":"5543522591059966821","potions_obtained":[{"floor":2,"key":"Swift Potion"},{"floor":10,"key":"Strength Potion"},{"floor":12,"key":"SkillPotion"},{"floor":13,"key":"Explosive Potion"},{"floor":16,"key":"Swift Potion"},{"floor":18,"key":"FearPotion"}],"is_trial":false,"path_per_floor":["M","M","$","M","M","R","E","R","T","E","R","M","?","M","R","B",null,"M","M","M","M"],"character_chosen":"DEFECT","items_purchased":["Strength Potion","Capacitor"],"campfire_rested":2,"item_purchase_floors":[3,3],"current_hp_per_floor":[63,55,55,41,33,33,2,23,23,7,28,28,28,22,22,9,56,34,23,7,0],"gold":176,"neow_bonus":"HUNDRED_GOLD","is_prod":false,"is_daily":false,"chose_seed":false,"campfire_upgraded":2,"win_rate":0,"timestamp":1580498151,"path_taken":["M","M","$","M","?","R","E","R","T","E","R","M","?","M","R","BOSS","M","?","?","M"],"build_version":"2020-01-27","purchased_purges":1,"victory":false,"max_hp_per_floor":[71,71,71,71,71,71,71,71,71,71,71,71,71,71,71,71,71,71,71,71,71],"card_choices":[{"not_picked":["Beam Cell","Redo","Stack"],"picked":"SKIP","floor":1},{"not_picked":["Sunder","Streamline"],"picked":"Doom and Gloom","floor":2},{"not_picked":["Coolheaded","Tempest"],"picked":"Glacier","floor":4},{"not_picked":["Reprogram","Double Energy"],"picked":"Ball Lightning","floor":5},{"not_picked":["Redo","Fission"],"picked":"Ball Lightning","floor":7},{"not_picked":["Streamline","Lockon"],"picked":"Auto Shields","floor":10},{"not_picked":["Tempest","Compile Driver"],"picked":"Consume","floor":12},{"not_picked":["Aggregate","Steam"],"picked":"Undo","floor":14},{"not_picked":["Hyperbeam","Thunder Strike"],"picked":"Reboot","floor":16},{"not_picked":["Undo","Turbo"],"picked":"Genetic Algorithm+1","floor":18},{"not_picked":["Redo","Force Field"],"picked":"Go for the Eyes","floor":19},{"not_picked":["Steam","Multi-Cast"],"picked":"Defragment","floor":20}],"player_experience":2107333,"relics_obtained":[{"floor":7,"key":"Du-Vu Doll"},{"floor":9,"key":"Shovel"},{"floor":10,"key":"Unceasing Top"}],"event_choices":[{"damage_healed":0,"gold_gain":0,"player_choice":"Got Potions","damage_taken":0,"max_hp_gain":0,"max_hp_loss":0,"event_name":"Lab","floor":13,"gold_loss":0}],"is_beta":true,"boss_relics":[{"not_picked":["Calling Bell","Black Star"],"picked":"Ectoplasm"}],"items_purged_floors":[3],"is_endless":false,"potions_floor_spawned":[2,5,10,12,16,18],"killed_by":"Sentry and Sphere","ascension_level":20}