{"gold_per_floor":[112,132,151,222,54,54,80,80,80,80,109,109,138,155,155,226,226,243,261,261,287,303,303,331,331,358,358,358,28,43,43,43,117,117,132,49,63,82,97,97,128,128,201,211,227,227,227,227,227,267,307,307,307,36,71,71],"floor_reached":56,"playtime":5242,"items_purged":["Strike_B"],"score":1951,"play_id":"10905fd0-804a-4e67-a690-bb489bcf4a51","local_time":"20200201140104","is_ascension_mode":true,"campfire_choices":[{"data":"Sunder","floor":6,"key":"SMITH"},{"data":"Static Discharge","floor":8,"key":"SMITH"},{"floor":10,"key":"REST"},{"data":"Doom and Gloom","floor":15,"key":"SMITH"},{"floor":23,"key":"REST"},{"data":"Biased Cognition","floor":27,"key":"SMITH"},{"floor":32,"key":"REST"},{"floor":40,"key":"REST"},{"floor":42,"key":"REST"},{"floor":47,"key":"RECALL"},{"data":"Capacitor","floor":49,"key":"SMITH"},{"floor":53,"key":"REST"}],"neow_cost":"NONE","seed_source_timestamp":1503553478697700,"circlet_count":0,"master_deck":["AscendersBane","Defend_B","Defend_B","Defend_B","Defend_B","Zap+1","Dualcast","Undo","Sunder+1","Static Discharge+1","Glacier","Doom and Gloom+1","Ball Lightning","Core Surge","Biased Cognition+1","FTL+1","Conserve Battery","Glacier","Core Surge","Capacitor","Capacitor+1","Storm+1","Doubt","HandOfGreed","Echo Form+1"],"relics":["Cracked Core","Singing Bowl","Letter Opener","Lizard Tail","Toy Ornithopter","Empty Cage","Red Mask","InkBottle","Akabeko","Happy Flower","Nloth\u0027s Gift","Snecko Eye","Frozen Egg 2","Mummified Hand","HornCleat"],"potions_floor_usage":[11,11,21,22,24,30,39,41,50,51],"damage_taken":[{"damage":2,"enemies":"Jaw Worm","floor":1,"turns":2},{"damage":0,"enemies":"2 Louse","floor":2,"turns":2},{"damage":1,"enemies":"Cultist","floor":3,"turns":3},{"damage":22,"enemies":"3 Sentries","floor":7,"turns":7},{"damage":0,"enemies":"Gremlin Nob","floor":11,"turns":2},{"damage":19,"enemies":"3 Sentries","floor":13,"turns":3},{"damage":14,"enemies":"3 Louse","floor":14,"turns":3},{"damage":0,"enemies":"The Guardian","floor":16,"turns":12},{"damage":17,"enemies":"Shell Parasite","floor":18,"turns":7},{"damage":21,"enemies":"Spheric Guardian","floor":19,"turns":3},{"damage":14,"enemies":"Masked Bandits","floor":21,"turns":4},{"damage":9,"enemies":"Centurion and Healer","floor":22,"turns":5},{"damage":11,"enemies":"Book of Stabbing","floor":24,"turns":4},{"damage":13,"enemies":"Snecko","floor":30,"turns":6},{"damage":45,"enemies":"Collector","floor":33,"turns":15},{"damage":15,"enemies":"3 Darklings","floor":35,"turns":3},{"damage":0,"enemies":"3 Shapes","floor":37,"turns":3},{"damage":0,"enemies":"Spire Growth","floor":38,"turns":6},{"damage":18,"enemies":"Transient","floor":39,"turns":6},{"damage":49,"enemies":"Giant Head","floor":41,"turns":12},{"damage":20,"enemies":"Maw","floor":44,"turns":6},{"damage":7,"enemies":"4 Shapes","floor":45,"turns":4},{"damage":31,"enemies":"Donu and Deca","floor":50,"turns":14},{"damage":69,"enemies":"Awakened One","floor":51,"turns":22},{"damage":116,"enemies":"Shield and Spear","floor":55,"turns":9},{"damage":79,"enemies":"The Heart","floor":56,"turns":3}],"seed_played":"-1192476089194409133","potions_obtained":[{"floor":3,"key":"Dexterity Potion"},{"floor":7,"key":"Energy Potion"},{"floor":13,"key":"FearPotion"},{"floor":14,"key":"SpeedPotion"},{"floor":21,"key":"Fire Potion"},{"floor":33,"key":"EssenceOfSteel"},{"floor":37,"key":"SkillPotion"},{"floor":39,"key":"SteroidPotion"},{"floor":44,"key":"PowerPotion"}],"is_trial":false,"path_per_floor":["M","M","M","?","$","R","E","R","T","R","E","?","E","M","R","B",null,"M","M","$","?","M","R","E","T","T","R","?","$","M","?","R","B",null,"M","$","M","M","M","R","E","R","T","M","M","?","R","?","R","B","B",null,"R","$","E","B"],"character_chosen":"DEFECT","items_purchased":["Static Discharge","Fire Potion","Regen Potion","Happy Flower","Glacier","Capacitor","Mummified Hand"],"campfire_rested":6,"item_purchase_floors":[5,5,29,29,29,36,54],"current_hp_per_floor":[62,62,61,61,61,61,39,39,39,60,60,60,41,27,27,27,60,43,22,22,15,13,35,31,38,38,38,14,14,23,23,50,5,70,57,57,57,59,48,77,35,64,64,44,39,101,101,98,98,72,8,79,103,103,51,0],"gold":71,"neow_bonus":"UPGRADE_CARD","is_prod":false,"is_daily":false,"chose_seed":false,"campfire_upgraded":5,"win_rate":0,"timestamp":1580565664,"path_taken":["M","M","M","?","$","R","E","R","T","R","E","?","E","?","R","BOSS","M","M","$","?","M","R","E","?","T","R","?","$","M","?","R","BOSS","M","$","?","M","M","R","E","R","T","M","M","?","R","?","R","BOSS","BOSS","R","$","E","BOSS"],"build_version":"2020-01-27","purchased_purges":1,"victory":false,"max_hp_per_floor":[71,71,71,71,71,71,71,71,71,71,71,71,71,71,71,71,71,71,71,71,73,75,75,77,84,84,84,89,89,91,91,91,91,91,93,93,93,95,97,97,99,99,99,99,101,101,101,103,103,103,103,103,103,103,103,103],"card_choices":[{"not_picked":["Conserve Battery","Recycle"],"picked":"Undo","floor":1},{"not_picked":["Skim","Melter","Tempest"],"picked":"SKIP","floor":2},{"not_picked":["Leap","Sweeping Beam"],"picked":"Sunder","floor":3},{"not_picked":["Gash","Tempest"],"picked":"Glacier","floor":7},{"not_picked":["Chill","Cold Snap"],"picked":"Doom and Gloom","floor":11},{"not_picked":["Consume","Sunder"],"picked":"Ball Lightning","floor":13},{"not_picked":["Barrage","Glacier"],"picked":"Core Surge","floor":14},{"not_picked":["Rainbow","Thunder Strike"],"picked":"Biased Cognition","floor":16},{"not_picked":["Go for the Eyes","Redo"],"picked":"FTL+1","floor":18},{"not_picked":["Doom and Gloom+1","Glacier"],"picked":"Conserve Battery","floor":19},{"not_picked":["Steam Power","Heatsinks","Streamline"],"picked":"Singing Bowl","floor":21},{"not_picked":["Steam","Sweeping Beam","Blizzard"],"picked":"Singing Bowl","floor":22},{"not_picked":["Leap","Steam","Conserve Battery"],"picked":"Singing Bowl","floor":24},{"not_picked":["Core Surge","Darkness","Redo"],"picked":"Singing Bowl","floor":30},{"not_picked":["All For One","Amplify"],"picked":"Core Surge","floor":33},{"not_picked":["Blizzard","Redo+1","Turbo"],"picked":"Singing Bowl","floor":35},{"not_picked":["Barrage","Steam+1"],"picked":"Capacitor","floor":37},{"not_picked":["Melter","Skim","White Noise+1"],"picked":"Singing Bowl","floor":38},{"not_picked":["Steam","Chaos","Recycle+1"],"picked":"Singing Bowl","floor":39},{"not_picked":["Conserve Battery","Coolheaded","Multi-Cast"],"picked":"Singing Bowl","floor":41},{"not_picked":["Steam","Redo"],"picked":"Storm+1","floor":44},{"not_picked":["Reinforced Body","Sweeping Beam","Self Repair+1"],"picked":"Singing Bowl","floor":45},{"not_picked":["Good Instincts","Deep Breath","Finesse"],"picked":"Singing Bowl","floor":48},{"not_picked":["Violence","Mayhem+1"],"picked":"HandOfGreed","floor":48},{"not_picked":["Force Field","Barrage"],"picked":"Echo Form+1","floor":55}],"player_experience":2121344,"relics_obtained":[{"floor":7,"key":"Singing Bowl"},{"floor":9,"key":"Letter Opener"},{"floor":11,"key":"Lizard Tail"},{"floor":13,"key":"Toy Ornithopter"},{"floor":21,"key":"Red Mask"},{"floor":24,"key":"InkBottle"},{"floor":25,"key":"Strawberry"},{"floor":26,"key":"Akabeko"},{"floor":41,"key":"Frozen Egg 2"},{"floor":55,"key":"HornCleat"}],"event_choices":[{"damage_healed":0,"gold_gain":71,"player_choice":"Gained Gold","damage_taken":0,"max_hp_gain":0,"max_hp_loss":0,"event_name":"Golden Wing","floor":4,"gold_loss":0},{"cards_removed":["Strike_B"],"damage_healed":0,"gold_gain":0,"player_choice":"Offered Basic","damage_taken":0,"max_hp_gain":0,"max_hp_loss":0,"event_name":"Bonfire Elementals","floor":12,"gold_loss":0},{"damage_healed":0,"gold_gain":0,"player_choice":"Fought Bandits","damage_taken":0,"max_hp_gain":0,"max_hp_loss":0,"event_name":"Masked Bandits","floor":21,"gold_loss":0},{"damage_healed":0,"gold_gain":0,"player_choice":"Shed Blood","damage_taken":29,"max_hp_gain":5,"max_hp_loss":0,"event_name":"Forgotten Altar","floor":28,"gold_loss":0},{"damage_healed":0,"gold_gain":0,"player_choice":"Traded Relic","damage_taken":0,"relics_obtained":["Nloth\u0027s Gift"],"max_hp_gain":0,"max_hp_loss":0,"event_name":"N\u0027loth","floor":31,"relics_lost":["Strawberry"],"gold_loss":0},{"damage_healed":62,"gold_gain":0,"player_choice":"Heal","damage_taken":0,"max_hp_gain":0,"max_hp_loss":0,"event_name":"MindBloom","floor":46,"gold_loss":0,"cards_obtained":["Doubt"]},{"damage_healed":0,"gold_gain":0,"player_choice":"Memory 2","damage_taken":5,"max_hp_gain":0,"max_hp_loss":0,"event_name":"SensoryStone","floor":48,"gold_loss":0}],"is_beta":true,"boss_relics":[{"not_picked":["Tiny House","Sozu"],"picked":"Empty Cage"},{"not_picked":["Pandora\u0027s Box","SlaversCollar"],"picked":"Snecko Eye"}],"items_purged_floors":[5],"is_endless":false,"potions_floor_spawned":[3,7,13,14,19,21,33,37,39,44,45],"killed_by":"The Heart","ascension_level":20}