{"gold_per_floor":[114,133,12,26,0,27,39,39,39,39,51,77,77,108,108,182,182,194,194,219,229,279,279],"floor_reached":23,"playtime":1946,"items_purged":[],"score":418,"play_id":"4477b6a6-fd9c-40e7-945a-cad99051f9b5","local_time":"20200130214941","is_ascension_mode":true,"campfire_choices":[{"data":"Defragment","floor":8.0,"key":"SMITH"},{"data":"Zap","floor":10.0,"key":"SMITH"},{"data":"Sunder","floor":15,"key":"SMITH"}],"neow_cost":"PERCENT_DAMAGE","seed_source_timestamp":1362155132306800,"circlet_count":0,"master_deck":["AscendersBane","Zap+1","Dualcast","Cold Snap","Ball Lightning","Leap","Glacier","Self Repair","Undo","Compile Driver","Defragment+1","Ball Lightning","Go for the Eyes","Sunder+1","Seek","Biased Cognition","Self Repair","Rebound","Force Field","FTL","Blizzard","Sweeping Beam","Coolheaded","Force Field","Capacitor","Necronomicurse","Conserve Battery","Cold Snap"],"special_seed":0,"relics":["Cracked Core","Prayer Wheel","Dream Catcher","Peace Pipe","GremlinMask","Eternal Feather","Pandora\u0027s Box","Necronomicon","Red Mask"],"potions_floor_usage":[16,20,23,23],"damage_taken":[{"damage":5.0,"enemies":"2 Louse","floor":1.0,"turns":3.0},{"damage":0.0,"enemies":"Small Slimes","floor":2.0,"turns":2.0},{"damage":4.0,"enemies":"Cultist","floor":4.0,"turns":3.0},{"damage":12.0,"enemies":"3 Sentries","floor":6.0,"turns":9.0},{"damage":11.0,"enemies":"Blue Slaver","floor":7.0,"turns":4.0},{"damage":4.0,"enemies":"Looter","floor":11.0,"turns":2.0},{"damage":2,"enemies":"Lagavulin","floor":12,"turns":7},{"damage":5,"enemies":"3 Sentries","floor":14,"turns":6},{"damage":5,"enemies":"Slime Boss","floor":16,"turns":7},{"damage":9,"enemies":"Shell Parasite","floor":18,"turns":8},{"damage":24,"enemies":"Masked Bandits","floor":20,"turns":3},{"damage":2,"enemies":"3 Byrds","floor":21,"turns":5},{"damage":45,"enemies":"Book of Stabbing","floor":23,"turns":7}],"seed_played":"-6440790914579713863","potions_obtained":[{"floor":1.0,"key":"Explosive Potion"},{"floor":7.0,"key":"FairyPotion"},{"floor":12,"key":"AttackPotion"},{"floor":16,"key":"Fire Potion"},{"floor":20,"key":"AttackPotion"},{"floor":21,"key":"BlessingOfTheForge"}],"is_trial":false,"path_per_floor":["M","M","$","M","?","E","M","R","T","R","M","E","?","E","R","B",null,"M","?","?","M","?","E"],"character_chosen":"DEFECT","items_purchased":["Glacier","Self Repair"],"campfire_rested":0,"item_purchase_floors":[3,3],"current_hp_per_floor":[41,41,41,44,44,39,35,35,35,35,31,36,36,38,50,52,66,71,50,33,45,45,0],"gold":279,"neow_bonus":"ONE_RARE_RELIC","is_prod":false,"is_daily":false,"chose_seed":false,"campfire_upgraded":3,"win_rate":0,"timestamp":1580420981,"path_taken":["M","M","$","M","?","E","M","R","T","R","M","E","?","E","R","BOSS","M","?","?","M","?","E"],"build_version":"2020-01-27","purchased_purges":0,"victory":false,"max_hp_per_floor":[71,71,71,71,71,71,71,71,71,71,71,71,71,71,71,71,71,71,71,71,71,71,71],"card_choices":[{"not_picked":["Sunder","Compile Driver"],"picked":"Cold Snap","floor":1.0},{"not_picked":["Double Energy","Beam Cell","Recycle"],"picked":"SKIP","floor":1.0},{"not_picked":["Chaos","Conserve Battery"],"picked":"Ball Lightning","floor":2.0},{"not_picked":["Turbo","Chill"],"picked":"Leap","floor":2.0},{"not_picked":["Redo","Chill"],"picked":"Undo","floor":4.0},{"not_picked":["Barrage","Double Energy"],"picked":"Compile Driver","floor":4.0},{"not_picked":["Thunder Strike","Compile Driver"],"picked":"Defragment","floor":6.0},{"not_picked":["Leap","Hologram"],"picked":"Ball Lightning","floor":7.0},{"not_picked":["Self Repair","Beam Cell"],"picked":"Go for the Eyes","floor":7.0},{"not_picked":["Steam","Beam Cell"],"picked":"Sunder","floor":11},{"not_picked":["Gash","Redo","Chaos"],"picked":"SKIP","floor":11},{"not_picked":["Turbo","Hologram","Steam"],"picked":"SKIP","floor":12},{"not_picked":["Sweeping Beam","Double Energy"],"picked":"Seek","floor":14},{"not_picked":["Multi-Cast","Rainbow"],"picked":"Biased Cognition","floor":16},{"not_picked":["Beam Cell","Leap"],"picked":"Capacitor","floor":18},{"not_picked":["Streamline","Stack","Barrage"],"picked":"SKIP","floor":18},{"not_picked":["Rip and Tear","Streamline+1"],"picked":"Conserve Battery","floor":21},{"not_picked":["Streamline","Compile Driver"],"picked":"Cold Snap","floor":21}],"player_experience":2102619,"relics_obtained":[{"floor":6.0,"key":"Dream Catcher"},{"floor":12,"key":"Peace Pipe"},{"floor":14,"key":"Eternal Feather"},{"floor":19,"key":"Necronomicon"},{"floor":20,"key":"Red Mask"}],"event_choices":[{"damage_healed":0.0,"max_hp_gain":0.0,"max_hp_loss":0.0,"gold_gain":0.0,"event_name":"World of Goop","player_choice":"Left Gold","floor":5.0,"gold_loss":26.0,"damage_taken":0.0},{"damage_healed":0,"gold_gain":0,"player_choice":"Trade","damage_taken":0,"relics_obtained":["GremlinMask"],"max_hp_gain":0,"max_hp_loss":0,"event_name":"FaceTrader","floor":13,"gold_loss":0},{"damage_healed":0,"gold_gain":0,"player_choice":"Obtained Book","damage_taken":21,"max_hp_gain":0,"max_hp_loss":0,"event_name":"Cursed Tome","floor":19,"gold_loss":0},{"damage_healed":0,"gold_gain":0,"player_choice":"Fought Bandits","damage_taken":0,"max_hp_gain":0,"max_hp_loss":0,"event_name":"Masked Bandits","floor":20,"gold_loss":0},{"damage_healed":0,"gold_gain":50,"player_choice":"Stole From Cult","damage_taken":0,"max_hp_gain":0,"max_hp_loss":0,"event_name":"Nest","floor":22,"gold_loss":0}],"is_beta":true,"boss_relics":[{"not_picked":["Calling Bell","Ectoplasm"],"picked":"Pandora\u0027s Box"}],"items_purged_floors":[],"is_endless":false,"potions_floor_spawned":[1,7,12,16,20,21],"killed_by":"Book of Stabbing","ascension_level":20}