{"gold_per_floor":[113,113,78,93,93,127,141,141,141,166,166,190,219,239,239,311,311,331,343,343,13,13],"floor_reached":22,"playtime":1506,"items_purged":[],"score":404,"play_id":"54dc4a5a-0d21-4f3e-a72e-3eff3e7c9e5e","local_time":"20200130205149","is_ascension_mode":true,"campfire_choices":[{"floor":8.0,"key":"REST"},{"floor":11.0,"key":"REST"},{"data":"Loop","floor":15.0,"key":"SMITH"}],"neow_cost":"NONE","seed_source_timestamp":1359097710481700,"circlet_count":0,"master_deck":["AscendersBane","Strike_B","Strike_B","Strike_B","Strike_B+1","Defend_B","Defend_B","Defend_B+1","Defend_B","Zap","Dualcast","Core Surge","Sweeping Beam","Leap","Go for the Eyes","Cold Snap","Loop+1","Hyperbeam","Cold Snap","Hologram+1"],"special_seed":0,"relics":["Cracked Core","Anchor","Symbiotic Virus","Tiny Chest","Orichalcum","Bronze Scales","Black Star","Meat on the Bone"],"potions_floor_usage":[22],"damage_taken":[{"damage":8.0,"enemies":"2 Louse","floor":1.0,"turns":2.0},{"damage":2.0,"enemies":"Jaw Worm","floor":4.0,"turns":3.0},{"damage":39.0,"enemies":"3 Sentries","floor":6.0,"turns":10.0},{"damage":0.0,"enemies":"Small Slimes","floor":7.0,"turns":2.0},{"damage":10.0,"enemies":"Lagavulin","floor":10.0,"turns":5.0},{"damage":15.0,"enemies":"Gremlin Nob","floor":13.0,"turns":4.0},{"damage":0.0,"enemies":"Looter","floor":14.0,"turns":2.0},{"damage":12.0,"enemies":"Slime Boss","floor":16.0,"turns":5.0},{"damage":20.0,"enemies":"Chosen","floor":18.0,"turns":6.0},{"damage":13.0,"enemies":"2 Thieves","floor":19.0,"turns":3.0},{"damage":8,"enemies":"Snecko","floor":22,"turns":3}],"seed_played":"-1997707829764628617","potions_obtained":[{"floor":6.0,"key":"FocusPotion"},{"floor":7.0,"key":"Weak Potion"},{"floor":13.0,"key":"GamblersBrew"},{"floor":16.0,"key":"DuplicationPotion"}],"is_trial":false,"path_per_floor":["M","?","?","M","?","E","M","R","T","E","R","T","E","M","R","B",null,"M","M","?","$","M"],"character_chosen":"DEFECT","items_purchased":["Meat on the Bone","SteroidPotion"],"campfire_rested":2,"item_purchase_floors":[21,21],"current_hp_per_floor":[56,56,71,69,48,9,9,30,30,20,41,41,26,26,26,14,57,37,24,4,4,0],"gold":13,"neow_bonus":"ONE_RANDOM_RARE_CARD","is_prod":false,"is_daily":false,"chose_seed":false,"campfire_upgraded":1,"win_rate":0,"timestamp":1580417509,"path_taken":["M","?","?","M","?","E","M","R","T","E","R","?","E","M","R","BOSS","M","M","?","$","M"],"build_version":"2020-01-27","purchased_purges":0,"victory":false,"max_hp_per_floor":[71,71,71,71,71,71,71,71,71,71,71,71,71,71,71,71,71,71,71,76,76,76],"card_choices":[{"not_picked":["Loop","Redo"],"picked":"Sweeping Beam","floor":1.0},{"not_picked":["Recycle","Chaos","Stack"],"picked":"SKIP","floor":4.0},{"not_picked":["Machine Learning","Sweeping Beam"],"picked":"Leap","floor":6.0},{"not_picked":["Barrage","Reprogram"],"picked":"Go for the Eyes","floor":7.0},{"not_picked":["Reinforced Body","Multi-Cast"],"picked":"Cold Snap","floor":10.0},{"not_picked":["Beam Cell","Conserve Battery"],"picked":"Loop","floor":13.0},{"not_picked":["Gash","Sweeping Beam","Beam Cell"],"picked":"SKIP","floor":14.0},{"not_picked":["Machine Learning","Amplify"],"picked":"Hyperbeam","floor":16.0},{"not_picked":["Leap","Steam"],"picked":"Cold Snap","floor":18.0},{"not_picked":["Consume","Hello World"],"picked":"Hologram+1","floor":19.0}],"player_experience":2099952,"relics_obtained":[{"floor":6.0,"key":"Anchor"},{"floor":9.0,"key":"Symbiotic Virus"},{"floor":10.0,"key":"Tiny Chest"},{"floor":12.0,"key":"Orichalcum"},{"floor":13.0,"key":"Bronze Scales"}],"event_choices":[{"damage_healed":0.0,"max_hp_gain":0.0,"max_hp_loss":0.0,"gold_gain":0.0,"event_name":"Liars Game","player_choice":"Ignored","floor":2.0,"gold_loss":0.0,"damage_taken":0.0},{"damage_healed":17.0,"max_hp_gain":0.0,"max_hp_loss":0.0,"gold_gain":0.0,"event_name":"The Cleric","player_choice":"Healed","floor":3.0,"gold_loss":35.0,"damage_taken":0.0},{"damage_healed":0.0,"max_hp_gain":0.0,"max_hp_loss":0.0,"gold_gain":0.0,"event_name":"Shining Light","player_choice":"Entered Light","floor":5.0,"gold_loss":0.0,"damage_taken":21.0,"cards_upgraded":["Defend_B","Strike_B"]},{"damage_healed":0.0,"max_hp_gain":5.0,"max_hp_loss":0.0,"gold_gain":0.0,"event_name":"Forgotten Altar","player_choice":"Shed Blood","floor":20.0,"gold_loss":0.0,"damage_taken":25.0}],"is_beta":true,"boss_relics":[{"not_picked":["Coffee Dripper","Tiny House"],"picked":"Black Star"}],"items_purged_floors":[],"is_endless":false,"potions_floor_spawned":[6,7,13,16],"killed_by":"Snecko","ascension_level":20}