{"gold_per_floor":[117,137,8,26,26,70,2,2,25,59,59,83,104,69,69,69],"floor_reached":16,"playtime":944,"items_purged":[],"score":220,"play_id":"e2739d6b-ffb5-46bf-9d93-23d109a6193b","local_time":"20200128210325","is_ascension_mode":true,"campfire_choices":[{"floor":8,"key":"REST"},{"data":"Zap","floor":11,"key":"SMITH"},{"data":"Ball Lightning","floor":15,"key":"SMITH"}],"neow_cost":"NONE","seed_source_timestamp":1187589242821800,"circlet_count":0,"master_deck":["AscendersBane","Strike_B","Strike_B","Strike_B","Strike_B","Defend_B+1","Defend_B","Defend_B","Defend_B","Zap+1","Dualcast","Glacier+1","Self Repair","Cold Snap","Thunder Strike","Capacitor","Ball Lightning+1"],"relics":["Cracked Core","CeramicFish","Nunchaku","Kunai"],"potions_floor_usage":[10,10,12],"damage_taken":[{"damage":2,"enemies":"2 Louse","floor":1,"turns":3},{"damage":3,"enemies":"Small Slimes","floor":2,"turns":4},{"damage":2,"enemies":"Jaw Worm","floor":4,"turns":4},{"damage":35,"enemies":"3 Sentries","floor":6,"turns":16},{"damage":30,"enemies":"Lagavulin","floor":10,"turns":11},{"damage":10,"enemies":"Lots of Slimes","floor":12,"turns":5},{"damage":4,"enemies":"Looter","floor":13,"turns":3},{"damage":41,"enemies":"Hexaghost","floor":16,"turns":11}],"seed_played":"-2454740812803376154","potions_obtained":[{"floor":2,"key":"Weak Potion"},{"floor":10,"key":"EssenceOfSteel"},{"floor":13,"key":"Ancient Potion"}],"is_trial":false,"path_per_floor":["M","M","$","M","?","E","?","R","T","E","R","M","M","?","R","B"],"character_chosen":"DEFECT","items_purchased":["Self Repair","FearPotion"],"campfire_rested":1,"item_purchase_floors":[3,3],"current_hp_per_floor":[69,66,66,71,48,20,20,43,43,20,20,17,20,39,39,0],"gold":69,"neow_bonus":"TEN_PERCENT_HP_BONUS","is_prod":false,"is_daily":false,"chose_seed":false,"campfire_upgraded":2,"win_rate":0,"timestamp":1580245405,"path_taken":["M","M","$","M","?","E","?","R","T","E","R","M","M","?","R","BOSS"],"build_version":"2020-01-27","purchased_purges":0,"victory":false,"max_hp_per_floor":[78,78,78,78,78,78,78,78,78,78,78,78,78,78,78,78],"card_choices":[{"not_picked":["Go for the Eyes","Streamline"],"picked":"Glacier","floor":1},{"not_picked":["Beam Cell","Recycle","Turbo"],"picked":"SKIP","floor":2},{"not_picked":["Streamline","Gash","Rebound"],"picked":"SKIP","floor":4},{"not_picked":["Turbo","Hologram"],"picked":"Cold Snap","floor":6},{"not_picked":["Turbo","Hologram"],"picked":"Thunder Strike","floor":10},{"not_picked":["Steam","Hologram"],"picked":"Capacitor","floor":12},{"not_picked":["Rip and Tear","Beam Cell"],"picked":"Ball Lightning","floor":13}],"player_experience":2081138,"relics_obtained":[{"floor":6,"key":"CeramicFish"},{"floor":9,"key":"Nunchaku"},{"floor":10,"key":"Kunai"}],"event_choices":[{"damage_healed":0,"gold_gain":0,"player_choice":"Entered Light","damage_taken":23,"max_hp_gain":0,"max_hp_loss":0,"event_name":"Shining Light","floor":5,"gold_loss":0,"cards_upgraded":["Defend_B","Glacier"]},{"damage_healed":0,"gold_gain":0,"player_choice":"Left Gold","damage_taken":0,"max_hp_gain":0,"max_hp_loss":0,"event_name":"World of Goop","floor":7,"gold_loss":68},{"damage_healed":19,"gold_gain":0,"player_choice":"Healed","damage_taken":0,"max_hp_gain":0,"max_hp_loss":0,"event_name":"The Cleric","floor":14,"gold_loss":35}],"is_beta":true,"boss_relics":[],"items_purged_floors":[],"is_endless":false,"potions_floor_spawned":[2,4,10,13],"killed_by":"Hexaghost","ascension_level":20}