{"gold_per_floor":[118,136,136,153,153,153,184,184,184,184,211,2,18,47,47,122,122,140,140,140],"floor_reached":20,"playtime":1094,"items_purged":[],"score":380,"play_id":"af5bf4ed-3b00-437c-8fcb-b25793b3eea5","local_time":"20200201100800","is_ascension_mode":true,"campfire_choices":[{"data":"Zap","floor":6,"key":"SMITH"},{"data":"Thunder Strike","floor":8,"key":"SMITH"},{"floor":10,"key":"REST"},{"data":"Compile Driver","floor":15,"key":"SMITH"}],"neow_cost":"NONE","seed_source_timestamp":1493717159560200,"circlet_count":0,"master_deck":["AscendersBane","Strike_B","Strike_B","Strike_B","Strike_B","Defend_B","Defend_B","Defend_B","Defend_B","Zap+1","Dualcast","Thunder Strike+1","Compile Driver+1","Go for the Eyes","Cold Snap","Conserve Battery","Coolheaded","Echo Form","Ball Lightning"],"relics":["Cracked Core","Ornamental Fan","Pen Nib","Toy Ornithopter","Regal Pillow","Lee\u0027s Waffle","Juzu Bracelet","Nuclear Battery","Enchiridion"],"potions_floor_usage":[7,11,16],"damage_taken":[{"damage":0,"enemies":"2 Louse","floor":1,"turns":2},{"damage":9,"enemies":"Jaw Worm","floor":2,"turns":3},{"damage":0,"enemies":"Cultist","floor":4,"turns":3},{"damage":35,"enemies":"3 Sentries","floor":7,"turns":11},{"damage":29,"enemies":"Lagavulin","floor":11,"turns":8},{"damage":0,"enemies":"Blue Slaver","floor":13,"turns":4},{"damage":43,"enemies":"Gremlin Nob","floor":14,"turns":5},{"damage":17,"enemies":"Slime Boss","floor":16,"turns":7},{"damage":21,"enemies":"Shell Parasite","floor":18,"turns":6},{"damage":23,"enemies":"3 Byrds","floor":20,"turns":3}],"seed_played":"8531022065654361311","potions_obtained":[{"floor":2,"key":"SpeedPotion"},{"floor":4,"key":"SpeedPotion"},{"floor":14,"key":"Energy Potion"},{"floor":16,"key":"PotionOfCapacity"}],"is_trial":false,"path_per_floor":["M","M","?","M","?","R","E","R","T","R","E","$","M","E","R","B",null,"M","?","M"],"character_chosen":"DEFECT","items_purchased":["Lee\u0027s Waffle","Conserve Battery"],"campfire_rested":1,"item_purchase_floors":[12,12],"current_hp_per_floor":[64,55,55,55,44,44,9,9,9,30,6,78,78,35,35,23,64,43,22,0],"gold":140,"neow_bonus":"ONE_RANDOM_RARE_CARD","is_prod":false,"is_daily":false,"chose_seed":false,"campfire_upgraded":3,"win_rate":0,"timestamp":1580551680,"path_taken":["M","M","?","M","?","R","E","R","T","R","E","?","M","E","R","BOSS","M","?","M"],"build_version":"2020-01-27","purchased_purges":0,"victory":false,"max_hp_per_floor":[71,71,71,71,71,71,71,71,71,71,71,78,78,78,78,78,78,78,78,78],"card_choices":[{"not_picked":["Leap","Gash","Coolheaded"],"picked":"SKIP","floor":1},{"not_picked":["Lockon","Capacitor"],"picked":"Compile Driver","floor":2},{"not_picked":["BootSequence","Melter","Skim"],"picked":"SKIP","floor":4},{"not_picked":["Barrage","Streamline"],"picked":"Go for the Eyes","floor":7},{"not_picked":["Hologram","Fission"],"picked":"Cold Snap","floor":11},{"not_picked":["Stack","Turbo"],"picked":"Coolheaded","floor":13},{"not_picked":["Fusion","Leap","Rebound"],"picked":"SKIP","floor":14},{"not_picked":["Reboot","Biased Cognition"],"picked":"Echo Form","floor":16},{"not_picked":["Cold Snap","Sweeping Beam"],"picked":"Ball Lightning","floor":18}],"player_experience":2117992,"relics_obtained":[{"floor":7,"key":"Pen Nib"},{"floor":9,"key":"Toy Ornithopter"},{"floor":11,"key":"Regal Pillow"},{"floor":14,"key":"Juzu Bracelet"},{"floor":19,"key":"Enchiridion"}],"event_choices":[{"damage_healed":0,"gold_gain":0,"player_choice":"Ignored","damage_taken":0,"max_hp_gain":0,"max_hp_loss":0,"event_name":"Liars Game","floor":3,"gold_loss":0},{"damage_healed":0,"gold_gain":0,"player_choice":"Success","damage_taken":11,"relics_obtained":["Ornamental Fan"],"max_hp_gain":0,"max_hp_loss":0,"event_name":"Scrap Ooze","floor":5,"gold_loss":0},{"damage_healed":0,"gold_gain":0,"player_choice":"Obtained Book","damage_taken":21,"max_hp_gain":0,"max_hp_loss":0,"event_name":"Cursed Tome","floor":19,"gold_loss":0}],"is_beta":true,"boss_relics":[{"not_picked":["Calling Bell","Empty Cage"],"picked":"Nuclear Battery"}],"items_purged_floors":[],"is_endless":false,"potions_floor_spawned":[2,4,14,16],"killed_by":"3 Byrds","ascension_level":20}