{"gold_per_floor":[118,118,118,128,143,143,169,169,217,217,235,235,261,13,13,90,90,61,77,77,95,108,108,139,139,139,168,168,202,202,302,302,376,376,391,391,391,408,80,80,115,127,127,162,162,192,204,216,228,240],"floor_reached":50,"playtime":3279,"items_purged":["Strike_B"],"score":1638,"play_id":"c7b3d1ff-08c3-46ae-b4ed-a237a7059b0d","local_time":"20200131210840","is_ascension_mode":true,"campfire_choices":[{"data":"Buffer","floor":6.0,"key":"SMITH"},{"data":"Darkness","floor":8.0,"key":"SMITH"},{"data":"Zap","floor":10.0,"key":"SMITH"},{"data":"Loop","floor":12.0,"key":"SMITH"},{"data":"Glacier","floor":15.0,"key":"SMITH"},{"data":"Sweeping Beam","floor":23,"key":"SMITH"},{"data":"Defragment","floor":25,"key":"SMITH"},{"floor":28,"key":"REST"},{"floor":32,"key":"REST"},{"data":"Biased Cognition","floor":40,"key":"SMITH"},{"floor":45,"key":"RECALL"},{"floor":49,"key":"REST"}],"neow_cost":"TEN_PERCENT_HP_LOSS","seed_source_timestamp":1444739443754200,"circlet_count":0,"master_deck":["AscendersBane","Strike_B+1","Strike_B+1","Strike_B","Defend_B","Defend_B","Defend_B","Defend_B","Zap+1","Dualcast","Buffer+1","Sunder+1","Darkness+1","Loop+1","Undo","Glacier+1","Leap","Biased Cognition+1","Defragment+1","Cold Snap","Sweeping Beam+1","Coolheaded+1","Necronomicurse","Amplify","Defragment+1","Core Surge","Parasite","Compile Driver+1"],"special_seed":0,"relics":["Cracked Core","Vajra","Blood Vial","Whetstone","DataDisk","Velvet Choker","Akabeko","StoneCalendar","Lantern","Oddly Smooth Stone","Necronomicon","Emotion Chip","Bottled Flame","Busted Crown","DollysMirror","Juzu Bracelet","Frozen Egg 2","MawBank"],"potions_floor_usage":[27,31,44,48,50],"damage_taken":[{"damage":8.0,"enemies":"Small Slimes","floor":1.0,"turns":4.0},{"damage":2.0,"enemies":"Jaw Worm","floor":4.0,"turns":3.0},{"damage":0.0,"enemies":"2 Louse","floor":5.0,"turns":2.0},{"damage":0.0,"enemies":"Gremlin Nob","floor":7.0,"turns":4.0},{"damage":0.0,"enemies":"2 Fungi Beasts","floor":11.0,"turns":3.0},{"damage":20.0,"enemies":"3 Sentries","floor":13.0,"turns":9.0},{"damage":0.0,"enemies":"Hexaghost","floor":16.0,"turns":8.0},{"damage":0.0,"enemies":"2 Thieves","floor":18.0,"turns":4.0},{"damage":0.0,"enemies":"Spheric Guardian","floor":19.0,"turns":4.0},{"damage":0.0,"enemies":"3 Cultists","floor":21.0,"turns":5.0},{"damage":15,"enemies":"Chosen and Byrds","floor":22,"turns":7},{"damage":25,"enemies":"Book of Stabbing","floor":24,"turns":7},{"damage":15,"enemies":"Slavers","floor":27,"turns":2},{"damage":0,"enemies":"Gremlin Leader","floor":29,"turns":5},{"damage":5,"enemies":"Colosseum Slavers","floor":31,"turns":3},{"damage":6,"enemies":"Colosseum Nobs","floor":31,"turns":5},{"damage":0,"enemies":"Champ","floor":33,"turns":11},{"damage":0,"enemies":"Orb Walker","floor":35,"turns":2},{"damage":12,"enemies":"3 Darklings","floor":38,"turns":5},{"damage":0,"enemies":"Giant Head","floor":41,"turns":8},{"damage":9,"enemies":"Writhing Mass","floor":42,"turns":7},{"damage":0,"enemies":"Reptomancer","floor":44,"turns":8},{"damage":32,"enemies":"Giant Head","floor":46,"turns":11},{"damage":0,"enemies":"Jaw Worm Horde","floor":48,"turns":2},{"damage":49,"enemies":"Time Eater","floor":50,"turns":5}],"seed_played":"-8060548033704974039","potions_obtained":[{"floor":1.0,"key":"AttackPotion"},{"floor":5.0,"key":"Strength Potion"},{"floor":11.0,"key":"PowerPotion"},{"floor":22,"key":"Strength Potion"},{"floor":31,"key":"PowerPotion"},{"floor":33,"key":"Strength Potion"},{"floor":46,"key":"SmokeBomb"}],"is_trial":false,"path_per_floor":["M","?","?","M","M","R","E","R","T","R","M","R","E","$","R","B",null,"M","M","?","M","M","R","E","R","T","E","R","E","?","?","R","B",null,"M","?","?","M","$","R","E","M","T","E","R","E","?","M","R","B"],"character_chosen":"DEFECT","items_purchased":["DataDisk","DollysMirror","Core Surge"],"campfire_rested":3,"item_purchase_floors":[14,39,39],"current_hp_per_floor":[56,56,56,54,54,54,54,54,54,54,56,56,38,38,38,40,58,60,62,62,64,49,49,26,26,26,13,32,34,13,6,25,27,55,57,57,57,47,47,47,49,42,42,44,44,14,14,16,34,0],"gold":240,"neow_bonus":"THREE_RARE_CARDS","is_prod":false,"is_daily":false,"chose_seed":false,"campfire_upgraded":8,"win_rate":0,"timestamp":1580504920,"path_taken":["M","?","?","M","M","R","E","R","T","R","M","R","E","$","R","BOSS","M","M","?","M","M","R","E","R","T","E","R","E","?","?","R","BOSS","M","?","?","M","$","R","E","M","T","E","R","E","?","M","R","BOSS"],"build_version":"2020-01-27","purchased_purges":1,"victory":false,"max_hp_per_floor":[64,64,64,64,64,64,64,64,64,64,64,64,64,64,64,64,64,64,64,64,64,64,64,64,64,64,64,64,64,64,64,64,64,64,64,61,61,61,61,61,61,61,61,61,61,61,61,61,61,61],"card_choices":[{"not_picked":["Machine Learning","Meteor Strike"],"picked":"Buffer","floor":0.0},{"not_picked":["Blizzard","Turbo"],"picked":"Sunder","floor":1.0},{"not_picked":["Streamline","Gash"],"picked":"Darkness","floor":4.0},{"not_picked":["Lockon","Redo"],"picked":"Loop","floor":5.0},{"not_picked":["Fusion","Barrage"],"picked":"Undo","floor":7.0},{"not_picked":["Conserve Battery","Darkness"],"picked":"Glacier","floor":11.0},{"not_picked":["Skim","Steam Power"],"picked":"Leap","floor":13.0},{"not_picked":["Fission","Meteor Strike"],"picked":"Biased Cognition","floor":16.0},{"not_picked":["Loop","Streamline+1","Gash"],"picked":"SKIP","floor":18.0},{"not_picked":["Self Repair","Ball Lightning"],"picked":"Defragment","floor":19.0},{"not_picked":["Redo","Steam+1","Doom and Gloom"],"picked":"SKIP","floor":21.0},{"not_picked":["Beam Cell","Glacier+1"],"picked":"Sweeping Beam","floor":22},{"not_picked":["Static Discharge","Gash"],"picked":"Coolheaded+1","floor":24},{"not_picked":["Rebound","Gash","Go for the Eyes"],"picked":"SKIP","floor":27},{"not_picked":["Turbo","Auto Shields","Recycle"],"picked":"SKIP","floor":29},{"not_picked":["Multi-Cast","Seek"],"picked":"Amplify","floor":33},{"not_picked":["Coolheaded"],"picked":"SKIP","floor":35},{"not_picked":["Rebound"],"picked":"SKIP","floor":38},{"not_picked":["Gash+1"],"picked":"SKIP","floor":41},{"not_picked":[],"picked":"Compile Driver+1","floor":42},{"not_picked":["Compile Driver+1"],"picked":"SKIP","floor":44},{"not_picked":["Meteor Strike"],"picked":"SKIP","floor":46}],"player_experience":2109080,"relics_obtained":[{"floor":7.0,"key":"Vajra"},{"floor":9.0,"key":"Blood Vial"},{"floor":13.0,"key":"Whetstone"},{"floor":24,"key":"Akabeko"},{"floor":26,"key":"StoneCalendar"},{"floor":27,"key":"Lantern"},{"floor":29,"key":"Oddly Smooth Stone"},{"floor":30,"key":"Necronomicon"},{"floor":31,"key":"Emotion Chip"},{"floor":31,"key":"Bottled Flame"},{"floor":41,"key":"Juzu Bracelet"},{"floor":44,"key":"Frozen Egg 2"},{"floor":46,"key":"MawBank"}],"event_choices":[{"damage_healed":0.0,"max_hp_gain":0.0,"max_hp_loss":0.0,"gold_gain":0.0,"event_name":"Living Wall","player_choice":"Grow","floor":2.0,"gold_loss":0.0,"damage_taken":0.0,"cards_upgraded":["Sunder"]},{"damage_healed":0.0,"max_hp_gain":0.0,"max_hp_loss":0.0,"gold_gain":0.0,"event_name":"Liars Game","player_choice":"Ignored","floor":3.0,"gold_loss":0.0,"damage_taken":0.0},{"damage_healed":0.0,"max_hp_gain":0.0,"max_hp_loss":0.0,"gold_gain":0.0,"event_name":"The Library","player_choice":"Read","floor":20.0,"gold_loss":0.0,"damage_taken":0.0,"cards_obtained":["Cold Snap"]},{"damage_healed":0,"gold_gain":0,"player_choice":"Obtained Book","damage_taken":21,"max_hp_gain":0,"max_hp_loss":0,"event_name":"Cursed Tome","floor":30,"gold_loss":0},{"damage_healed":0,"gold_gain":0,"player_choice":"Fight","damage_taken":0,"max_hp_gain":0,"max_hp_loss":0,"event_name":"Colosseum","floor":31,"gold_loss":0},{"damage_healed":0,"gold_gain":0,"player_choice":"Fought Nobs","damage_taken":0,"max_hp_gain":0,"max_hp_loss":0,"event_name":"Colosseum","floor":31,"gold_loss":0},{"damage_healed":0,"gold_gain":0,"player_choice":"Max HP","damage_taken":0,"max_hp_gain":0,"max_hp_loss":3,"event_name":"Winding Halls","floor":36,"gold_loss":0},{"damage_healed":0,"gold_gain":0,"player_choice":"Ignored","damage_taken":0,"max_hp_gain":0,"max_hp_loss":0,"event_name":"SecretPortal","floor":37,"gold_loss":0},{"damage_healed":0,"gold_gain":0,"player_choice":"Memory 1","damage_taken":0,"max_hp_gain":0,"max_hp_loss":0,"event_name":"SensoryStone","floor":47,"gold_loss":0}],"is_beta":true,"boss_relics":[{"not_picked":["Pandora\u0027s Box","Empty Cage"],"picked":"Velvet Choker"},{"not_picked":["FrozenCore","Runic Pyramid"],"picked":"Busted Crown"}],"items_purged_floors":[14],"is_endless":false,"potions_floor_spawned":[1,5,11,19,22,31,31,33,38,42,46,48],"killed_by":"Time Eater","ascension_level":20}