{"gold_per_floor":[213,213,226,250,62,98,98,123,123,162,162,162,198,198,198,289,289,310,310,328,328,73,111,111,129,129,144,144,180,180,180,180,269,269,287,287,302,635,650,650,675,704,704,720,750,431,441,474,474,474,474,474,474,2,33,33],"floor_reached":57,"playtime":6485,"items_purged":["Chill+1"],"score":3442,"play_id":"45e8d5b4-b3ac-4a58-be35-f700233042dc","local_time":"20200201183636","is_ascension_mode":true,"campfire_choices":[{"data":"Hyperbeam","floor":7.0,"key":"SMITH"},{"data":"Zap","floor":12.0,"key":"SMITH"},{"data":"Leap","floor":15.0,"key":"SMITH"},{"data":"Biased Cognition","floor":24.0,"key":"SMITH"},{"data":"Loop","floor":28.0,"key":"SMITH"},{"data":"Capacitor","floor":32.0,"key":"SMITH"},{"floor":40.0,"key":"RECALL"},{"floor":49.0,"key":"REST"},{"floor":53.0,"key":"REST"}],"neow_cost":"NONE","seed_source_timestamp":0,"circlet_count":0,"master_deck":["AscendersBane","Zap+1","Dualcast+1","Beam Cell+1","Ball Lightning","Genetic Algorithm+1","Leap+1","Hyperbeam+1","Darkness+1","Ball Lightning","Chaos+1","Biased Cognition+1","Steam+1","Steam+1","Multi-Cast+1","Seek+1","Self Repair","Glacier+1","Undo+1","Loop+1","Glacier+1","Conserve Battery+1","Ghostly+1","Ghostly+1","Ghostly+1","Capacitor+1","Creative AI","Hologram+1","Compile Driver","Glacier+1","Redo+1","Stack+1","Conserve Battery+1","Coolheaded+1","Defragment","Coolheaded+1","Seek+1"],"special_seed":0,"relics":["Cracked Core","Chemical X","Toxic Egg 2","Turnip","Gambling Chip","Pen Nib","Pandora\u0027s Box","ClockworkSouvenir","Happy Flower","Mummified Hand","Letter Opener","Fusion Hammer","FossilizedHelix","Blue Candle","Anchor","Strange Spoon","War Paint","Runic Capacitor","Thread and Needle"],"potions_floor_usage":[56,56],"damage_taken":[{"damage":14.0,"enemies":"Small Slimes","floor":1.0,"turns":4.0},{"damage":1.0,"enemies":"2 Louse","floor":3.0,"turns":3.0},{"damage":7.0,"enemies":"Jaw Worm","floor":4.0,"turns":3.0},{"damage":16.0,"enemies":"Lagavulin","floor":6.0,"turns":7.0},{"damage":0.0,"enemies":"2 Fungi Beasts","floor":8.0,"turns":1.0},{"damage":17.0,"enemies":"3 Sentries","floor":10.0,"turns":3.0},{"damage":20.0,"enemies":"Lagavulin","floor":13.0,"turns":4.0},{"damage":0.0,"enemies":"Slime Boss","floor":16.0,"turns":6.0},{"damage":0.0,"enemies":"Spheric Guardian","floor":18.0,"turns":3.0},{"damage":3.0,"enemies":"3 Byrds","floor":20.0,"turns":4.0},{"damage":0.0,"enemies":"Book of Stabbing","floor":23.0,"turns":6.0},{"damage":12.0,"enemies":"Centurion and Healer","floor":25.0,"turns":2.0},{"damage":0.0,"enemies":"Cultist and Chosen","floor":27.0,"turns":4.0},{"damage":5.0,"enemies":"Gremlin Leader","floor":29.0,"turns":6.0},{"damage":2.0,"enemies":"Automaton","floor":33.0,"turns":9.0},{"damage":0.0,"enemies":"3 Shapes","floor":35.0,"turns":3.0},{"damage":0.0,"enemies":"3 Darklings","floor":37.0,"turns":1.0},{"damage":3.0,"enemies":"Jaw Worm Horde","floor":39.0,"turns":4.0},{"damage":0.0,"enemies":"Mind Bloom Boss Battle","floor":41.0,"turns":7.0},{"damage":0.0,"enemies":"Giant Head","floor":42.0,"turns":9.0},{"damage":0.0,"enemies":"Spire Growth","floor":44.0,"turns":5.0},{"damage":0.0,"enemies":"Nemesis","floor":45.0,"turns":7.0},{"damage":0.0,"enemies":"4 Shapes","floor":47.0,"turns":3.0},{"damage":0.0,"enemies":"Giant Head","floor":48.0,"turns":10.0},{"damage":0.0,"enemies":"Time Eater","floor":50.0,"turns":10.0},{"damage":0.0,"enemies":"Awakened One","floor":51.0,"turns":20.0},{"damage":0,"enemies":"Shield and Spear","floor":55,"turns":8},{"damage":0,"enemies":"The Heart","floor":56,"turns":12}],"seed_played":"-5154214210510262982","potions_obtained":[{"floor":3.0,"key":"EntropicBrew"},{"floor":8.0,"key":"Energy Potion"},{"floor":20.0,"key":"SneckoOil"},{"floor":25.0,"key":"DuplicationPotion"},{"floor":29.0,"key":"Strength Potion"},{"floor":41.0,"key":"Block Potion"},{"floor":47.0,"key":"FearPotion"},{"floor":55,"key":"Ancient Potion"}],"is_trial":false,"path_per_floor":["M","?","M","M","$","E","R","M","T","E","?","R","E","?","R","B",null,"M","?","M","?","$","E","R","M","T","M","R","E","?","?","R","B",null,"M","?","M","?","M","R","?","E","T","M","E","$","M","E","R","B","B",null,"R","$","E","B",null],"character_chosen":"DEFECT","items_purchased":["Chemical X","Leap","ClockworkSouvenir","Loop","Strange Spoon","Stack+1","Conserve Battery+1","Runic Capacitor","Defragment","PowerPotion","Coolheaded+1","EntropicBrew"],"campfire_rested":2,"item_purchase_floors":[5,5,22,22,46,46,46,54,54,54,54,54],"current_hp_per_floor":[50,50,49,42,42,26,26,26,26,9,9,9,19,19,19,19,53,60,60,64,64,64,64,64,59,59,64,64,64,32,32,32,32,32,32,32,32,32,32,32,32,32,32,32,32,32,32,32,32,32,32,32,32,32,32,32],"gold":33,"neow_bonus":"HUNDRED_GOLD","is_prod":false,"is_daily":false,"chose_seed":false,"campfire_upgraded":6,"win_rate":0,"timestamp":1580582196,"path_taken":["M","?","M","M","$","E","R","M","T","E","?","R","E","?","R","BOSS","M","?","M","?","$","E","R","M","T","M","R","E","?","?","R","BOSS","M","?","M","?","M","R","?","E","T","?","E","$","M","E","R","BOSS","BOSS","R","$","E","BOSS"],"build_version":"2020-01-27","purchased_purges":1,"victory":true,"max_hp_per_floor":[71,64,64,64,64,64,64,64,64,64,64,64,64,64,64,64,64,64,64,64,64,64,64,64,64,64,64,64,64,32,32,32,32,32,32,32,32,32,32,32,32,32,32,32,32,32,32,32,32,32,32,32,32,32,32,32],"card_choices":[{"not_picked":["Coolheaded","Turbo"],"picked":"Beam Cell","floor":1.0},{"not_picked":["Hello World","Stack"],"picked":"Ball Lightning","floor":3.0},{"not_picked":["Barrage","Coolheaded"],"picked":"Genetic Algorithm","floor":4.0},{"not_picked":["Gash","Conserve Battery+1"],"picked":"Hyperbeam","floor":6.0},{"not_picked":["Coolheaded+1","Aggregate+1"],"picked":"Darkness+1","floor":8.0},{"not_picked":["Stack+1","Turbo+1"],"picked":"Ball Lightning","floor":10.0},{"not_picked":["Steam Power+1","Consume+1"],"picked":"Chaos+1","floor":13.0},{"not_picked":["Machine Learning","All For One"],"picked":"Biased Cognition","floor":16.0},{"not_picked":["Hologram+1","Beam Cell"],"picked":"Glacier+1","floor":18.0},{"not_picked":["Rebound","Consume+1"],"picked":"Undo+1","floor":20.0},{"not_picked":["Streamline","Force Field+1","Stack+1"],"picked":"SKIP","floor":23.0},{"not_picked":["Stack+1","Chill+1","Streamline"],"picked":"SKIP","floor":25.0},{"not_picked":["Stack+1","Streamline"],"picked":"Glacier+1","floor":27.0},{"not_picked":["All For One","Rebound"],"picked":"Conserve Battery+1","floor":29.0},{"not_picked":["Rainbow+1","Reboot+1"],"picked":"Creative AI","floor":33.0},{"not_picked":["Ball Lightning","Coolheaded+1"],"picked":"Hologram+1","floor":35.0},{"not_picked":["Go for the Eyes","Beam Cell"],"picked":"Compile Driver","floor":37.0},{"not_picked":["Recycle+1","Compile Driver"],"picked":"Glacier+1","floor":39.0},{"not_picked":["Darkness+1","Storm","Rebound"],"picked":"SKIP","floor":42.0},{"not_picked":["Turbo+1","Chaos+1","Reprogram+1"],"picked":"SKIP","floor":44.0},{"not_picked":["Hologram+1","Glacier+1"],"picked":"Redo+1","floor":45.0},{"not_picked":["BootSequence+1","Auto Shields+1","Rip and Tear+1"],"picked":"SKIP","floor":47.0},{"not_picked":["Self Repair","Aggregate+1"],"picked":"Coolheaded+1","floor":48.0},{"not_picked":["Double Energy+1","Multi-Cast+1"],"picked":"Seek+1","floor":55}],"player_experience":2126586,"relics_obtained":[{"floor":6.0,"key":"Toxic Egg 2"},{"floor":9.0,"key":"Turnip"},{"floor":10.0,"key":"Gambling Chip"},{"floor":13.0,"key":"Pen Nib"},{"floor":23.0,"key":"Happy Flower"},{"floor":26.0,"key":"Mummified Hand"},{"floor":29.0,"key":"Letter Opener"},{"floor":41.0,"key":"FossilizedHelix"},{"floor":42.0,"key":"Blue Candle"},{"floor":45.0,"key":"Anchor"},{"floor":48.0,"key":"War Paint"},{"floor":55,"key":"Thread and Needle"}],"event_choices":[{"damage_healed":0.0,"max_hp_gain":0.0,"max_hp_loss":7.0,"gold_gain":0.0,"event_name":"Golden Idol","player_choice":"Lose Max HP","floor":2.0,"gold_loss":0.0,"damage_taken":0.0,"relics_obtained":["Golden Idol"]},{"damage_healed":0.0,"max_hp_gain":0.0,"max_hp_loss":0.0,"gold_gain":0.0,"event_name":"Living Wall","player_choice":"Grow","floor":11.0,"gold_loss":0.0,"damage_taken":0.0,"cards_upgraded":["Beam Cell"]},{"damage_healed":0.0,"max_hp_gain":0.0,"max_hp_loss":0.0,"gold_gain":0.0,"event_name":"Liars Game","player_choice":"Ignored","floor":14.0,"gold_loss":0.0,"damage_taken":0.0},{"damage_healed":0.0,"max_hp_gain":0.0,"max_hp_loss":0.0,"gold_gain":0.0,"event_name":"The Mausoleum","player_choice":"Ignored","floor":19.0,"gold_loss":0.0,"damage_taken":0.0},{"cards_removed":["Meteor Strike"],"damage_healed":0.0,"max_hp_gain":0.0,"max_hp_loss":0.0,"gold_gain":0.0,"event_name":"Back to Basics","player_choice":"Elegance","floor":21.0,"gold_loss":0.0,"damage_taken":0.0},{"damage_healed":0.0,"max_hp_gain":0.0,"max_hp_loss":32.0,"gold_gain":0.0,"event_name":"Ghosts","player_choice":"Became a Ghost","floor":30.0,"gold_loss":0.0,"damage_taken":0.0,"cards_obtained":["Ghostly","Ghostly","Ghostly"]},{"damage_healed":0.0,"max_hp_gain":0.0,"max_hp_loss":0.0,"gold_gain":0.0,"event_name":"The Library","player_choice":"Read","floor":31.0,"gold_loss":0.0,"damage_taken":0.0,"cards_obtained":["Capacitor"]},{"cards_removed":["Blizzard"],"damage_healed":0.0,"max_hp_gain":0.0,"max_hp_loss":0.0,"gold_gain":0.0,"event_name":"Falling","player_choice":"Removed Attack","floor":36.0,"gold_loss":0.0,"damage_taken":0.0},{"damage_healed":0.0,"max_hp_gain":0.0,"max_hp_loss":0.0,"gold_gain":333.0,"event_name":"The Moai Head","player_choice":"Gave Idol","floor":38.0,"relics_lost":["Golden Idol"],"gold_loss":0.0,"damage_taken":0.0},{"damage_healed":0.0,"max_hp_gain":0.0,"max_hp_loss":0.0,"gold_gain":0.0,"event_name":"MindBloom","player_choice":"Fight","floor":41.0,"gold_loss":0.0,"damage_taken":0.0}],"is_beta":true,"boss_relics":[{"not_picked":["Nuclear Battery","Calling Bell"],"picked":"Pandora\u0027s Box"},{"not_picked":["Sozu","Runic Pyramid"],"picked":"Fusion Hammer"}],"items_purged_floors":[46],"is_endless":false,"potions_floor_spawned":[3,8,10,20,25,29,33,39,41,44,47,55],"ascension_level":20}