{"gold_per_floor":[112,130,74,90,36,36,63,63,63,125,141,141,167,187,187,259,259,279,312,1,1,1,34,34,44,70,70,100,100,25,35,35,112,112,130,140,1139,1156,1172,1207,1207],"floor_reached":41,"playtime":4473,"items_purged":["Strike_B+1"],"score":1013,"play_id":"f7d53bdb-bf51-4960-9adf-e964585610f1","local_time":"20200201000033","is_ascension_mode":true,"campfire_choices":[{"data":"Doom and Gloom","floor":6,"key":"SMITH"},{"data":"Darkness","floor":8,"key":"SMITH"},{"data":"Zap","floor":12,"key":"SMITH"},{"data":"Multi-Cast","floor":15,"key":"SMITH"},{"data":"Buffer","floor":24,"key":"SMITH"},{"data":"Sunder","floor":27,"key":"SMITH"},{"data":"Sweeping Beam","floor":32,"key":"SMITH"}],"neow_cost":"NONE","seed_source_timestamp":1453890686113400,"circlet_count":0,"master_deck":["AscendersBane","Strike_B+1","Strike_B+1","Strike_B+1","Defend_B+1","Defend_B+1","Defend_B+1","Defend_B+1","Zap+1","Dualcast","Doom and Gloom+1","Genetic Algorithm","Ball Lightning","Darkness+1","Leap","Multi-Cast+1","FTL","Echo Form","Coolheaded","Genetic Algorithm","Sunder+1","Buffer+1","Glacier","Loop","Sweeping Beam+1","Go for the Eyes+1","Core Surge"],"relics":["Cracked Core","Torii","HornCleat","Eternal Feather","Sundial","Coffee Dripper","Red Mask","DollysMirror","Singing Bowl","Pen Nib","Omamori","Fusion Hammer","Bag of Preparation"],"potions_floor_usage":[7,10,13,19,23,28,31,40,40],"damage_taken":[{"damage":1,"enemies":"Cultist","floor":1,"turns":4},{"damage":7,"enemies":"Jaw Worm","floor":2,"turns":3},{"damage":4,"enemies":"2 Louse","floor":4,"turns":4},{"damage":5,"enemies":"3 Sentries","floor":7,"turns":2},{"damage":0,"enemies":"Gremlin Nob","floor":10,"turns":3},{"damage":0,"enemies":"Looter","floor":11,"turns":3},{"damage":7,"enemies":"Lagavulin","floor":13,"turns":7},{"damage":0,"enemies":"Large Slime","floor":14,"turns":5},{"damage":23,"enemies":"Hexaghost","floor":16,"turns":8},{"damage":0,"enemies":"Chosen","floor":18,"turns":3},{"damage":28,"enemies":"Masked Bandits","floor":19,"turns":4},{"damage":0,"enemies":"Gremlin Leader","floor":23,"turns":4},{"damage":0,"enemies":"3 Byrds","floor":25,"turns":6},{"damage":8,"enemies":"Book of Stabbing","floor":28,"turns":7},{"damage":2,"enemies":"Snake Plant","floor":31,"turns":6},{"damage":8,"enemies":"Champ","floor":33,"turns":11},{"damage":0,"enemies":"Orb Walker","floor":35,"turns":3},{"damage":13,"enemies":"3 Darklings","floor":36,"turns":6},{"damage":0,"enemies":"4 Shapes","floor":38,"turns":8},{"damage":0,"enemies":"Spire Growth","floor":39,"turns":3},{"damage":57,"enemies":"Reptomancer","floor":40,"turns":11},{"damage":26,"enemies":"Maw","floor":41,"turns":10}],"seed_played":"-1089047008142481069","potions_obtained":[{"floor":10,"key":"PotionOfCapacity"},{"floor":11,"key":"Swift Potion"},{"floor":13,"key":"PowerPotion"},{"floor":14,"key":"SkillPotion"},{"floor":25,"key":"Fire Potion"},{"floor":28,"key":"Energy Potion"},{"floor":35,"key":"FocusPotion"},{"floor":40,"key":"Strength Potion"}],"is_trial":false,"path_per_floor":["M","M","$","M","$","R","E","R","T","?","M","R","E","M","R","B",null,"M","?","$","?","?","E","R","M","T","R","E","?","$","M","R","B",null,"M","M","?","M","M","E","M"],"character_chosen":"DEFECT","items_purchased":["AttackPotion","FearPotion","DollysMirror","Sunder","Explosive Potion"],"campfire_rested":0,"item_purchase_floors":[3,5,20,20,20],"current_hp_per_floor":[70,63,63,59,59,59,54,54,54,54,54,63,56,56,65,42,69,69,41,41,41,41,41,53,53,53,65,57,57,57,55,70,62,74,76,65,65,67,69,14,0],"gold":1207,"neow_bonus":"TEN_PERCENT_HP_BONUS","is_prod":false,"is_daily":false,"chose_seed":false,"campfire_upgraded":7,"win_rate":0,"timestamp":1580515233,"path_taken":["M","M","$","?","$","R","E","R","T","?","M","R","E","M","R","BOSS","M","?","$","?","?","E","R","M","T","R","E","?","?","?","R","BOSS","M","?","?","M","M","E","M"],"build_version":"2020-01-27","purchased_purges":1,"victory":false,"max_hp_per_floor":[78,78,78,78,78,78,78,78,78,78,78,78,78,78,78,78,78,78,78,78,78,78,78,78,78,78,78,78,78,78,78,78,78,78,80,82,82,84,86,88,88],"card_choices":[{"not_picked":["Rebound","Beam Cell"],"picked":"Doom and Gloom","floor":1},{"not_picked":["Streamline","Lockon"],"picked":"Genetic Algorithm","floor":2},{"not_picked":["Static Discharge","Steam Power"],"picked":"Ball Lightning","floor":4},{"not_picked":["Doom and Gloom","Lockon"],"picked":"Darkness","floor":7},{"not_picked":["Steam","Rip and Tear"],"picked":"Leap","floor":10},{"not_picked":["Recycle","Steam","Darkness"],"picked":"SKIP","floor":11},{"not_picked":["Reprogram","Genetic Algorithm"],"picked":"Multi-Cast","floor":13},{"not_picked":["Barrage","Streamline"],"picked":"FTL","floor":14},{"not_picked":["Core Surge","Creative AI"],"picked":"Echo Form","floor":16},{"not_picked":["Blizzard","Heatsinks"],"picked":"Coolheaded","floor":18},{"not_picked":["Auto Shields","Barrage"],"picked":"Buffer","floor":23},{"not_picked":["Redo","BootSequence"],"picked":"Glacier","floor":25},{"not_picked":["Gash","Rebound"],"picked":"Loop","floor":28},{"not_picked":["Leap","Lockon"],"picked":"Go for the Eyes+1","floor":31},{"not_picked":["Rainbow","Thunder Strike"],"picked":"Core Surge","floor":33},{"not_picked":["Coolheaded","Chaos","Scrape+1"],"picked":"Singing Bowl","floor":35},{"not_picked":["Hologram","Sweeping Beam","Heatsinks"],"picked":"Singing Bowl","floor":36},{"not_picked":["Steam","Coolheaded","Fusion"],"picked":"Singing Bowl","floor":38},{"not_picked":["Stack","Gash","Go for the Eyes"],"picked":"Singing Bowl","floor":39},{"not_picked":["Steam","Cold Snap","BootSequence"],"picked":"Singing Bowl","floor":40}],"player_experience":2113519,"relics_obtained":[{"floor":7,"key":"Torii"},{"floor":9,"key":"HornCleat"},{"floor":10,"key":"Eternal Feather"},{"floor":13,"key":"Sundial"},{"floor":19,"key":"Red Mask"},{"floor":23,"key":"Singing Bowl"},{"floor":26,"key":"Pen Nib"},{"floor":28,"key":"Omamori"},{"floor":40,"key":"Bag of Preparation"}],"event_choices":[{"damage_healed":0,"gold_gain":0,"player_choice":"Searched \u00271\u0027 times","damage_taken":0,"max_hp_gain":0,"max_hp_loss":0,"event_name":"Dead Adventurer","floor":10,"gold_loss":0},{"damage_healed":0,"gold_gain":0,"player_choice":"Fought Bandits","damage_taken":0,"max_hp_gain":0,"max_hp_loss":0,"event_name":"Masked Bandits","floor":19,"gold_loss":0},{"damage_healed":0,"gold_gain":0,"player_choice":"Simplicity","damage_taken":0,"max_hp_gain":0,"max_hp_loss":0,"event_name":"Back to Basics","floor":21,"gold_loss":0,"cards_upgraded":["Strike_B","Strike_B","Strike_B","Strike_B","Defend_B","Defend_B","Defend_B","Defend_B"]},{"damage_healed":0,"gold_gain":0,"player_choice":"Ignored","damage_taken":0,"max_hp_gain":0,"max_hp_loss":0,"event_name":"Vampires","floor":22,"gold_loss":0},{"damage_healed":0,"gold_gain":0,"player_choice":"Read","damage_taken":0,"max_hp_gain":0,"max_hp_loss":0,"event_name":"The Library","floor":29,"gold_loss":0,"cards_obtained":["Sweeping Beam"]},{"damage_healed":0,"gold_gain":999,"player_choice":"Gold","damage_taken":0,"max_hp_gain":0,"max_hp_loss":0,"event_name":"MindBloom","floor":37,"gold_loss":0,"cards_obtained":["Normality","Normality"]}],"is_beta":true,"boss_relics":[{"not_picked":["SacredBark","FrozenCore"],"picked":"Coffee Dripper"},{"not_picked":["Runic Dome","Velvet Choker"],"picked":"Fusion Hammer"}],"items_purged_floors":[30],"is_endless":false,"potions_floor_spawned":[10,11,13,14,25,28,35,39,40],"killed_by":"Maw","ascension_level":20}