{"gold_per_floor":[114,128,128,140,140,140,169,187,187,201,201,201,236,255,255,329,329,349,349,359,359],"floor_reached":21,"playtime":2258,"items_purged":[],"score":382,"play_id":"8cc33dd8-8fcf-426a-bb68-f489eab63a74","local_time":"20200201122252","is_ascension_mode":true,"campfire_choices":[{"data":"Sweeping Beam","floor":6,"key":"SMITH"},{"floor":11,"key":"REST"},{"data":"Capacitor","floor":15,"key":"SMITH"}],"neow_cost":"NONE","seed_source_timestamp":1500645418439100,"circlet_count":0,"master_deck":["AscendersBane","Strike_B","Strike_B","Strike_B","Strike_B","Defend_B","Defend_B","Defend_B","Defend_B","Zap+1","Dualcast","Cold Snap","Go for the Eyes","Sweeping Beam+1","Capacitor+1","Leap","Compile Driver+1","Core Surge+1","Coolheaded","Electrodynamics","Ball Lightning+1"],"relics":["Cracked Core","Blue Candle","Molten Egg 2","Mummified Hand","Pocketwatch","Snecko Eye"],"potions_floor_usage":[7,7,13,13,13,16,21],"damage_taken":[{"damage":7,"enemies":"2 Louse","floor":1,"turns":2},{"damage":5,"enemies":"Small Slimes","floor":2,"turns":3},{"damage":0,"enemies":"Cultist","floor":4,"turns":3},{"damage":11,"enemies":"Lagavulin","floor":7,"turns":6},{"damage":24,"enemies":"Large Slime","floor":8,"turns":7},{"damage":0,"enemies":"2 Fungi Beasts","floor":10,"turns":2},{"damage":13,"enemies":"3 Sentries","floor":13,"turns":6},{"damage":0,"enemies":"3 Louse","floor":14,"turns":2},{"damage":11,"enemies":"The Guardian","floor":16,"turns":11},{"damage":9,"enemies":"2 Thieves","floor":18,"turns":3},{"damage":22,"enemies":"Shell Parasite","floor":20,"turns":6},{"damage":24,"enemies":"Snake Plant","floor":21,"turns":3}],"seed_played":"-4173053559525788200","potions_obtained":[{"floor":2,"key":"FairyPotion"},{"floor":5,"key":"EntropicBrew"},{"floor":5,"key":"LiquidMemories"},{"floor":13,"key":"BlessingOfTheForge"}],"is_trial":false,"path_per_floor":["M","M","?","M","?","R","E","M","T","M","R","?","E","M","R","B",null,"M","?","M","M"],"character_chosen":"DEFECT","items_purchased":[],"campfire_rested":1,"item_purchase_floors":[],"current_hp_per_floor":[57,52,41,41,41,41,30,6,6,6,27,27,14,14,14,3,54,45,45,23,0],"gold":359,"neow_bonus":"UPGRADE_CARD","is_prod":false,"is_daily":false,"chose_seed":false,"campfire_upgraded":2,"win_rate":0,"timestamp":1580559772,"path_taken":["M","M","?","M","?","R","E","M","T","?","R","?","E","M","R","BOSS","M","?","M","M"],"build_version":"2020-01-27","purchased_purges":0,"victory":false,"max_hp_per_floor":[71,71,71,71,71,71,71,71,71,71,71,71,71,71,71,71,71,71,71,71,71],"card_choices":[{"not_picked":["Redo","Leap"],"picked":"Cold Snap","floor":1},{"not_picked":["Auto Shields","Leap"],"picked":"Go for the Eyes","floor":2},{"not_picked":["Gash","Stack"],"picked":"Sweeping Beam","floor":4},{"not_picked":["Loop","BootSequence"],"picked":"Capacitor","floor":7},{"not_picked":["Coolheaded","Hologram"],"picked":"Leap","floor":8},{"not_picked":["Go for the Eyes+1","Turbo"],"picked":"Compile Driver+1","floor":10},{"not_picked":["Barrage+1","Gash+1"],"picked":"Core Surge+1","floor":13},{"not_picked":["Melter+1","Steam Power"],"picked":"Coolheaded","floor":14},{"not_picked":["Seek","Amplify"],"picked":"Electrodynamics","floor":16},{"not_picked":["Cold Snap+1","Loop"],"picked":"Ball Lightning+1","floor":18},{"not_picked":["Coolheaded","Turbo+1","Go for the Eyes+1"],"picked":"SKIP","floor":20}],"player_experience":2119086,"relics_obtained":[{"floor":7,"key":"Molten Egg 2"},{"floor":9,"key":"Mummified Hand"},{"floor":13,"key":"Pocketwatch"}],"event_choices":[{"damage_healed":0,"gold_gain":0,"player_choice":"Success","damage_taken":11,"relics_obtained":["Blue Candle"],"max_hp_gain":0,"max_hp_loss":0,"event_name":"Scrap Ooze","floor":3,"gold_loss":0},{"damage_healed":0,"gold_gain":0,"player_choice":"Got Potions","damage_taken":0,"max_hp_gain":0,"max_hp_loss":0,"event_name":"Lab","floor":5,"gold_loss":0},{"damage_healed":0,"gold_gain":0,"player_choice":"Ignored","damage_taken":0,"max_hp_gain":0,"max_hp_loss":0,"event_name":"Shining Light","floor":12,"gold_loss":0},{"damage_healed":0,"gold_gain":0,"player_choice":"Ignored","damage_taken":0,"max_hp_gain":0,"max_hp_loss":0,"event_name":"Vampires","floor":19,"gold_loss":0}],"is_beta":true,"boss_relics":[{"not_picked":["Runic Dome","Pandora\u0027s Box"],"picked":"Snecko Eye"}],"items_purged_floors":[],"is_endless":false,"potions_floor_spawned":[2,7,13,14],"killed_by":"Snake Plant","ascension_level":20}