{"gold_per_floor":[112,126,140,140,155,155,81,81,159,159,184,203,237,287,287,362,362,373,330,5,19,33,68,68,68,93,128,128,148,148,173,173,252,252,262,287,287,287,258,258],"floor_reached":40,"playtime":2768,"items_purged":[],"score":884,"play_id":"04aad07b-121e-43ce-8f5a-415c80004f3b","local_time":"20200130233307","is_ascension_mode":true,"campfire_choices":[{"data":"Static Discharge","floor":6,"key":"SMITH"},{"data":"Capacitor","floor":8,"key":"SMITH"},{"data":"Glacier","floor":10,"key":"SMITH"},{"data":"Defragment","floor":15,"key":"SMITH"},{"floor":24,"key":"REST"},{"floor":28,"key":"REST"},{"data":"Consume","floor":30,"key":"SMITH"},{"floor":32,"key":"REST"}],"neow_cost":"NONE","seed_source_timestamp":1367548787143300,"circlet_count":0,"master_deck":["AscendersBane","Strike_B","Strike_B","Strike_B","Defend_B","Defend_B","Defend_B","Defend_B","Zap+1","Dualcast","Glacier+1","Glacier","Static Discharge+1","Capacitor+1","Melter","Consume+1","Defragment+1","Echo Form","Sweeping Beam","Blizzard","Compile Driver","Reinforced Body","Seek","Buffer","Conserve Battery","Doom and Gloom","Leap"],"relics":["Cracked Core","Oddly Smooth Stone","Pear","Odd Mushroom","Nunchaku","Snecko Eye","White Beast Statue","Meat on the Bone","Akabeko","Bag of Marbles","Sundial","Philosopher\u0027s Stone","Turnip"],"potions_floor_usage":[11,16,19,23,27,31,33],"damage_taken":[{"damage":0,"enemies":"2 Louse","floor":1,"turns":4},{"damage":7,"enemies":"Jaw Worm","floor":2,"turns":3},{"damage":2,"enemies":"Cultist","floor":3,"turns":4},{"damage":14,"enemies":"Exordium Thugs","floor":5,"turns":6},{"damage":14,"enemies":"The Mushroom Lair","floor":11,"turns":6},{"damage":4,"enemies":"Large Slime","floor":12,"turns":6},{"damage":9,"enemies":"Lagavulin","floor":13,"turns":6},{"damage":8,"enemies":"The Guardian","floor":16,"turns":11},{"damage":0,"enemies":"Spheric Guardian","floor":18,"turns":2},{"damage":11,"enemies":"2 Thieves","floor":19,"turns":5},{"damage":3,"enemies":"Chosen and Byrds","floor":21,"turns":5},{"damage":9,"enemies":"Centurion and Healer","floor":22,"turns":7},{"damage":35,"enemies":"Slavers","floor":23,"turns":11},{"damage":8,"enemies":"Gremlin Leader","floor":27,"turns":7},{"damage":0,"enemies":"Snecko","floor":29,"turns":7},{"damage":18,"enemies":"Book of Stabbing","floor":31,"turns":5},{"damage":48,"enemies":"Collector","floor":33,"turns":12},{"damage":11,"enemies":"Orb Walker","floor":35,"turns":3},{"damage":0,"enemies":"Mind Bloom Boss Battle","floor":36,"turns":7},{"damage":59,"enemies":"Reptomancer","floor":40,"turns":5}],"seed_played":"5972859066266867027","potions_obtained":[{"floor":1,"key":"ColorlessPotion"},{"floor":5,"key":"PotionOfCapacity"},{"floor":12,"key":"LiquidBronze"},{"floor":18,"key":"DuplicationPotion"},{"floor":21,"key":"Fire Potion"},{"floor":23,"key":"DuplicationPotion"},{"floor":27,"key":"ColorlessPotion"},{"floor":29,"key":"Explosive Potion"},{"floor":31,"key":"LiquidBronze"},{"floor":33,"key":"FocusPotion"}],"is_trial":false,"path_per_floor":["M","M","M","?","M","R","$","R","T","R","?","M","E","?","R","B",null,"M","M","$","M","M","E","R","?","T","E","R","M","R","E","R","B",null,"M","?","?","?","$","E"],"character_chosen":"DEFECT","items_purchased":["Capacitor","Blizzard","White Beast Statue","Leap"],"campfire_rested":3,"item_purchase_floors":[7,20,20,39],"current_hp_per_floor":[64,57,55,55,41,41,41,41,51,51,37,33,24,24,24,16,65,65,54,54,51,42,7,31,31,31,35,59,59,59,41,65,29,68,57,57,57,57,57,0],"gold":258,"neow_bonus":"RANDOM_COMMON_RELIC","is_prod":false,"is_daily":false,"chose_seed":false,"campfire_upgraded":5,"win_rate":0,"timestamp":1580427187,"path_taken":["M","M","M","?","M","R","$","R","T","R","?","?","E","?","R","BOSS","M","M","$","?","M","E","R","?","T","E","R","M","R","E","R","BOSS","M","?","?","?","$","E"],"build_version":"2020-01-27","purchased_purges":0,"victory":false,"max_hp_per_floor":[71,71,71,71,71,71,71,71,81,81,81,81,81,81,81,81,81,81,81,81,81,81,81,81,81,81,81,81,81,81,81,81,81,81,81,81,81,81,81,81],"card_choices":[{"not_picked":["Melter","Blizzard","Rebound"],"picked":"SKIP","floor":1},{"not_picked":["Aggregate","Redo"],"picked":"Glacier","floor":2},{"not_picked":["Tempest","Chill"],"picked":"Glacier","floor":3},{"not_picked":["Stack","Barrage"],"picked":"Static Discharge","floor":5},{"not_picked":["Heatsinks","Chill"],"picked":"Melter","floor":11},{"not_picked":["Gash","Buffer"],"picked":"Consume","floor":12},{"not_picked":["Rebound","Sweeping Beam"],"picked":"Defragment","floor":13},{"not_picked":["Rainbow","Hyperbeam"],"picked":"Echo Form","floor":16},{"not_picked":["Reprogram","Gash"],"picked":"Sweeping Beam","floor":18},{"not_picked":["Hologram","Auto Shields","Fusion+1"],"picked":"SKIP","floor":19},{"not_picked":["Reinforced Body","Reprogram"],"picked":"Compile Driver","floor":21},{"not_picked":["Go for the Eyes","FTL","Gash"],"picked":"SKIP","floor":22},{"not_picked":["Reprogram","Fusion","Redo"],"picked":"SKIP","floor":23},{"not_picked":["Aggregate","Sweeping Beam","Gash"],"picked":"SKIP","floor":27},{"not_picked":["Genetic Algorithm","Coolheaded"],"picked":"Reinforced Body","floor":29},{"not_picked":["Leap","Steam"],"picked":"Seek","floor":31},{"not_picked":["Machine Learning","Core Surge"],"picked":"Buffer","floor":33},{"not_picked":["Gash","Hello World+1"],"picked":"Conserve Battery","floor":35},{"not_picked":["Turbo","Rebound"],"picked":"Doom and Gloom","floor":36}],"player_experience":2104565,"relics_obtained":[{"floor":9,"key":"Pear"},{"floor":11,"key":"Odd Mushroom"},{"floor":13,"key":"Nunchaku"},{"floor":23,"key":"Meat on the Bone"},{"floor":26,"key":"Akabeko"},{"floor":27,"key":"Bag of Marbles"},{"floor":31,"key":"Sundial"},{"floor":36,"key":"Turnip"}],"event_choices":[{"damage_healed":0,"gold_gain":0,"player_choice":"Grow","damage_taken":0,"max_hp_gain":0,"max_hp_loss":0,"event_name":"Living Wall","floor":4,"gold_loss":0,"cards_upgraded":["Zap"]},{"damage_healed":0,"gold_gain":0,"player_choice":"Fought Mushrooms","damage_taken":0,"max_hp_gain":0,"max_hp_loss":0,"event_name":"Mushrooms","floor":11,"gold_loss":0},{"damage_healed":0,"gold_gain":50,"player_choice":"Pray","damage_taken":0,"max_hp_gain":0,"max_hp_loss":0,"event_name":"Golden Shrine","floor":14,"gold_loss":0},{"damage_healed":0,"gold_gain":0,"player_choice":"Ignored","damage_taken":0,"max_hp_gain":0,"max_hp_loss":0,"event_name":"The Mausoleum","floor":25,"gold_loss":0},{"damage_healed":0,"gold_gain":0,"player_choice":"Fight","damage_taken":0,"max_hp_gain":0,"max_hp_loss":0,"event_name":"MindBloom","floor":36,"gold_loss":0},{"damage_healed":0,"gold_gain":0,"player_choice":"Ignored","damage_taken":0,"max_hp_gain":0,"max_hp_loss":0,"event_name":"Tomb of Lord Red Mask","floor":37,"gold_loss":0},{"cards_removed":["Strike_B"],"damage_healed":0,"gold_gain":0,"player_choice":"Offered Basic","damage_taken":0,"max_hp_gain":0,"max_hp_loss":0,"event_name":"Bonfire Elementals","floor":38,"gold_loss":0}],"is_beta":true,"boss_relics":[{"not_picked":["SlaversCollar","FrozenCore"],"picked":"Snecko Eye"},{"not_picked":["Tiny House","Black Star"],"picked":"Philosopher\u0027s Stone"}],"items_purged_floors":[],"is_endless":false,"potions_floor_spawned":[1,5,12,13,18,21,22,23,27,29,31,33,35,36],"killed_by":"Reptomancer","ascension_level":20}