{"gold_per_floor":[218,229,229,15,29,58,5,34,108,108,108,123,123,148,148,225,225,243,275,275,285,20,20,50,50,50,62,80,91,91,123,123,198,198,215,234,234,259,312,312,312,342,342,392,407,423,423],"floor_reached":47,"playtime":3833,"items_purged":["Strike_B"],"score":1122,"play_id":"9480c0b8-12eb-44d4-acbc-aadac5153c9f","local_time":"20200213204249","is_ascension_mode":true,"campfire_choices":[{"data":"Buffer","floor":11.0,"key":"SMITH"},{"data":"Sweeping Beam","floor":13.0,"key":"SMITH"},{"data":"Electrodynamics","floor":15.0,"key":"SMITH"},{"data":"Buffer","floor":23.0,"key":"SMITH"},{"data":"Loop","floor":30.0,"key":"SMITH"},{"data":"Coolheaded","floor":32.0,"key":"SMITH"},{"floor":40,"key":"RECALL"}],"neow_cost":"NONE","seed_source_timestamp":0,"circlet_count":0,"master_deck":["AscendersBane","Strike_B","Defend_B+1","Defend_B","Defend_B","Defend_B","Zap","Dualcast","Conserve Battery","Sweeping Beam+1","Buffer+1","FTL","Glacier","Genetic Algorithm","Loop+1","Go for the Eyes","Electrodynamics+1","Buffer+1","Genetic Algorithm+1","Static Discharge","Cold Snap","Compile Driver","Skim+1","Undo","Coolheaded+1","Biased Cognition","Hologram+1","Parasite","Capacitor"],"special_seed":0,"relics":["Cracked Core","Mummified Hand","Pantograph","Boot","Eternal Feather","Ice Cream","Velvet Choker","Red Mask","GremlinMask","Lee\u0027s Waffle","MealTicket","TungstenRod","Question Card","Black Star","CaptainsWheel","Anchor","Torii","War Paint"],"potions_floor_usage":[35,47,47],"damage_taken":[{"damage":0.0,"enemies":"Cultist","floor":1.0,"turns":3.0},{"damage":11.0,"enemies":"Small Slimes","floor":2.0,"turns":3.0},{"damage":4.0,"enemies":"2 Louse","floor":5.0,"turns":3.0},{"damage":24.0,"enemies":"Gremlin Nob","floor":6.0,"turns":4.0},{"damage":0.0,"enemies":"3 Sentries","floor":8.0,"turns":7.0},{"damage":0.0,"enemies":"Red Slaver","floor":12.0,"turns":4.0},{"damage":0.0,"enemies":"Lagavulin","floor":14.0,"turns":9.0},{"damage":26.0,"enemies":"The Guardian","floor":16.0,"turns":15.0},{"damage":0.0,"enemies":"2 Thieves","floor":18.0,"turns":3.0},{"damage":22.0,"enemies":"Masked Bandits","floor":19.0,"turns":3.0},{"damage":0.0,"enemies":"Chosen","floor":21.0,"turns":7.0},{"damage":19.0,"enemies":"Slavers","floor":24.0,"turns":6.0},{"damage":0.0,"enemies":"Snecko","floor":27.0,"turns":6.0},{"damage":0.0,"enemies":"3 Cultists","floor":28.0,"turns":3.0},{"damage":0.0,"enemies":"Centurion and Healer","floor":29.0,"turns":8.0},{"damage":24.0,"enemies":"Book of Stabbing","floor":31.0,"turns":7.0},{"damage":44.0,"enemies":"Automaton","floor":33.0,"turns":20.0},{"damage":0,"enemies":"3 Shapes","floor":35,"turns":4},{"damage":0,"enemies":"Orb Walker","floor":36,"turns":4},{"damage":0,"enemies":"Mind Bloom Boss Battle","floor":38,"turns":7},{"damage":39,"enemies":"Nemesis","floor":42,"turns":13},{"damage":0,"enemies":"3 Darklings","floor":45,"turns":6},{"damage":0,"enemies":"Writhing Mass","floor":46,"turns":11},{"damage":40,"enemies":"Giant Head","floor":47,"turns":12}],"seed_played":"2738807267635207119","potions_obtained":[{"floor":2.0,"key":"Weak Potion"},{"floor":8.0,"key":"EssenceOfSteel"},{"floor":12.0,"key":"Dexterity Potion"},{"floor":19.0,"key":"FairyPotion"},{"floor":21.0,"key":"Explosive Potion"},{"floor":29.0,"key":"Energy Potion"},{"floor":33.0,"key":"Weak Potion"},{"floor":45,"key":"Weak Potion"}],"is_trial":false,"path_per_floor":["M","M","T","$","M","E","$","E","T","?","R","M","R","E","R","B",null,"M","?","?","M","$","R","E","$","T","M","M","M","R","E","R","B",null,"M","M","?","?","T","R","?","E","T","?","M","M","E"],"character_chosen":"DEFECT","items_purchased":["Buffer","FTL","AttackPotion","Lee\u0027s Waffle","Compile Driver"],"campfire_rested":0,"item_purchase_floors":[4,4,7,22,22],"current_hp_per_floor":[64,53,53,53,49,25,25,25,25,18,27,27,36,36,45,44,64,64,42,42,42,78,78,59,74,74,74,74,74,78,54,69,34,67,67,67,63,78,78,78,78,39,39,39,39,39,0],"gold":423,"neow_bonus":"HUNDRED_GOLD","is_prod":false,"is_daily":false,"chose_seed":false,"campfire_upgraded":6,"win_rate":0,"timestamp":1581626569,"path_taken":["M","M","?","$","?","E","?","E","T","?","R","M","R","E","R","BOSS","M","?","?","?","$","R","E","$","T","M","M","M","R","E","R","BOSS","M","M","?","?","?","R","?","E","T","?","?","M","E"],"build_version":"2020-01-27","purchased_purges":1,"victory":false,"max_hp_per_floor":[71,71,71,71,71,71,71,71,71,71,71,71,71,71,71,71,71,71,71,71,71,78,78,78,78,78,78,78,78,78,78,78,78,78,78,78,78,78,78,78,78,78,78,78,78,78,78],"card_choices":[{"not_picked":["Barrage","Chaos"],"picked":"Conserve Battery","floor":1.0},{"not_picked":["Conserve Battery","Leap"],"picked":"Sweeping Beam","floor":2.0},{"not_picked":["Go for the Eyes","Blizzard"],"picked":"Glacier","floor":5.0},{"not_picked":["Reprogram","Steam"],"picked":"Genetic Algorithm","floor":6.0},{"not_picked":["Rebound","Machine Learning"],"picked":"Loop","floor":8.0},{"not_picked":["Rebound","Stack"],"picked":"Go for the Eyes","floor":12.0},{"not_picked":["Thunder Strike","Streamline"],"picked":"Electrodynamics","floor":14.0},{"not_picked":["All For One","Hyperbeam"],"picked":"Buffer","floor":16.0},{"not_picked":["Gash","Redo"],"picked":"Genetic Algorithm+1","floor":18.0},{"not_picked":["Leap","Gash"],"picked":"Static Discharge","floor":19.0},{"not_picked":["Coolheaded","Beam Cell+1"],"picked":"Cold Snap","floor":21.0},{"not_picked":["Steam","Loop"],"picked":"Skim","floor":24.0},{"not_picked":["Barrage+1","BootSequence"],"picked":"Undo","floor":27.0},{"not_picked":["Gash+1","Conserve Battery","White Noise+1"],"picked":"SKIP","floor":28.0},{"not_picked":["Amplify","Scrape","Static Discharge"],"picked":"SKIP","floor":29.0},{"not_picked":["Conserve Battery","Compile Driver"],"picked":"Coolheaded","floor":31.0},{"not_picked":["Buffer","Amplify","Seek"],"picked":"Biased Cognition","floor":33.0},{"not_picked":["Go for the Eyes","Sweeping Beam","Gash","Recycle"],"picked":"SKIP","floor":35},{"not_picked":["Streamline","Conserve Battery","White Noise","Sunder"],"picked":"SKIP","floor":36},{"not_picked":["Beam Cell+1","Go for the Eyes","Rebound"],"picked":"Hologram+1","floor":42},{"not_picked":["Barrage","Beam Cell+1","Fusion","Sunder"],"picked":"SKIP","floor":45},{"not_picked":["Thunder Strike","Fusion","Stack+1"],"picked":"Capacitor","floor":46}],"player_experience":2279713,"relics_obtained":[{"floor":3.0,"key":"Mummified Hand"},{"floor":6.0,"key":"Pantograph"},{"floor":8.0,"key":"Boot"},{"floor":9.0,"key":"Eternal Feather"},{"floor":14.0,"key":"Ice Cream"},{"floor":19.0,"key":"Red Mask"},{"floor":24.0,"key":"MealTicket"},{"floor":26.0,"key":"TungstenRod"},{"floor":31.0,"key":"Question Card"},{"floor":38,"key":"CaptainsWheel"},{"floor":39,"key":"Anchor"},{"floor":42,"key":"Torii"},{"floor":42,"key":"War Paint"}],"event_choices":[{"cards_removed":["Strike_B"],"damage_healed":0.0,"max_hp_gain":0.0,"max_hp_loss":0.0,"gold_gain":0.0,"event_name":"Golden Wing","player_choice":"Card Removal","floor":10.0,"gold_loss":0.0,"damage_taken":7.0},{"damage_healed":0.0,"max_hp_gain":0.0,"max_hp_loss":0.0,"gold_gain":0.0,"event_name":"Masked Bandits","player_choice":"Fought Bandits","floor":19.0,"gold_loss":0.0,"damage_taken":0.0},{"damage_healed":0.0,"max_hp_gain":0.0,"max_hp_loss":0.0,"gold_gain":0.0,"event_name":"FaceTrader","player_choice":"Trade","floor":20.0,"gold_loss":0.0,"damage_taken":0.0,"relics_obtained":["GremlinMask"]},{"damage_healed":0,"gold_gain":0,"player_choice":"Memory 2","damage_taken":5,"max_hp_gain":0,"max_hp_loss":0,"event_name":"SensoryStone","floor":37,"gold_loss":0},{"damage_healed":0,"gold_gain":0,"player_choice":"Fight","damage_taken":0,"max_hp_gain":0,"max_hp_loss":0,"event_name":"MindBloom","floor":38,"gold_loss":0},{"cards_removed":["Strike_B"],"damage_healed":0,"gold_gain":0,"player_choice":"Removed Attack","damage_taken":0,"max_hp_gain":0,"max_hp_loss":0,"event_name":"Falling","floor":41,"gold_loss":0},{"damage_healed":0,"gold_gain":50,"player_choice":"Pray","damage_taken":0,"max_hp_gain":0,"max_hp_loss":0,"event_name":"Golden Shrine","floor":44,"gold_loss":0}],"is_beta":true,"boss_relics":[{"not_picked":["Busted Crown","Fusion Hammer"],"picked":"Velvet Choker"},{"not_picked":["SacredBark","Tiny House"],"picked":"Black Star"}],"items_purged_floors":[22],"is_endless":false,"potions_floor_spawned":[2,8,12,19,21,29,33,45,46],"killed_by":"Giant Head","ascension_level":20}