{"gold_per_floor":[113,133,152,163,214,214,241,241,241,241,241,76,101,26,26,26],"floor_reached":16,"playtime":604,"items_purged":["Strike_B"],"score":216,"play_id":"de0ec195-507a-4e6c-bb72-ba4b938ea68d","local_time":"20200213205624","is_ascension_mode":true,"campfire_choices":[{"data":"Doom and Gloom","floor":6,"key":"SMITH"},{"floor":8,"key":"REST"},{"data":"Creative AI","floor":15,"key":"SMITH"}],"neow_cost":"NONE","seed_source_timestamp":153846897956300,"circlet_count":0,"master_deck":["AscendersBane","Strike_B","Strike_B+1","Strike_B","Defend_B+1","Defend_B","Defend_B","Defend_B","Zap","Dualcast","Doom and Gloom+1","Creative AI+1","Sunder","Ball Lightning"],"special_seed":0,"relics":["Cracked Core","MealTicket","Potion Belt","Question Card","OrangePellets","Bird Faced Urn"],"potions_floor_usage":[7,13,16],"damage_taken":[{"damage":0.0,"enemies":"Cultist","floor":1.0,"turns":3.0},{"damage":5,"enemies":"Small Slimes","floor":2,"turns":4},{"damage":1,"enemies":"2 Louse","floor":3,"turns":2},{"damage":13,"enemies":"2 Fungi Beasts","floor":4,"turns":4},{"damage":25,"enemies":"Lagavulin","floor":7,"turns":8},{"damage":5,"enemies":"3 Sentries","floor":13,"turns":5},{"damage":63,"enemies":"Hexaghost","floor":16,"turns":9}],"seed_played":"-4208987154744468016","potions_obtained":[{"floor":3,"key":"SkillPotion"},{"floor":7,"key":"PowerPotion"},{"floor":13,"key":"Block Potion"}],"is_trial":false,"path_per_floor":["M","M","M","M","?","R","E","R","T","?","?","$","E","$","R","B"],"character_chosen":"DEFECT","items_purchased":["OrangePellets"],"campfire_rested":1,"item_purchase_floors":[12],"current_hp_per_floor":[64,59,58,45,45,45,20,41,41,41,20,35,30,45,45,0],"gold":26,"neow_bonus":"RANDOM_COMMON_RELIC","is_prod":false,"is_daily":false,"chose_seed":false,"campfire_upgraded":2,"win_rate":0,"timestamp":1581627384,"path_taken":["M","?","M","M","?","R","E","R","T","?","?","?","E","$","R","BOSS"],"build_version":"2020-01-27","purchased_purges":1,"victory":false,"max_hp_per_floor":[71,71,71,71,71,71,71,71,71,71,71,71,71,71,71,71],"card_choices":[{"not_picked":["Go for the Eyes","Hello World","Gash"],"picked":"SKIP","floor":1.0},{"not_picked":["Conserve Battery","Compile Driver"],"picked":"Doom and Gloom","floor":2},{"not_picked":["Turbo","Leap","Barrage"],"picked":"SKIP","floor":3},{"not_picked":["Lockon","Rebound"],"picked":"Creative AI","floor":4},{"not_picked":["Chaos","Reprogram"],"picked":"Sunder","floor":7},{"not_picked":["Barrage","Gash","Conserve Battery"],"picked":"Ball Lightning","floor":13}],"player_experience":2283546,"relics_obtained":[{"floor":7,"key":"Potion Belt"},{"floor":9,"key":"Question Card"},{"floor":13,"key":"Bird Faced Urn"}],"event_choices":[{"damage_healed":0,"gold_gain":51,"player_choice":"Gained Gold","damage_taken":0,"max_hp_gain":0,"max_hp_loss":0,"event_name":"Golden Wing","floor":5,"gold_loss":0},{"damage_healed":0,"gold_gain":0,"player_choice":"Ignored","damage_taken":0,"max_hp_gain":0,"max_hp_loss":0,"event_name":"Liars Game","floor":10,"gold_loss":0},{"damage_healed":0,"gold_gain":0,"player_choice":"Entered Light","damage_taken":21,"max_hp_gain":0,"max_hp_loss":0,"event_name":"Shining Light","floor":11,"gold_loss":0,"cards_upgraded":["Strike_B","Defend_B"]}],"is_beta":true,"boss_relics":[],"items_purged_floors":[14],"is_endless":false,"potions_floor_spawned":[3,7,13],"killed_by":"Hexaghost","ascension_level":20}