{"gold_per_floor":[112,125,138,138,86,113,113,139,139,150,150,150,161,161,161,234,234,253,265,265,265,276,276,301,226,250,250,279,293,293,304,304,382,382,398,449,724,724,476,505,505,514,564,605,631,631,631,137,137,137,137],"floor_reached":51,"playtime":3721,"items_purged":["Regret"],"score":1397,"play_id":"c0cbf07c-5873-4f13-931a-ea1b347c090d","local_time":"20200213232728","is_ascension_mode":true,"campfire_choices":[{"data":"Zap","floor":7,"key":"SMITH"},{"data":"Thunder Strike","floor":11,"key":"SMITH"},{"floor":15,"key":"DIG"},{"data":"Electrodynamics","floor":23,"key":"SMITH"},{"floor":27,"key":"DIG"},{"floor":30,"key":"DIG"},{"floor":32,"key":"DIG"},{"floor":41,"key":"REST"},{"floor":47,"key":"RECALL"},{"floor":49,"key":"REST"}],"neow_cost":"NONE","seed_source_timestamp":159824716375500,"circlet_count":0,"master_deck":["AscendersBane","Defend_B+1","Defend_B+1","Defend_B+1","Defend_B+1","Zap+1","Dualcast","Static Discharge+1","Ball Lightning","Thunder Strike+1","Conserve Battery","Electrodynamics+1","Steam Power+1","Chill+1","Capacitor","Undo","Coolheaded+1","Compile Driver","Go for the Eyes","Reboot","Electrodynamics","Static Discharge","Defragment","Echo Form","Capacitor"],"relics":["Cracked Core","Meat on the Bone","Bird Faced Urn","Shovel","WarpedTongs","Spirit Poop","Juzu Bracelet","Astrolabe","Vajra","Strawberry","Blue Candle","Torii","PreservedInsect","StrikeDummy","Fusion Hammer","OrangePellets","CeramicFish","Toy Ornithopter","Ice Cream"],"potions_floor_usage":[6,8,16,31,33,50,51],"damage_taken":[{"damage":7,"enemies":"Jaw Worm","floor":1,"turns":3},{"damage":4,"enemies":"Small Slimes","floor":2,"turns":3},{"damage":1,"enemies":"Cultist","floor":3,"turns":3},{"damage":5,"enemies":"3 Sentries","floor":6,"turns":6},{"damage":6,"enemies":"Gremlin Nob","floor":8,"turns":3},{"damage":12,"enemies":"Large Slime","floor":10,"turns":6},{"damage":4,"enemies":"Red Slaver","floor":13,"turns":4},{"damage":44,"enemies":"Hexaghost","floor":16,"turns":9},{"damage":13,"enemies":"2 Thieves","floor":18,"turns":2},{"damage":13,"enemies":"Shell Parasite","floor":19,"turns":4},{"damage":6,"enemies":"Centurion and Healer","floor":22,"turns":6},{"damage":19,"enemies":"Slavers","floor":24,"turns":3},{"damage":16,"enemies":"Gremlin Leader","floor":28,"turns":5},{"damage":17,"enemies":"Chosen and Byrds","floor":29,"turns":4},{"damage":3,"enemies":"Shelled Parasite and Fungi","floor":31,"turns":5},{"damage":4,"enemies":"Champ","floor":33,"turns":7},{"damage":1,"enemies":"3 Darklings","floor":35,"turns":3},{"damage":41,"enemies":"2 Orb Walkers","floor":36,"turns":3},{"damage":35,"enemies":"Nemesis","floor":40,"turns":6},{"damage":7,"enemies":"Reptomancer","floor":44,"turns":4},{"damage":0,"enemies":"3 Shapes","floor":45,"turns":4},{"damage":79,"enemies":"Time Eater","floor":50,"turns":9},{"damage":66,"enemies":"Donu and Deca","floor":51,"turns":6}],"seed_played":"4778018859352707315","potions_obtained":[{"floor":1,"key":"DuplicationPotion"},{"floor":2,"key":"AttackPotion"},{"floor":8,"key":"Fire Potion"},{"floor":19,"key":"SteroidPotion"},{"floor":24,"key":"BlessingOfTheForge"},{"floor":28,"key":"DistilledChaos"},{"floor":31,"key":"PowerPotion"}],"is_trial":false,"path_per_floor":["M","M","M","?","$","E","R","E","T","M","R","?","M","?","R","B",null,"M","M","?","?","M","R","E","?","T","R","E","M","R","M","R","B",null,"M","?","?","?","$","E","R","?","T","E","M","?","R","$","R","B","B"],"character_chosen":"DEFECT","items_purchased":["Ball Lightning","OrangePellets","Ice Cream","Regen Potion","Capacitor"],"campfire_rested":2,"item_purchase_floors":[5,39,48,48,48],"current_hp_per_floor":[64,60,59,59,59,54,54,48,48,50,50,50,46,46,46,16,63,52,43,43,78,76,76,63,63,70,70,60,49,49,52,52,58,78,84,48,48,48,48,33,58,58,58,57,69,69,69,69,85,46,0],"gold":137,"neow_bonus":"TEN_PERCENT_HP_BONUS","is_prod":false,"is_daily":false,"chose_seed":false,"campfire_upgraded":3,"win_rate":0,"timestamp":1581636448,"path_taken":["M","M","M","?","$","E","R","E","T","M","R","?","?","?","R","BOSS","M","M","?","?","M","R","E","?","T","R","E","M","R","M","R","BOSS","M","?","?","?","$","E","R","?","T","E","M","?","R","$","R","BOSS","BOSS"],"build_version":"2020-01-27","purchased_purges":1,"victory":false,"max_hp_per_floor":[78,78,78,78,78,78,78,78,78,78,78,78,78,78,78,78,78,78,78,78,78,78,78,78,78,85,85,85,85,85,85,85,85,85,85,85,85,85,85,85,85,85,85,85,85,85,85,85,85,85,85],"card_choices":[{"not_picked":["Go for the Eyes","Consume"],"picked":"Static Discharge","floor":1},{"not_picked":["Streamline","Blizzard","Loop"],"picked":"SKIP","floor":2},{"not_picked":["Redo","White Noise","Scrape"],"picked":"SKIP","floor":3},{"not_picked":["BootSequence","Streamline"],"picked":"Thunder Strike","floor":6},{"not_picked":["Redo","Compile Driver"],"picked":"Conserve Battery","floor":8},{"not_picked":["Redo","Stack","Hologram"],"picked":"SKIP","floor":10},{"not_picked":["Recycle","Rebound","Loop"],"picked":"SKIP","floor":13},{"not_picked":["Machine Learning","Reboot"],"picked":"Electrodynamics","floor":16},{"not_picked":["Rebound","Scrape","Beam Cell"],"picked":"SKIP","floor":18},{"not_picked":["Redo","Aggregate"],"picked":"Capacitor","floor":19},{"not_picked":["Darkness","Aggregate+1"],"picked":"Undo","floor":22},{"not_picked":["Compile Driver","Reinforced Body"],"picked":"Coolheaded+1","floor":24},{"not_picked":["Recycle","Hyperbeam"],"picked":"Compile Driver","floor":28},{"not_picked":["Coolheaded","Steam"],"picked":"Go for the Eyes","floor":29},{"not_picked":["Barrage","Leap"],"picked":"Reboot","floor":31},{"not_picked":["Seek","Fission"],"picked":"Electrodynamics","floor":33},{"not_picked":["Rebound+1","Conserve Battery+1","Steam"],"picked":"SKIP","floor":35},{"not_picked":["Steam","Beam Cell","Turbo+1"],"picked":"SKIP","floor":40},{"not_picked":["Double Energy+1","Scrape+1"],"picked":"Defragment","floor":44},{"not_picked":["Steam+1","Auto Shields"],"picked":"Echo Form","floor":45}],"player_experience":2284150,"relics_obtained":[{"floor":6,"key":"Meat on the Bone"},{"floor":8,"key":"Bird Faced Urn"},{"floor":9,"key":"Shovel"},{"floor":15,"key":"Juzu Bracelet"},{"floor":24,"key":"Vajra"},{"floor":26,"key":"Strawberry"},{"floor":27,"key":"Blue Candle"},{"floor":28,"key":"Torii"},{"floor":30,"key":"PreservedInsect"},{"floor":32,"key":"StrikeDummy"},{"floor":40,"key":"CeramicFish"},{"floor":44,"key":"Toy Ornithopter"}],"event_choices":[{"damage_healed":0,"gold_gain":0,"player_choice":"Grow","damage_taken":0,"max_hp_gain":0,"max_hp_loss":0,"event_name":"Living Wall","floor":4,"gold_loss":0,"cards_upgraded":["Static Discharge"]},{"damage_healed":0,"gold_gain":0,"player_choice":"Rummage","damage_taken":0,"relics_obtained":["WarpedTongs"],"max_hp_gain":0,"max_hp_loss":0,"event_name":"Accursed Blacksmith","floor":12,"gold_loss":0,"cards_obtained":["Pain"]},{"cards_removed":["Pain"],"damage_healed":0,"gold_gain":0,"player_choice":"Offered Curse","damage_taken":0,"relics_obtained":["Spirit Poop"],"max_hp_gain":0,"max_hp_loss":0,"event_name":"Bonfire Elementals","floor":14,"gold_loss":0},{"damage_healed":0,"gold_gain":0,"player_choice":"Simplicity","damage_taken":0,"max_hp_gain":0,"max_hp_loss":0,"event_name":"Back to Basics","floor":20,"gold_loss":0,"cards_upgraded":["Strike_B","Defend_B","Defend_B","Defend_B","Defend_B"]},{"damage_healed":35,"gold_gain":0,"player_choice":"Full Heal","damage_taken":0,"max_hp_gain":0,"max_hp_loss":0,"event_name":"Wheel of Change","floor":21,"gold_loss":0},{"cards_removed":["Strike_B"],"damage_healed":0,"gold_gain":0,"player_choice":"Gave Gold","damage_taken":0,"max_hp_gain":0,"max_hp_loss":0,"event_name":"Beggar","floor":25,"gold_loss":75},{"damage_healed":0,"gold_gain":0,"player_choice":"Fight","damage_taken":0,"max_hp_gain":0,"max_hp_loss":0,"event_name":"Mysterious Sphere","floor":36,"gold_loss":0},{"damage_healed":0,"gold_gain":275,"player_choice":"Desecrate","damage_taken":0,"max_hp_gain":0,"max_hp_loss":0,"event_name":"Golden Shrine","floor":37,"gold_loss":0,"cards_obtained":["Regret"]},{"damage_healed":0,"gold_gain":0,"player_choice":"Ignored","damage_taken":0,"max_hp_gain":0,"max_hp_loss":0,"event_name":"Tomb of Lord Red Mask","floor":38,"gold_loss":0},{"damage_healed":0,"gold_gain":0,"player_choice":"1 cards matched","damage_taken":0,"max_hp_gain":0,"max_hp_loss":0,"event_name":"Match and Keep!","floor":42,"gold_loss":0,"cards_obtained":["Static Discharge"]},{"cards_removed":["Sunder"],"damage_healed":0,"gold_gain":0,"player_choice":"Removed Attack","damage_taken":0,"max_hp_gain":0,"max_hp_loss":0,"event_name":"Falling","floor":46,"gold_loss":0}],"is_beta":true,"boss_relics":[{"not_picked":["Runic Pyramid","Calling Bell"],"picked":"Astrolabe"},{"not_picked":["Busted Crown","Inserter"],"picked":"Fusion Hammer"}],"items_purged_floors":[39],"is_endless":false,"potions_floor_spawned":[1,2,8,19,24,28,29,31],"killed_by":"Donu and Deca","ascension_level":20}