{"gold_per_floor":[115,190,204,204,4,36,36,66,66,66,66,66,85,85,85,85],"floor_reached":16,"playtime":874,"items_purged":[],"score":212,"play_id":"ade9627c-2ecf-4dcb-a366-25307c79dd10","local_time":"20200212225708","is_ascension_mode":true,"campfire_choices":[{"floor":7,"key":"REST"},{"data":"Genetic Algorithm","floor":12,"key":"SMITH"},{"data":"Ball Lightning","floor":15,"key":"SMITH"}],"neow_cost":"NONE","seed_source_timestamp":74452496888700,"circlet_count":0,"master_deck":["AscendersBane","Strike_B","Strike_B","Strike_B","Strike_B+1","Defend_B","Defend_B","Defend_B","Defend_B+1","Zap+1","Dualcast","Doom and Gloom+1","Leap","Capacitor","Compile Driver","Ball Lightning+1","Genetic Algorithm+1","Steam"],"relics":["Cracked Core","Ginger","StoneCalendar","Ornamental Fan","FaceOfCleric"],"potions_floor_usage":[16,16],"damage_taken":[{"damage":1,"enemies":"2 Louse","floor":1,"turns":3},{"damage":12,"enemies":"Jaw Worm","floor":3,"turns":2},{"damage":20,"enemies":"Lagavulin","floor":6,"turns":6},{"damage":8,"enemies":"Gremlin Nob","floor":8,"turns":3},{"damage":2,"enemies":"Small Slimes","floor":13,"turns":2},{"damage":24,"enemies":"Hexaghost","floor":16,"turns":7}],"seed_played":"-3765233211007489997","potions_obtained":[{"floor":1,"key":"PotionOfCapacity"},{"floor":8,"key":"AttackPotion"}],"is_trial":false,"path_per_floor":["M","?","M","?","$","E","R","E","T","?","?","R","M","?","R","B"],"character_chosen":"DEFECT","items_purchased":["Capacitor","Compile Driver","Explosive Potion"],"campfire_rested":1,"item_purchase_floors":[5,5,5],"current_hp_per_floor":[63,52,40,40,40,20,41,33,33,12,12,12,11,16,16,0],"gold":85,"neow_bonus":"UPGRADE_CARD","is_prod":false,"is_daily":false,"chose_seed":false,"campfire_upgraded":2,"win_rate":0,"timestamp":1581548228,"path_taken":["M","?","M","?","?","E","R","E","T","?","?","R","?","?","R","BOSS"],"build_version":"2020-01-27","purchased_purges":0,"victory":false,"max_hp_per_floor":[71,71,71,71,71,71,71,71,71,71,71,71,72,77,77,77],"card_choices":[{"not_picked":["Blizzard","Rebound"],"picked":"Doom and Gloom","floor":1},{"not_picked":["Storm","White Noise"],"picked":"Leap","floor":3},{"not_picked":["Gash","Recycle"],"picked":"Ball Lightning","floor":6},{"not_picked":["Chaos","Sweeping Beam"],"picked":"Genetic Algorithm","floor":8},{"not_picked":["Chill","Lockon"],"picked":"Steam","floor":13}],"player_experience":2278839,"relics_obtained":[{"floor":6,"key":"Ginger"},{"floor":8,"key":"StoneCalendar"},{"floor":9,"key":"Ornamental Fan"}],"event_choices":[{"damage_healed":0,"gold_gain":75,"player_choice":"Gather Gold","damage_taken":11,"max_hp_gain":0,"max_hp_loss":0,"event_name":"World of Goop","floor":2,"gold_loss":0},{"damage_healed":0,"gold_gain":0,"player_choice":"Grow","damage_taken":0,"max_hp_gain":0,"max_hp_loss":0,"event_name":"Living Wall","floor":4,"gold_loss":0,"cards_upgraded":["Doom and Gloom"]},{"damage_healed":0,"gold_gain":0,"player_choice":"Entered Light","damage_taken":21,"max_hp_gain":0,"max_hp_loss":0,"event_name":"Shining Light","floor":10,"gold_loss":0,"cards_upgraded":["Defend_B","Strike_B"]},{"damage_healed":0,"gold_gain":0,"player_choice":"Trade","damage_taken":0,"relics_obtained":["FaceOfCleric"],"max_hp_gain":0,"max_hp_loss":0,"event_name":"FaceTrader","floor":11,"gold_loss":0},{"damage_healed":0,"gold_gain":0,"player_choice":"Donut","damage_taken":0,"max_hp_gain":5,"max_hp_loss":0,"event_name":"Big Fish","floor":14,"gold_loss":0}],"is_beta":true,"boss_relics":[],"items_purged_floors":[],"is_endless":false,"potions_floor_spawned":[1,6,8],"killed_by":"Hexaghost","ascension_level":20}