{"gold_per_floor":[211,211,221,221,201,201,217,252,331,331,343,7,32,47,47,120,120,134,134,145,161,174,205,205,215,215,215,46,46,78,98,98,172,172,182,182,198,198,11,44,44,77,77,77,2,2,21,52,52,52],"floor_reached":50,"playtime":3306,"items_purged":["Pain"],"score":1231,"play_id":"a2cbc236-9ee4-4542-a2ab-810ab353c219","local_time":"20200214212010","is_ascension_mode":true,"campfire_choices":[{"data":"Buffer","floor":6,"key":"SMITH"},{"data":"Defragment","floor":15,"key":"SMITH"},{"data":"Doom and Gloom","floor":24,"key":"SMITH"},{"floor":27,"key":"REST"},{"floor":29,"key":"REST"},{"floor":32,"key":"REST"},{"floor":41,"key":"REST"},{"floor":44,"key":"RECALL"},{"floor":46,"key":"REST"},{"floor":49,"key":"REST"}],"neow_cost":"NONE","seed_source_timestamp":239003154118200,"circlet_count":0,"master_deck":["AscendersBane","Strike_B","Strike_B","Strike_B","Defend_B","Defend_B","Defend_B","Defend_B","Zap","Dualcast","Ball Lightning","Buffer+1","Cold Snap","Defragment+1","Cold Snap","Echo Form","Doom and Gloom+1","Compile Driver","Conserve Battery","Sweeping Beam","Injury","Electrodynamics","Coolheaded+1","Compile Driver+1","Reinforced Body","Leap+1","Go for the Eyes","Leap","Capacitor","Leap","Writhe"],"relics":["Cracked Core","Art of War","HornCleat","Cables","Blue Candle","Cursed Key","Mango","WingedGreaves","OrangePellets","Lizard Tail","SacredBark","WarpedTongs","Orrery","Nunchaku","White Beast Statue","Frozen Egg 2"],"potions_floor_usage":[13,14,23,23,33,37,40,42,48,50],"damage_taken":[{"damage":7,"enemies":"Jaw Worm","floor":1,"turns":3},{"damage":6,"enemies":"2 Louse","floor":3,"turns":3},{"damage":1,"enemies":"Cultist","floor":7,"turns":3},{"damage":0,"enemies":"Lagavulin","floor":8,"turns":6},{"damage":6,"enemies":"Looter","floor":11,"turns":3},{"damage":5,"enemies":"3 Sentries","floor":13,"turns":5},{"damage":10,"enemies":"Gremlin Gang","floor":14,"turns":3},{"damage":10,"enemies":"The Guardian","floor":16,"turns":11},{"damage":2,"enemies":"Chosen","floor":18,"turns":5},{"damage":11,"enemies":"Shell Parasite","floor":20,"turns":5},{"damage":0,"enemies":"Cultist and Chosen","floor":21,"turns":5},{"damage":0,"enemies":"Sentry and Sphere","floor":22,"turns":3},{"damage":33,"enemies":"Slavers","floor":23,"turns":4},{"damage":19,"enemies":"Snake Plant","floor":25,"turns":4},{"damage":35,"enemies":"Gremlin Leader","floor":30,"turns":6},{"damage":1,"enemies":"Chosen and Byrds","floor":31,"turns":7},{"damage":8,"enemies":"Collector","floor":33,"turns":11},{"damage":23,"enemies":"Orb Walker","floor":35,"turns":4},{"damage":10,"enemies":"3 Darklings","floor":37,"turns":3},{"damage":13,"enemies":"Nemesis","floor":40,"turns":11},{"damage":11,"enemies":"Reptomancer","floor":42,"turns":8},{"damage":40,"enemies":"Maw","floor":47,"turns":10},{"damage":31,"enemies":"Nemesis","floor":48,"turns":9},{"damage":90,"enemies":"Awakened One","floor":50,"turns":11}],"seed_played":"8995305601403924945","potions_obtained":[{"floor":3,"key":"EssenceOfSteel"},{"floor":5,"key":"SkillPotion"},{"floor":11,"key":"Explosive Potion"},{"floor":16,"key":"Swift Potion"},{"floor":18,"key":"SteroidPotion"},{"floor":21,"key":"BlessingOfTheForge"},{"floor":30,"key":"Fire Potion"},{"floor":31,"key":"SkillPotion"},{"floor":33,"key":"LiquidBronze"},{"floor":40,"key":"Fire Potion"},{"floor":47,"key":"FocusPotion"},{"floor":48,"key":"ColorlessPotion"}],"is_trial":false,"path_per_floor":["M","?","M","?","?","R","M","E","T","$","M","$","E","M","R","B",null,"M","?","M","M","M","E","R","M","T","R","$","R","E","M","R","B",null,"M","?","M","?","$","E","R","E","T","R","$","R","M","E","R","B"],"character_chosen":"DEFECT","items_purchased":["Cables","Cold Snap","OrangePellets","Orrery","Leap"],"campfire_rested":6,"item_purchase_floors":[12,12,28,39,39],"current_hp_per_floor":[57,57,51,56,56,56,55,55,55,55,49,49,44,34,34,24,63,61,61,50,50,50,31,31,12,12,39,39,66,31,30,57,49,80,57,57,47,47,47,34,61,50,50,50,50,77,37,6,33,0],"gold":52,"neow_bonus":"HUNDRED_GOLD","is_prod":false,"is_daily":false,"chose_seed":false,"campfire_upgraded":3,"win_rate":0,"timestamp":1581715210,"path_taken":["M","?","M","?","?","R","M","E","T","$","M","$","E","?","R","BOSS","M","?","M","M","M","E","R","?","T","R","$","R","E","M","R","BOSS","M","?","M","?","$","E","R","E","T","R","$","R","?","E","R","BOSS"],"build_version":"2020-01-27","purchased_purges":1,"victory":false,"max_hp_per_floor":[71,71,71,76,76,76,76,76,76,76,76,76,76,76,76,76,76,76,76,76,76,76,90,90,90,90,90,90,90,90,90,90,90,90,90,90,90,90,90,90,90,90,90,90,90,90,90,90,90,90],"card_choices":[{"not_picked":["Compile Driver","Leap"],"picked":"Ball Lightning","floor":1},{"not_picked":["Skim","Gash"],"picked":"Buffer","floor":3},{"not_picked":["Barrage","Redo"],"picked":"Cold Snap","floor":7},{"not_picked":["Beam Cell","Chill","Skim"],"picked":"SKIP","floor":8},{"not_picked":["Sunder","Sweeping Beam"],"picked":"Defragment","floor":11},{"not_picked":["Chaos","Barrage","Rip and Tear"],"picked":"SKIP","floor":13},{"not_picked":["Fusion","Recycle","Lockon"],"picked":"SKIP","floor":14},{"not_picked":["Rainbow","Creative AI"],"picked":"Echo Form","floor":16},{"not_picked":["Gash","Static Discharge"],"picked":"Doom and Gloom","floor":18},{"not_picked":["Rebound","Hologram"],"picked":"Compile Driver","floor":20},{"not_picked":["Cold Snap","Rebound","Gash"],"picked":"SKIP","floor":21},{"not_picked":["Compile Driver","Force Field"],"picked":"Conserve Battery","floor":22},{"not_picked":["Turbo","Self Repair","Sweeping Beam"],"picked":"SKIP","floor":23},{"not_picked":["Machine Learning","Beam Cell"],"picked":"Sweeping Beam","floor":25},{"not_picked":["Core Surge","Turbo","Rip and Tear"],"picked":"SKIP","floor":30},{"not_picked":["Reprogram","Rebound","Skim"],"picked":"SKIP","floor":31},{"not_picked":["Echo Form","Buffer"],"picked":"Electrodynamics","floor":33},{"not_picked":["Gash","Hologram+1"],"picked":"Coolheaded+1","floor":35},{"not_picked":["Beam Cell","Sweeping Beam","Recycle+1"],"picked":"SKIP","floor":37},{"not_picked":["Echo Form","Rebound"],"picked":"Compile Driver+1","floor":39},{"not_picked":["Self Repair","Ball Lightning"],"picked":"Reinforced Body","floor":39},{"not_picked":["Barrage","Ball Lightning+1"],"picked":"Leap+1","floor":39},{"not_picked":["Sweeping Beam","Stack"],"picked":"Go for the Eyes","floor":39},{"not_picked":["Stack","Streamline"],"picked":"Capacitor","floor":40},{"not_picked":["Hyperbeam","Coolheaded"],"picked":"Leap","floor":42},{"not_picked":["Coolheaded","Go for the Eyes","Conserve Battery"],"picked":"SKIP","floor":47},{"not_picked":["Chaos","Fusion","Streamline+1"],"picked":"SKIP","floor":48}],"player_experience":2287871,"relics_obtained":[{"floor":8,"key":"Art of War"},{"floor":9,"key":"HornCleat"},{"floor":13,"key":"Blue Candle"},{"floor":23,"key":"Mango"},{"floor":26,"key":"WingedGreaves"},{"floor":30,"key":"Lizard Tail"},{"floor":40,"key":"Nunchaku"},{"floor":42,"key":"White Beast Statue"},{"floor":48,"key":"Frozen Egg 2"}],"event_choices":[{"damage_healed":0,"gold_gain":0,"player_choice":"Ignored","damage_taken":0,"max_hp_gain":0,"max_hp_loss":0,"event_name":"Liars Game","floor":2,"gold_loss":0},{"damage_healed":0,"gold_gain":0,"player_choice":"Donut","damage_taken":0,"max_hp_gain":5,"max_hp_loss":0,"event_name":"Big Fish","floor":4,"gold_loss":0},{"damage_healed":0,"gold_gain":0,"player_choice":"Bought 1 Potion","damage_taken":0,"max_hp_gain":0,"max_hp_loss":0,"event_name":"The Woman in Blue","floor":5,"gold_loss":0},{"cards_removed":["Strike_B"],"damage_healed":0,"gold_gain":0,"player_choice":"Offered Basic","damage_taken":0,"max_hp_gain":0,"max_hp_loss":0,"event_name":"Bonfire Elementals","floor":19,"gold_loss":0},{"damage_healed":0,"gold_gain":0,"player_choice":"Ignored","damage_taken":0,"max_hp_gain":0,"max_hp_loss":0,"event_name":"Tomb of Lord Red Mask","floor":36,"gold_loss":0},{"damage_healed":0,"gold_gain":0,"player_choice":"Rummage","damage_taken":0,"relics_obtained":["WarpedTongs"],"max_hp_gain":0,"max_hp_loss":0,"event_name":"Accursed Blacksmith","floor":38,"gold_loss":0,"cards_obtained":["Pain"]}],"is_beta":true,"boss_relics":[{"not_picked":["Inserter","Astrolabe"],"picked":"Cursed Key"},{"not_picked":["Black Star","Sozu"],"picked":"SacredBark"}],"items_purged_floors":[45],"is_endless":false,"potions_floor_spawned":[3,8,11,16,18,21,30,31,33,35,40,47,48],"killed_by":"Awakened One","ascension_level":20}