{"gold_per_floor":[211,211,228,240,240,258,274,13,13,13,13,48,48,48,48,123,123,143,153,166,166,166],"floor_reached":22,"playtime":885,"items_purged":[],"score":372,"play_id":"ff2a24cf-2536-4ad0-b2d3-eecbd4463a46","local_time":"20200221001129","is_ascension_mode":true,"campfire_choices":[{"data":"Apotheosis","floor":10,"key":"SMITH"},{"data":"Defragment","floor":13,"key":"SMITH"},{"floor":15,"key":"RECALL"}],"neow_cost":"NONE","seed_source_timestamp":770106015116500,"circlet_count":0,"master_deck":["AscendersBane","Strike_B+1","Strike_B","Strike_B","Strike_B","Defend_B","Defend_B","Defend_B","Defend_B+1","Zap","Dualcast","Darkness","Go for the Eyes","Sunder","Glacier","Undo","Sweeping Beam","Apotheosis+1","Defragment+1","Coolheaded","Fission","Compile Driver","Cold Snap"],"relics":["Cracked Core","Shuriken","Calipers","MealTicket","Fusion Hammer"],"potions_floor_usage":[16],"damage_taken":[{"damage":0,"enemies":"Jaw Worm","floor":1,"turns":3},{"damage":5,"enemies":"Small Slimes","floor":3,"turns":3},{"damage":1,"enemies":"Cultist","floor":4,"turns":3},{"damage":5,"enemies":"Red Slaver","floor":6,"turns":3},{"damage":6,"enemies":"Blue Slaver","floor":7,"turns":4},{"damage":25,"enemies":"Gremlin Nob","floor":12,"turns":4},{"damage":36,"enemies":"Slime Boss","floor":16,"turns":7},{"damage":6,"enemies":"Spheric Guardian","floor":18,"turns":5},{"damage":13,"enemies":"2 Thieves","floor":19,"turns":4},{"damage":10,"enemies":"Centurion and Healer","floor":20,"turns":5},{"damage":41,"enemies":"Cultist and Chosen","floor":22,"turns":4}],"seed_played":"-5593659289950058817","potions_obtained":[{"floor":1,"key":"FairyPotion"},{"floor":7,"key":"Explosive Potion"}],"is_trial":false,"path_per_floor":["M","?","M","M","?","M","M","$","T","R","?","E","R","T","R","B",null,"M","M","M","?","M"],"character_chosen":"DEFECT","items_purchased":["Apotheosis","Defragment"],"campfire_rested":0,"item_purchase_floors":[8,8],"current_hp_per_floor":[64,69,64,63,63,58,52,52,52,52,29,4,4,4,4,22,63,57,44,34,34,0],"gold":166,"neow_bonus":"HUNDRED_GOLD","is_prod":false,"is_daily":false,"chose_seed":false,"campfire_upgraded":2,"win_rate":0,"timestamp":1582243889,"path_taken":["M","?","M","M","?","?","M","?","T","R","?","E","R","?","R","BOSS","M","?","M","?","M"],"build_version":"2020-01-27","purchased_purges":0,"victory":false,"max_hp_per_floor":[71,76,76,76,76,76,76,76,76,76,76,76,76,76,76,76,76,76,76,76,76,76],"card_choices":[{"not_picked":["Go for the Eyes","Conserve Battery"],"picked":"Darkness","floor":1},{"not_picked":["Conserve Battery","Steam"],"picked":"Go for the Eyes","floor":3},{"not_picked":["Coolheaded","Storm"],"picked":"Sunder","floor":4},{"not_picked":["Barrage","Beam Cell"],"picked":"Undo","floor":6},{"not_picked":["Beam Cell","Gash"],"picked":"Sweeping Beam","floor":7},{"not_picked":["Steam","Multi-Cast"],"picked":"Coolheaded","floor":12},{"not_picked":["Core Surge","Creative AI"],"picked":"Fission","floor":16},{"not_picked":["Rebound","Ball Lightning"],"picked":"Compile Driver","floor":18},{"not_picked":["BootSequence","Undo"],"picked":"Cold Snap","floor":19},{"not_picked":["Stack","Steam","Redo"],"picked":"SKIP","floor":20}],"player_experience":2305616,"relics_obtained":[{"floor":9,"key":"Shuriken"},{"floor":12,"key":"Calipers"},{"floor":14,"key":"MealTicket"}],"event_choices":[{"damage_healed":0,"gold_gain":0,"player_choice":"Donut","damage_taken":0,"max_hp_gain":5,"max_hp_loss":0,"event_name":"Big Fish","floor":2,"gold_loss":0},{"damage_healed":0,"gold_gain":0,"player_choice":"1 cards matched","damage_taken":0,"max_hp_gain":0,"max_hp_loss":0,"event_name":"Match and Keep!","floor":5,"gold_loss":0,"cards_obtained":["Glacier"]},{"damage_healed":0,"gold_gain":0,"player_choice":"Entered Light","damage_taken":23,"max_hp_gain":0,"max_hp_loss":0,"event_name":"Shining Light","floor":11,"gold_loss":0,"cards_upgraded":["Strike_B","Defend_B"]}],"is_beta":true,"boss_relics":[{"not_picked":["Inserter","Calling Bell"],"picked":"Fusion Hammer"}],"items_purged_floors":[],"is_endless":false,"potions_floor_spawned":[1,7],"killed_by":"Cultist and Chosen","ascension_level":20}