{"gold_per_floor":[118,268,281,300,67,67,97,97,97,97,126,139,139,150,150,224,224,236,28,28,42,42,42,56,56,81,114,131,131,27,67,67,67],"floor_reached":33,"playtime":2599,"items_purged":["Doubt","Strike_B"],"score":550,"play_id":"701b8725-b400-4caf-8aaf-8f69f641b9a9","local_time":"20200221214741","is_ascension_mode":true,"campfire_choices":[{"data":"Zap","floor":6,"key":"SMITH"},{"data":"Doom and Gloom","floor":8,"key":"SMITH"},{"floor":13,"key":"REST"},{"data":"Darkness","floor":15,"key":"SMITH"},{"floor":23,"key":"REST"},{"floor":25,"key":"REST"},{"data":"Reinforced Body","floor":29,"key":"SMITH"},{"floor":32,"key":"REST"}],"neow_cost":"TEN_PERCENT_HP_LOSS","seed_source_timestamp":846164805615100,"circlet_count":0,"master_deck":["AscendersBane","Strike_B","Defend_B","Defend_B","Defend_B","Defend_B","Zap+1","Dualcast+1","Ball Lightning","Compile Driver+1","Darkness+1","Doom and Gloom+1","Undo","Coolheaded+1","Echo Form","Sweeping Beam","Doom and Gloom","Coolheaded+1","Conserve Battery","Reinforced Body+1","HandOfGreed"],"relics":["Cracked Core","Membership Card","Blood Vial","White Beast Statue","Turnip","Snecko Eye","Incense Burner","Bag of Marbles","Strawberry"],"potions_floor_usage":[11,14,27,27,33,33],"damage_taken":[{"damage":7,"enemies":"Jaw Worm","floor":1,"turns":3},{"damage":4,"enemies":"Small Slimes","floor":3,"turns":3},{"damage":1,"enemies":"Cultist","floor":4,"turns":3},{"damage":20,"enemies":"Lagavulin","floor":7,"turns":6},{"damage":6,"enemies":"Gremlin Nob","floor":11,"turns":3},{"damage":0,"enemies":"Large Slime","floor":12,"turns":4},{"damage":3,"enemies":"Gremlin Gang","floor":14,"turns":3},{"damage":13,"enemies":"Hexaghost","floor":16,"turns":8},{"damage":26,"enemies":"Shell Parasite","floor":18,"turns":6},{"damage":30,"enemies":"3 Byrds","floor":21,"turns":3},{"damage":3,"enemies":"Centurion and Healer","floor":24,"turns":4},{"damage":22,"enemies":"Slavers","floor":27,"turns":4},{"damage":0,"enemies":"Snake Plant","floor":28,"turns":2},{"damage":0,"enemies":"3 Cultists","floor":31,"turns":4},{"damage":64,"enemies":"Automaton","floor":33,"turns":8}],"seed_played":"7177860417021012465","potions_obtained":[{"floor":1,"key":"SteroidPotion"},{"floor":4,"key":"PotionOfCapacity"},{"floor":11,"key":"ColorlessPotion"},{"floor":14,"key":"SpeedPotion"},{"floor":16,"key":"Swift Potion"},{"floor":18,"key":"FearPotion"},{"floor":24,"key":"SkillPotion"},{"floor":27,"key":"Ancient Potion"},{"floor":28,"key":"Fire Potion"},{"floor":31,"key":"Explosive Potion"}],"is_trial":false,"path_per_floor":["M","?","M","M","$","R","E","R","T","?","E","M","R","M","R","B",null,"M","$","?","M","?","R","M","R","T","E","M","R","$","M","R","B"],"character_chosen":"DEFECT","items_purchased":["Membership Card","Darkness","Incense Burner","HandOfGreed"],"campfire_rested":4,"item_purchase_floors":[5,5,19,30],"current_hp_per_floor":[57,57,53,52,52,52,32,32,32,13,9,11,30,29,29,18,53,29,29,29,1,1,20,19,38,38,25,27,27,27,29,50,0],"gold":67,"neow_bonus":"REMOVE_TWO","is_prod":false,"is_daily":false,"chose_seed":false,"campfire_upgraded":4,"win_rate":0,"timestamp":1582321661,"path_taken":["M","?","M","M","$","R","E","R","T","?","E","M","R","M","R","BOSS","M","$","?","?","?","R","M","R","T","E","M","R","$","?","R","BOSS"],"build_version":"2020-01-27","purchased_purges":2,"victory":false,"max_hp_per_floor":[64,64,64,64,64,64,64,64,64,64,64,64,64,64,64,64,64,64,64,64,64,64,64,64,64,64,71,71,71,71,71,71,71],"card_choices":[{"not_picked":["Reinforced Body","Turbo"],"picked":"Ball Lightning","floor":1},{"not_picked":["Melter","Double Energy"],"picked":"Compile Driver","floor":3},{"not_picked":["Redo","Beam Cell","Tempest"],"picked":"SKIP","floor":4},{"not_picked":["Sweeping Beam","Turbo"],"picked":"Doom and Gloom","floor":7},{"not_picked":["Storm","Cold Snap"],"picked":"Undo","floor":11},{"not_picked":["Force Field","Recycle","Streamline"],"picked":"SKIP","floor":12},{"not_picked":["Beam Cell","BootSequence"],"picked":"Coolheaded","floor":14},{"not_picked":["Seek","Reboot"],"picked":"Echo Form","floor":16},{"not_picked":["Gash","Compile Driver"],"picked":"Sweeping Beam","floor":18},{"not_picked":["Go for the Eyes","Barrage"],"picked":"Doom and Gloom","floor":21},{"not_picked":["Fission","Redo+1"],"picked":"Conserve Battery","floor":24},{"not_picked":["Hyperbeam","Ball Lightning"],"picked":"Reinforced Body","floor":27},{"not_picked":["Chill","Rebound","Tempest"],"picked":"SKIP","floor":28},{"not_picked":["Chill","Cold Snap","Go for the Eyes"],"picked":"SKIP","floor":31}],"player_experience":2306501,"relics_obtained":[{"floor":7,"key":"Blood Vial"},{"floor":9,"key":"White Beast Statue"},{"floor":11,"key":"Turnip"},{"floor":26,"key":"Bag of Marbles"},{"floor":27,"key":"Strawberry"}],"event_choices":[{"damage_healed":0,"gold_gain":150,"player_choice":"AGREE","damage_taken":0,"max_hp_gain":0,"max_hp_loss":0,"event_name":"Liars Game","floor":2,"gold_loss":0,"cards_obtained":["Doubt"]},{"damage_healed":0,"gold_gain":0,"player_choice":"Entered Light","damage_taken":19,"max_hp_gain":0,"max_hp_loss":0,"event_name":"Shining Light","floor":10,"gold_loss":0,"cards_upgraded":["Dualcast","Compile Driver"]},{"damage_healed":0,"gold_gain":0,"player_choice":"Upgraded","damage_taken":0,"max_hp_gain":0,"max_hp_loss":0,"event_name":"Upgrade Shrine","floor":20,"gold_loss":0,"cards_upgraded":["Coolheaded"]},{"damage_healed":0,"gold_gain":0,"player_choice":"Copied","damage_taken":0,"max_hp_gain":0,"max_hp_loss":0,"event_name":"Duplicator","floor":22,"gold_loss":0,"cards_obtained":["Coolheaded"]}],"is_beta":true,"boss_relics":[{"not_picked":["Cursed Key","Nuclear Battery"],"picked":"Snecko Eye"}],"items_purged_floors":[5,19],"is_endless":false,"potions_floor_spawned":[1,4,11,12,14,16,18,21,24,27,28,31],"killed_by":"Automaton","ascension_level":20}