{"gold_per_floor":[117,127,127,142,67,67,78,78,126,153,170,203,203,221,221,292,292,292,232,232,22,22],"floor_reached":22,"playtime":972,"items_purged":["Pain"],"score":496,"play_id":"d032d33e-be59-4f25-a4b0-f43dd8fa2af1","local_time":"20200219214139","is_ascension_mode":true,"campfire_choices":[{"data":"Defragment","floor":6.0,"key":"SMITH"},{"data":"Capacitor","floor":8.0,"key":"SMITH"},{"floor":15,"key":"REST"}],"neow_cost":"NONE","seed_source_timestamp":674603075620700,"circlet_count":0,"master_deck":["AscendersBane","Strike_B","Strike_B","Strike_B","Defend_B","Defend_B","Defend_B","Defend_B","Zap","Dualcast","Capacitor+1","Defragment+1","Go for the Eyes","Sweeping Beam","Cold Snap","Streamline","Reboot","Ball Lightning","Buffer","Sweeping Beam","Darkness","Loop","Electrodynamics"],"special_seed":0,"relics":["Cracked Core","NeowsBlessing","WarpedTongs","Omamori","Orichalcum","Ginger","Ectoplasm"],"potions_floor_usage":[14,16],"damage_taken":[{"damage":0.0,"enemies":"2 Louse","floor":1.0,"turns":1.0},{"damage":0.0,"enemies":"Cultist","floor":2.0,"turns":1.0},{"damage":1.0,"enemies":"Small Slimes","floor":4.0,"turns":1.0},{"damage":13.0,"enemies":"Blue Slaver","floor":7.0,"turns":3.0},{"damage":13.0,"enemies":"3 Sentries","floor":10.0,"turns":7.0},{"damage":16.0,"enemies":"3 Louse","floor":11.0,"turns":3.0},{"damage":9.0,"enemies":"Gremlin Nob","floor":12.0,"turns":5.0},{"damage":5,"enemies":"Exordium Wildlife","floor":14,"turns":4},{"damage":0,"enemies":"Slime Boss","floor":16,"turns":5},{"damage":0,"enemies":"Spheric Guardian","floor":18,"turns":3},{"damage":14,"enemies":"2 Thieves","floor":19,"turns":3},{"damage":32,"enemies":"Shelled Parasite and Fungi","floor":20,"turns":5},{"damage":14,"enemies":"Sentry and Sphere","floor":22,"turns":3}],"seed_played":"-8980951898932601289","potions_obtained":[{"floor":1.0,"key":"AttackPotion"},{"floor":4.0,"key":"Ancient Potion"},{"floor":11.0,"key":"EssenceOfSteel"},{"floor":14,"key":"FearPotion"},{"floor":18,"key":"Ancient Potion"},{"floor":20,"key":"Energy Potion"}],"is_trial":false,"path_per_floor":["M","M","?","M","$","R","M","R","T","E","M","E","?","M","R","B",null,"M","M","M","$","M"],"character_chosen":"DEFECT","items_purchased":["Electrodynamics","AttackPotion"],"campfire_rested":1,"item_purchase_floors":[21,21],"current_hp_per_floor":[64,64,64,63,63,63,50,50,50,37,21,12,12,7,28,28,60,60,46,14,14,0],"gold":22,"neow_bonus":"THREE_ENEMY_KILL","is_prod":false,"is_daily":false,"chose_seed":false,"campfire_upgraded":2,"win_rate":0,"timestamp":1582148499,"path_taken":["M","M","?","?","$","R","M","R","T","E","M","E","?","M","R","BOSS","M","M","M","$","M"],"build_version":"2020-01-27","purchased_purges":1,"victory":false,"max_hp_per_floor":[71,71,71,71,71,71,71,71,71,71,71,71,71,71,71,71,71,71,71,71,71,71],"card_choices":[{"not_picked":["Stack","Redo"],"picked":"Capacitor","floor":1.0},{"not_picked":["Beam Cell","Capacitor","Steam"],"picked":"SKIP","floor":2.0},{"not_picked":["Stack","Hologram"],"picked":"Defragment","floor":4.0},{"not_picked":["Conserve Battery","Capacitor"],"picked":"Go for the Eyes","floor":7.0},{"not_picked":["Beam Cell","Coolheaded"],"picked":"Sweeping Beam","floor":10.0},{"not_picked":["Steam","Hello World"],"picked":"Cold Snap","floor":11.0},{"not_picked":["Hologram","Coolheaded"],"picked":"Streamline","floor":12.0},{"not_picked":["Static Discharge","Heatsinks"],"picked":"Ball Lightning","floor":14},{"not_picked":["Multi-Cast","Meteor Strike"],"picked":"Buffer","floor":16},{"not_picked":["Streamline","Beam Cell"],"picked":"Sweeping Beam","floor":18},{"not_picked":["Rip and Tear","Gash"],"picked":"Darkness","floor":19},{"not_picked":["Gash+1","Heatsinks"],"picked":"Loop","floor":20}],"player_experience":2293805,"relics_obtained":[{"floor":9.0,"key":"Omamori"},{"floor":10.0,"key":"Orichalcum"},{"floor":12.0,"key":"Ginger"}],"event_choices":[{"damage_healed":0.0,"max_hp_gain":0.0,"max_hp_loss":0.0,"gold_gain":0.0,"event_name":"Accursed Blacksmith","player_choice":"Rummage","floor":3.0,"gold_loss":0.0,"damage_taken":0.0,"relics_obtained":["WarpedTongs"],"cards_obtained":["Pain"]},{"damage_healed":0,"gold_gain":0,"cards_transformed":["Strike_B"],"player_choice":"Change","damage_taken":0,"max_hp_gain":0,"max_hp_loss":0,"event_name":"Living Wall","floor":13,"gold_loss":0,"cards_obtained":["Reboot"]}],"is_beta":true,"boss_relics":[{"not_picked":["Runic Dome","Black Star"],"picked":"Ectoplasm"}],"items_purged_floors":[5],"is_endless":false,"potions_floor_spawned":[1,4,7,11,14,18,20],"killed_by":"Sentry and Sphere","ascension_level":20}