{"gold_per_floor":[113,126,141,61,61,86,51,51,51,68,126,176,176,186,186,260,260,274,105,120,138,7,7,36,36,36,64,64,64,64,84,84,163,163,180,198,198,211,5,5,34,34,106,125,156,156,156,185,185,185],"floor_reached":50,"playtime":3242,"items_purged":[],"score":1232,"play_id":"4df37e7e-b246-4cdc-bc58-e4100a7065e2","local_time":"20200222002011","is_ascension_mode":true,"campfire_choices":[{"data":"Sunder","floor":8,"key":"SMITH"},{"data":"Sweeping Beam","floor":13,"key":"SMITH"},{"data":"Creative AI","floor":15,"key":"SMITH"},{"data":"Biased Cognition","floor":23,"key":"SMITH"},{"data":"Zap","floor":25,"key":"SMITH"},{"floor":32,"key":"REST"},{"floor":40,"key":"RECALL"},{"floor":42,"key":"REST"},{"floor":47,"key":"REST"},{"floor":49,"key":"REST"}],"neow_cost":"NONE","seed_source_timestamp":854671684735300,"circlet_count":0,"master_deck":["AscendersBane","Strike_B+1","Defend_B+1","Defend_B+1","Defend_B+1","Defend_B+1","Zap+1","Dualcast","Conserve Battery","Ball Lightning","Sweeping Beam+1","Sunder+1","Core Surge","Undo","Creative AI+1","Biased Cognition+1","BootSequence+1","Turbo+1","Reboot+1","Cold Snap","Electrodynamics","Cold Snap","Core Surge","Stack+1","Defragment","Cold Snap","Echo Form"],"relics":["Cracked Core","Art of War","Matryoshka","PreservedInsect","Letter Opener","Shuriken","Astrolabe","Membership Card","Meat on the Bone","Kunai","Bag of Marbles","Eternal Feather","Potion Belt","Fusion Hammer","Lee\u0027s Waffle","Blood Vial","Ornamental Fan","DataDisk","Gremlin Horn"],"potions_floor_usage":[11,16,16,24,27,38,41,44,50],"damage_taken":[{"damage":0,"enemies":"Jaw Worm","floor":1,"turns":4},{"damage":0,"enemies":"Small Slimes","floor":2,"turns":4},{"damage":8,"enemies":"2 Louse","floor":3,"turns":3},{"damage":17,"enemies":"3 Sentries","floor":6,"turns":6},{"damage":0,"enemies":"Red Slaver","floor":10,"turns":3},{"damage":0,"enemies":"Gremlin Nob","floor":11,"turns":2},{"damage":0,"enemies":"Blue Slaver","floor":14,"turns":2},{"damage":0,"enemies":"Slime Boss","floor":16,"turns":7},{"damage":2,"enemies":"2 Thieves","floor":18,"turns":3},{"damage":15,"enemies":"3 Byrds","floor":20,"turns":4},{"damage":5,"enemies":"Centurion and Healer","floor":21,"turns":8},{"damage":4,"enemies":"Gremlin Leader","floor":24,"turns":7},{"damage":45,"enemies":"Book of Stabbing","floor":27,"turns":5},{"damage":1,"enemies":"Snake Plant","floor":31,"turns":3},{"damage":4,"enemies":"Champ","floor":33,"turns":15},{"damage":1,"enemies":"Orb Walker","floor":35,"turns":3},{"damage":0,"enemies":"3 Shapes","floor":36,"turns":4},{"damage":11,"enemies":"3 Darklings","floor":38,"turns":3},{"damage":29,"enemies":"Reptomancer","floor":41,"turns":6},{"damage":45,"enemies":"Transient","floor":44,"turns":6},{"damage":21,"enemies":"Nemesis","floor":45,"turns":7},{"damage":11,"enemies":"Reptomancer","floor":48,"turns":5},{"damage":80,"enemies":"Time Eater","floor":50,"turns":15}],"seed_played":"-3809592146947450120","potions_obtained":[{"floor":1,"key":"GamblersBrew"},{"floor":10,"key":"Strength Potion"},{"floor":14,"key":"EssenceOfDarkness"},{"floor":16,"key":"BlessingOfTheForge"},{"floor":21,"key":"SneckoOil"},{"floor":27,"key":"SteroidPotion"},{"floor":33,"key":"PotionOfCapacity"},{"floor":35,"key":"FocusPotion"},{"floor":38,"key":"BlessingOfTheForge"},{"floor":44,"key":"SkillPotion"}],"is_trial":false,"path_per_floor":["M","M","M","$","?","E","?","R","T","M","?","?","R","M","R","B",null,"M","$","M","M","$","R","E","R","T","E","?","?","?","M","R","B",null,"M","M","?","M","$","R","E","R","T","M","E","?","R","E","R","B"],"character_chosen":"DEFECT","items_purchased":["Sunder","Membership Card","Meat on the Bone","Defragment","Lee\u0027s Waffle","Blood Vial"],"campfire_rested":4,"item_purchase_floors":[4,19,22,39,39,39],"current_hp_per_floor":[64,64,56,56,35,18,35,35,35,35,35,28,28,28,28,28,60,58,58,43,38,38,38,46,46,46,13,13,13,13,24,57,53,67,66,66,66,55,78,78,49,78,78,45,38,38,76,67,78,0],"gold":185,"neow_bonus":"RANDOM_COMMON_RELIC","is_prod":false,"is_daily":false,"chose_seed":false,"campfire_upgraded":5,"win_rate":0,"timestamp":1582330811,"path_taken":["M","M","M","$","?","E","?","R","T","M","?","?","R","M","R","BOSS","M","$","M","M","$","R","E","R","T","E","?","?","?","M","R","BOSS","M","M","?","M","$","R","E","R","T","M","E","?","R","E","R","BOSS"],"build_version":"2020-01-27","purchased_purges":0,"victory":false,"max_hp_per_floor":[71,71,71,71,71,71,71,71,71,71,71,71,71,71,71,71,71,71,71,71,71,71,71,71,71,71,71,71,71,71,71,71,71,71,71,71,71,71,78,78,78,78,78,78,78,78,78,78,78,78],"card_choices":[{"not_picked":["Skim","Streamline"],"picked":"Conserve Battery","floor":1},{"not_picked":["Compile Driver","Hologram"],"picked":"Ball Lightning","floor":2},{"not_picked":["Beam Cell","Stack"],"picked":"Sweeping Beam","floor":3},{"not_picked":["Go for the Eyes","Fusion"],"picked":"Core Surge","floor":6},{"not_picked":["Sweeping Beam","Coolheaded"],"picked":"Undo","floor":10},{"not_picked":["Streamline","Coolheaded"],"picked":"Creative AI","floor":14},{"not_picked":["Core Surge","Meteor Strike"],"picked":"Biased Cognition","floor":16},{"not_picked":["Steam","Barrage","Stack"],"picked":"SKIP","floor":18},{"not_picked":["Compile Driver","Streamline","Beam Cell"],"picked":"SKIP","floor":20},{"not_picked":["Barrage","Leap"],"picked":"Cold Snap","floor":21},{"not_picked":["Rip and Tear","Redo","Rebound"],"picked":"SKIP","floor":24},{"not_picked":["Auto Shields+1","Meteor Strike"],"picked":"Electrodynamics","floor":27},{"not_picked":["Defragment","Ball Lightning"],"picked":"Cold Snap","floor":31},{"not_picked":["Creative AI","Fission"],"picked":"Core Surge","floor":33},{"not_picked":["Conserve Battery","Turbo"],"picked":"Stack+1","floor":35},{"not_picked":["Fusion","Beam Cell"],"picked":"Storm","floor":36},{"not_picked":["Reprogram+1","Streamline","Steam Power"],"picked":"SKIP","floor":38},{"not_picked":["Rebound","Streamline+1","Doom and Gloom"],"picked":"SKIP","floor":41},{"not_picked":["Streamline","Static Discharge+1"],"picked":"Cold Snap","floor":44},{"not_picked":["BootSequence","Lockon"],"picked":"Echo Form","floor":45},{"not_picked":["Hologram","Redo","Steam Power+1"],"picked":"SKIP","floor":48}],"player_experience":2311433,"relics_obtained":[{"floor":6,"key":"Matryoshka"},{"floor":9,"key":"PreservedInsect"},{"floor":9,"key":"Letter Opener"},{"floor":11,"key":"Shuriken"},{"floor":24,"key":"Kunai"},{"floor":26,"key":"Bag of Marbles"},{"floor":26,"key":"Eternal Feather"},{"floor":27,"key":"Potion Belt"},{"floor":41,"key":"Ornamental Fan"},{"floor":45,"key":"DataDisk"},{"floor":48,"key":"Gremlin Horn"}],"event_choices":[{"damage_healed":0,"gold_gain":0,"player_choice":"Entered Light","damage_taken":21,"max_hp_gain":0,"max_hp_loss":0,"event_name":"Shining Light","floor":5,"gold_loss":0,"cards_upgraded":["Defend_B","Defend_B"]},{"damage_healed":17,"gold_gain":0,"player_choice":"Healed","damage_taken":0,"max_hp_gain":0,"max_hp_loss":0,"event_name":"The Cleric","floor":7,"gold_loss":35},{"damage_healed":0,"gold_gain":30,"player_choice":"Searched \u00272\u0027 times","damage_taken":0,"max_hp_gain":0,"max_hp_loss":0,"event_name":"Dead Adventurer","floor":11,"gold_loss":0},{"damage_healed":0,"gold_gain":50,"player_choice":"Touch","damage_taken":7,"max_hp_gain":0,"max_hp_loss":0,"event_name":"FaceTrader","floor":12,"gold_loss":0},{"damage_healed":0,"gold_gain":0,"player_choice":"Simplicity","damage_taken":0,"max_hp_gain":0,"max_hp_loss":0,"event_name":"Back to Basics","floor":29,"gold_loss":0,"cards_upgraded":["Strike_B","Defend_B","Defend_B"]},{"damage_healed":0,"gold_gain":0,"player_choice":"Ignored","damage_taken":0,"max_hp_gain":0,"max_hp_loss":0,"event_name":"Vampires","floor":30,"gold_loss":0},{"cards_removed":["Storm"],"damage_healed":0,"gold_gain":0,"player_choice":"Removed Power","damage_taken":0,"max_hp_gain":0,"max_hp_loss":0,"event_name":"Falling","floor":37,"gold_loss":0},{"damage_healed":0,"gold_gain":0,"player_choice":"Ignored","damage_taken":0,"max_hp_gain":0,"max_hp_loss":0,"event_name":"The Moai Head","floor":46,"gold_loss":0}],"is_beta":true,"boss_relics":[{"not_picked":["Empty Cage","SlaversCollar"],"picked":"Astrolabe"},{"not_picked":["Black Star","Inserter"],"picked":"Fusion Hammer"}],"items_purged_floors":[],"is_endless":false,"potions_floor_spawned":[1,10,14,16,21,27,33,35,38,44],"killed_by":"Time Eater","ascension_level":20}