{"gold_per_floor":[116,116,116,141,27,27,47,47,47,47,67,82,118,139,139,232,232,252,252,267,283,51,51,87,87,87,131,18,41,56,100,100,199,199,215,234,252,252,266,309,324,355,378,378,421,421,33,52,52,52],"floor_reached":50,"playtime":3306,"items_purged":["Strike_B"],"score":1128,"play_id":"54aa89a0-de4e-4c7b-bdda-6a81713886f2","local_time":"20200228010950","is_ascension_mode":true,"campfire_choices":[{"data":"Doom and Gloom","floor":6.0,"key":"SMITH"},{"data":"Zap","floor":8.0,"key":"SMITH"},{"data":"Genetic Algorithm","floor":15.0,"key":"SMITH"},{"data":"Biased Cognition","floor":23,"key":"SMITH"},{"floor":25,"key":"REST"},{"data":"Hologram","floor":32,"key":"SMITH"},{"floor":44,"key":"RECALL"},{"data":"Glacier","floor":49,"key":"SMITH"}],"neow_cost":"NONE","seed_source_timestamp":0,"circlet_count":0,"master_deck":["AscendersBane","Defend_B","Defend_B","Defend_B","Defend_B","Zap+1","Dualcast","Conserve Battery","Gash","Compile Driver","Doom and Gloom+1","Core Surge","Glacier+1","Gash","FTL","Genetic Algorithm+1","Biased Cognition+1","Tempest+1","Echo Form+1","Buffer+1","Cold Snap","Capacitor+1","Hologram+1","Finesse","Sweeping Beam","Loop","Genetic Algorithm","Machine Learning+1","Hologram+1","Conserve Battery+1","All For One","Static Discharge+1"],"special_seed":0,"relics":["Cracked Core","Golden Idol","Ornamental Fan","Meat on the Bone","Ginger","Astrolabe","The Courier","Shuriken","Lantern","Kunai","Incense Burner","Coffee Dripper","Mercury Hourglass","Prayer Wheel","Akabeko","DataDisk","MealTicket","Medical Kit"],"potions_floor_usage":[21,24,24,27,31,31,39,42,48,50],"damage_taken":[{"damage":7.0,"enemies":"Small Slimes","floor":1.0,"turns":3.0},{"damage":1.0,"enemies":"2 Louse","floor":4.0,"turns":3.0},{"damage":12.0,"enemies":"Jaw Worm","floor":7.0,"turns":4.0},{"damage":13.0,"enemies":"Exordium Wildlife","floor":11.0,"turns":3.0},{"damage":0.0,"enemies":"Lots of Slimes","floor":12.0,"turns":1.0},{"damage":3.0,"enemies":"Lagavulin","floor":13.0,"turns":8.0},{"damage":3.0,"enemies":"3 Louse","floor":14.0,"turns":3.0},{"damage":31.0,"enemies":"Hexaghost","floor":16.0,"turns":9.0},{"damage":0,"enemies":"Chosen","floor":18,"turns":5},{"damage":10,"enemies":"Spheric Guardian","floor":20,"turns":4},{"damage":21,"enemies":"Shelled Parasite and Fungi","floor":21,"turns":11},{"damage":11,"enemies":"Gremlin Leader","floor":24,"turns":7},{"damage":20,"enemies":"Slavers","floor":27,"turns":3},{"damage":10,"enemies":"Snecko","floor":29,"turns":4},{"damage":13,"enemies":"Centurion and Healer","floor":30,"turns":8},{"damage":3,"enemies":"Book of Stabbing","floor":31,"turns":5},{"damage":14,"enemies":"Automaton","floor":33,"turns":9},{"damage":0,"enemies":"3 Shapes","floor":35,"turns":3},{"damage":15,"enemies":"Orb Walker","floor":36,"turns":3},{"damage":22,"enemies":"Writhing Mass","floor":37,"turns":8},{"damage":10,"enemies":"Transient","floor":39,"turns":6},{"damage":8,"enemies":"Giant Head","floor":40,"turns":9},{"damage":0,"enemies":"Jaw Worm Horde","floor":41,"turns":3},{"damage":0,"enemies":"Mind Bloom Boss Battle","floor":42,"turns":6},{"damage":7,"enemies":"Nemesis","floor":45,"turns":9},{"damage":0,"enemies":"Spire Growth","floor":48,"turns":5},{"damage":45,"enemies":"Awakened One","floor":50,"turns":4}],"seed_played":"-1824923275160283597","potions_obtained":[{"floor":4.0,"key":"Fruit Juice"},{"floor":7.0,"key":"EntropicBrew"},{"floor":12.0,"key":"Regen Potion"},{"floor":16.0,"key":"DuplicationPotion"},{"floor":24,"key":"PowerPotion"},{"floor":29,"key":"SkillPotion"},{"floor":30,"key":"SpeedPotion"},{"floor":31,"key":"FearPotion"},{"floor":35,"key":"BlessingOfTheForge"},{"floor":40,"key":"ColorlessPotion"},{"floor":45,"key":"LiquidMemories"}],"is_trial":false,"path_per_floor":["M","?","?","M","$","R","M","R","T","?","M","M","E","M","R","B",null,"M","?","M","M","$","R","E","R","T","E","?","M","M","E","R","B",null,"M","M","M","?","M","E","M","?","T","R","E","$","$","M","R","B"],"character_chosen":"DEFECT","items_purchased":["Compile Driver","Doom and Gloom","AttackPotion","Finesse","DataDisk","MealTicket","Medical Kit"],"campfire_rested":1,"item_purchase_floors":[5,5,22,22,47,47,47],"current_hp_per_floor":[64,69,69,68,68,68,56,56,56,30,34,46,43,52,52,33,68,68,56,46,52,52,52,41,65,65,45,45,47,46,43,43,41,70,70,55,45,45,47,51,51,51,51,51,44,44,44,44,44,0],"gold":52,"neow_bonus":"TEN_PERCENT_HP_BONUS","is_prod":false,"is_daily":false,"chose_seed":false,"campfire_upgraded":6,"win_rate":0,"timestamp":1582852190,"path_taken":["M","?","?","M","$","R","M","R","T","?","M","?","E","M","R","BOSS","M","?","M","?","$","R","E","R","T","E","?","M","M","E","R","BOSS","M","M","?","?","?","E","M","?","T","R","E","?","$","M","R","BOSS"],"build_version":"2020-01-27","purchased_purges":1,"victory":false,"max_hp_per_floor":[78,83,75,75,75,75,75,75,75,75,80,80,80,80,80,80,80,80,80,80,80,80,80,80,80,80,80,80,80,80,80,80,80,80,80,80,80,80,80,80,80,80,80,80,80,80,80,80,80,80],"card_choices":[{"not_picked":["Barrage","Turbo"],"picked":"Conserve Battery","floor":1.0},{"not_picked":["Go for the Eyes","Undo"],"picked":"Gash","floor":4.0},{"not_picked":["Beam Cell","Conserve Battery"],"picked":"Core Surge","floor":7.0},{"not_picked":["Scrape","Compile Driver"],"picked":"Glacier","floor":11.0},{"not_picked":["Compile Driver","Reinforced Body"],"picked":"Gash","floor":12.0},{"not_picked":["Coolheaded","Doom and Gloom"],"picked":"FTL","floor":13.0},{"not_picked":["Beam Cell","Stack"],"picked":"Genetic Algorithm","floor":14.0},{"not_picked":["Seek","Fission"],"picked":"Biased Cognition","floor":16.0},{"not_picked":["Barrage","Go for the Eyes"],"picked":"Cold Snap","floor":18},{"not_picked":["Beam Cell","Heatsinks"],"picked":"Capacitor+1","floor":20},{"not_picked":["Stack","Chaos"],"picked":"Hologram","floor":21},{"not_picked":["Stack","Ball Lightning"],"picked":"Sweeping Beam","floor":24},{"not_picked":["Doom and Gloom","Gash"],"picked":"Loop","floor":27},{"not_picked":["Rip and Tear","Rebound","Capacitor"],"picked":"SKIP","floor":29},{"not_picked":["Stack","Steam"],"picked":"Genetic Algorithm","floor":30},{"not_picked":["Reprogram","Self Repair","Genetic Algorithm"],"picked":"SKIP","floor":31},{"not_picked":["Seek","Reboot"],"picked":"Machine Learning","floor":33},{"not_picked":["Hologram","Streamline","Coolheaded"],"picked":"SKIP","floor":35},{"not_picked":["Steam","Skim+1"],"picked":"Hologram+1","floor":36},{"not_picked":["Beam Cell+1","Lockon+1"],"picked":"Conserve Battery+1","floor":37},{"not_picked":["Steam","Aggregate+1","BootSequence+1"],"picked":"SKIP","floor":39},{"not_picked":["Gash","Capacitor","Ball Lightning"],"picked":"SKIP","floor":40},{"not_picked":["Leap","Heatsinks"],"picked":"All For One","floor":41},{"not_picked":["Turbo","Genetic Algorithm","Aggregate"],"picked":"SKIP","floor":45},{"not_picked":["Coolheaded","Darkness+1"],"picked":"Static Discharge+1","floor":48},{"not_picked":["Gash","Ball Lightning","Darkness+1"],"picked":"SKIP","floor":48}],"player_experience":2314675,"relics_obtained":[{"floor":9.0,"key":"Ornamental Fan"},{"floor":13.0,"key":"Ginger"},{"floor":24,"key":"The Courier"},{"floor":26,"key":"Shuriken"},{"floor":27,"key":"Lantern"},{"floor":31,"key":"Incense Burner"},{"floor":40,"key":"Mercury Hourglass"},{"floor":42,"key":"Prayer Wheel"},{"floor":45,"key":"Akabeko"}],"event_choices":[{"damage_healed":0.0,"max_hp_gain":5.0,"max_hp_loss":0.0,"gold_gain":0.0,"event_name":"Big Fish","player_choice":"Donut","floor":2.0,"gold_loss":0.0,"damage_taken":0.0},{"damage_healed":0.0,"max_hp_gain":0.0,"max_hp_loss":8.0,"gold_gain":0.0,"event_name":"Golden Idol","player_choice":"Lose Max HP","floor":3.0,"gold_loss":0.0,"damage_taken":0.0,"relics_obtained":["Golden Idol"]},{"damage_healed":0.0,"max_hp_gain":0.0,"max_hp_loss":0.0,"gold_gain":0.0,"event_name":"Scrap Ooze","player_choice":"Success","floor":10.0,"gold_loss":0.0,"damage_taken":26.0,"relics_obtained":["Meat on the Bone"]},{"damage_healed":0,"gold_gain":0,"player_choice":"Damaged","damage_taken":12,"max_hp_gain":0,"max_hp_loss":0,"event_name":"Wheel of Change","floor":19,"gold_loss":0},{"damage_healed":0,"gold_gain":0,"player_choice":"Paid Gold","damage_taken":0,"relics_obtained":["Kunai"],"max_hp_gain":0,"max_hp_loss":0,"event_name":"WeMeetAgain","floor":28,"gold_loss":113},{"damage_healed":0,"gold_gain":0,"player_choice":"Upgraded","damage_taken":0,"max_hp_gain":0,"max_hp_loss":0,"event_name":"Upgrade Shrine","floor":38,"gold_loss":0,"cards_upgraded":["Machine Learning"]},{"damage_healed":0,"gold_gain":0,"player_choice":"Fight","damage_taken":0,"max_hp_gain":0,"max_hp_loss":0,"event_name":"MindBloom","floor":42,"gold_loss":0}],"is_beta":true,"boss_relics":[{"not_picked":["Empty Cage","Busted Crown"],"picked":"Astrolabe"},{"not_picked":["Velvet Choker","Calling Bell"],"picked":"Coffee Dripper"}],"items_purged_floors":[22],"is_endless":false,"potions_floor_spawned":[4,7,11,12,13,16,24,29,30,31,35,37,40,41,45],"killed_by":"Awakened One","ascension_level":20}