{"gold_per_floor":[112,72,82,95,95,95,120,120,145,179,199,199,214,231,231,310,310,328,54,54,68,68,68,88,88,88,123,143,143,143],"floor_reached":30,"playtime":1468,"items_purged":[],"score":520,"play_id":"d5559a5a-7dce-46b8-8d7f-944bdfc5acaf","local_time":"20200228223053","is_ascension_mode":true,"campfire_choices":[{"data":"Doom and Gloom","floor":6,"key":"SMITH"},{"data":"Reinforced Body","floor":8,"key":"SMITH"},{"data":"Redo","floor":12,"key":"SMITH"},{"data":"Machine Learning","floor":15,"key":"SMITH"},{"floor":23,"key":"REST"},{"floor":25,"key":"REST"},{"floor":29,"key":"REST"}],"neow_cost":"NONE","seed_source_timestamp":1454692536436800,"circlet_count":0,"master_deck":["AscendersBane","Strike_B","Strike_B","Strike_B","Strike_B","Defend_B","Defend_B","Defend_B","Defend_B","Zap+1","Dualcast","FTL","Doom and Gloom+1","Reinforced Body+1","Redo+1","Cold Snap","Machine Learning+1","Conserve Battery","Creative AI","Sweeping Beam","Glacier"],"relics":["Cracked Core","Art of War","Lantern","Matryoshka","Nuclear Battery","Mummified Hand","Ornamental Fan","Bottled Flame","Symbiotic Virus"],"potions_floor_usage":[7,7,10,16,27,30],"damage_taken":[{"damage":1,"enemies":"Cultist","floor":1,"turns":3},{"damage":2,"enemies":"Jaw Worm","floor":3,"turns":3},{"damage":0,"enemies":"2 Louse","floor":4,"turns":2},{"damage":23,"enemies":"3 Sentries","floor":7,"turns":6},{"damage":6,"enemies":"Lagavulin","floor":10,"turns":7},{"damage":6,"enemies":"Blue Slaver","floor":11,"turns":3},{"damage":0,"enemies":"2 Fungi Beasts","floor":13,"turns":2},{"damage":0,"enemies":"Looter","floor":14,"turns":3},{"damage":20,"enemies":"Slime Boss","floor":16,"turns":7},{"damage":17,"enemies":"Spheric Guardian","floor":18,"turns":4},{"damage":21,"enemies":"3 Byrds","floor":21,"turns":5},{"damage":39,"enemies":"Centurion and Healer","floor":24,"turns":7},{"damage":2,"enemies":"Gremlin Leader","floor":27,"turns":7},{"damage":22,"enemies":"Sentry and Sphere","floor":28,"turns":4},{"damage":45,"enemies":"Book of Stabbing","floor":30,"turns":3}],"seed_played":"-8225227642077450197","potions_obtained":[{"floor":4,"key":"EntropicBrew"},{"floor":11,"key":"FairyPotion"},{"floor":14,"key":"Dexterity Potion"},{"floor":16,"key":"FearPotion"},{"floor":18,"key":"SteroidPotion"},{"floor":28,"key":"SteroidPotion"}],"is_trial":false,"path_per_floor":["M","$","M","M","?","R","E","R","T","E","M","R","M","M","R","B",null,"M","$","?","M","?","R","M","R","T","E","M","R","E"],"character_chosen":"DEFECT","items_purchased":["Doom and Gloom","Mummified Hand"],"campfire_rested":3,"item_purchase_floors":[2,19],"current_hp_per_floor":[63,63,61,61,66,66,57,57,57,51,45,45,45,45,45,25,63,46,46,46,25,25,47,8,30,30,28,6,28,0],"gold":143,"neow_bonus":"UPGRADE_CARD","is_prod":false,"is_daily":false,"chose_seed":false,"campfire_upgraded":4,"win_rate":0,"timestamp":1582929053,"path_taken":["M","?","M","M","?","R","E","R","T","E","M","R","M","M","R","BOSS","M","$","?","M","?","R","M","R","T","E","M","R","E"],"build_version":"2020-01-27","purchased_purges":0,"victory":false,"max_hp_per_floor":[71,71,71,71,76,76,76,76,76,76,76,76,76,76,76,76,76,76,76,76,76,76,76,76,76,76,76,76,76,76],"card_choices":[{"not_picked":["Go for the Eyes","Coolheaded"],"picked":"FTL","floor":1},{"not_picked":["Fusion","Coolheaded","Gash"],"picked":"SKIP","floor":3},{"not_picked":["Coolheaded","Auto Shields"],"picked":"Reinforced Body","floor":4},{"not_picked":["Chaos","Barrage"],"picked":"Redo","floor":7},{"not_picked":["Blizzard","Melter"],"picked":"Cold Snap","floor":10},{"not_picked":["Recycle","BootSequence"],"picked":"Machine Learning","floor":11},{"not_picked":["Beam Cell","Gash"],"picked":"Conserve Battery","floor":13},{"not_picked":["Rip and Tear","Blizzard","Streamline"],"picked":"SKIP","floor":14},{"not_picked":["Meteor Strike","Core Surge"],"picked":"Creative AI","floor":16},{"not_picked":["Ball Lightning","Redo","Capacitor"],"picked":"SKIP","floor":18},{"not_picked":["Leap","Ball Lightning"],"picked":"Sweeping Beam","floor":21},{"not_picked":["Storm","Sweeping Beam","Hologram"],"picked":"SKIP","floor":24},{"not_picked":["Redo","Rebound","Static Discharge"],"picked":"SKIP","floor":27},{"not_picked":["Fusion","Stack"],"picked":"Glacier","floor":28}],"player_experience":2317981,"relics_obtained":[{"floor":7,"key":"Art of War"},{"floor":9,"key":"Lantern"},{"floor":10,"key":"Matryoshka"},{"floor":26,"key":"Ornamental Fan"},{"floor":26,"key":"Bottled Flame"},{"floor":27,"key":"Symbiotic Virus"}],"event_choices":[{"damage_healed":0,"gold_gain":0,"player_choice":"Donut","damage_taken":0,"max_hp_gain":5,"max_hp_loss":0,"event_name":"Big Fish","floor":5,"gold_loss":0},{"damage_healed":0,"gold_gain":0,"player_choice":"Ignored","damage_taken":0,"max_hp_gain":0,"max_hp_loss":0,"event_name":"Vampires","floor":20,"gold_loss":0},{"damage_healed":0,"gold_gain":0,"player_choice":"Ignored","damage_taken":0,"max_hp_gain":0,"max_hp_loss":0,"event_name":"The Mausoleum","floor":22,"gold_loss":0}],"is_beta":true,"boss_relics":[{"not_picked":["Calling Bell","Runic Dome"],"picked":"Nuclear Battery"}],"items_purged_floors":[],"is_endless":false,"potions_floor_spawned":[4,11,14,16,18,28],"killed_by":"Book of Stabbing","ascension_level":20}