{"gold_per_floor":[109,120,34,34,53,68,94,94,94,94,105,123,123,142,142,216,216,236,236,236,249,249,280,280,280,280,280,19,19,45,61,61,140,140,157,157,169,169,187,215,215,249,249,278,278,296,323,323,323,323,323],"floor_reached":51,"playtime":3793,"items_purged":[],"score":1706,"play_id":"9ea29a83-d654-4c41-9704-b55594ec7d57","local_time":"20200220213250","is_ascension_mode":true,"campfire_choices":[{"data":"Zap","floor":8.0,"key":"SMITH"},{"floor":10.0,"key":"REST"},{"data":"Defragment","floor":13.0,"key":"SMITH"},{"data":"All For One","floor":15.0,"key":"SMITH"},{"data":"Seek","floor":24.0,"key":"SMITH"},{"floor":27.0,"key":"DIG"},{"floor":29.0,"key":"DIG"},{"data":"Go for the Eyes","floor":32.0,"key":"SMITH"},{"floor":41,"key":"DIG"},{"floor":45,"key":"RECALL"},{"floor":49,"key":"DIG"}],"neow_cost":"NONE","seed_source_timestamp":757654715040900,"circlet_count":0,"master_deck":["AscendersBane","Strike_B+1","Strike_B+1","Strike_B+1","Strike_B+1","Defend_B+1","Defend_B+1","Defend_B+1","Defend_B+1","Zap+1","Dualcast","Gash","Sweeping Beam","Seek+1","Go for the Eyes+1","Coolheaded","Gash","Defragment+1","All For One+1","Reboot","Steam+1","Ghostly+1","Ghostly","Ghostly","All For One","Beam Cell","Genetic Algorithm","FTL+1","Coolheaded","Leap+1","Hologram+1","Leap+1"],"special_seed":0,"relics":["Cracked Core","Nunchaku","Meat on the Bone","Shovel","Coffee Dripper","WingedGreaves","White Beast Statue","Centennial Puzzle","Shuriken","Nuclear Battery","Mercury Hourglass","DataDisk","Omamori","Question Card","Toxic Egg 2","Frozen Egg 2","Regal Pillow","Emotion Chip"],"potions_floor_usage":[37,40,40,44,50,51],"damage_taken":[{"damage":2.0,"enemies":"Jaw Worm","floor":1.0,"turns":4.0},{"damage":1.0,"enemies":"Cultist","floor":2.0,"turns":3.0},{"damage":0.0,"enemies":"2 Louse","floor":5.0,"turns":3.0},{"damage":9.0,"enemies":"Large Slime","floor":6.0,"turns":5.0},{"damage":35.0,"enemies":"3 Sentries","floor":7.0,"turns":9.0},{"damage":11.0,"enemies":"3 Louse","floor":11.0,"turns":4.0},{"damage":29.0,"enemies":"Gremlin Gang","floor":12.0,"turns":5.0},{"damage":0.0,"enemies":"Exordium Wildlife","floor":14.0,"turns":2.0},{"damage":8.0,"enemies":"Slime Boss","floor":16.0,"turns":7.0},{"damage":18.0,"enemies":"3 Byrds","floor":18.0,"turns":4.0},{"damage":13.0,"enemies":"Shell Parasite","floor":21.0,"turns":3.0},{"damage":5.0,"enemies":"Gremlin Leader","floor":23.0,"turns":6.0},{"damage":2.0,"enemies":"Slavers","floor":30.0,"turns":5.0},{"damage":5.0,"enemies":"Snake Plant","floor":31.0,"turns":4.0},{"damage":7,"enemies":"Automaton","floor":33,"turns":8},{"damage":6,"enemies":"Orb Walker","floor":35,"turns":3},{"damage":16,"enemies":"3 Darklings","floor":37,"turns":4},{"damage":10,"enemies":"Writhing Mass","floor":39,"turns":5},{"damage":25,"enemies":"Giant Head","floor":40,"turns":6},{"damage":0,"enemies":"Nemesis","floor":42,"turns":3},{"damage":0,"enemies":"Giant Head","floor":44,"turns":3},{"damage":0,"enemies":"Jaw Worm Horde","floor":46,"turns":4},{"damage":0,"enemies":"Nemesis","floor":47,"turns":5},{"damage":4,"enemies":"Awakened One","floor":50,"turns":8},{"damage":26,"enemies":"Time Eater","floor":51,"turns":11}],"seed_played":"6695519439554593833","potions_obtained":[{"floor":4.0,"key":"Fruit Juice"},{"floor":4.0,"key":"Strength Potion"},{"floor":5.0,"key":"SpeedPotion"},{"floor":12.0,"key":"BlessingOfTheForge"},{"floor":30.0,"key":"SteroidPotion"},{"floor":33,"key":"Block Potion"},{"floor":35,"key":"LiquidMemories"},{"floor":37,"key":"CultistPotion"},{"floor":39,"key":"Regen Potion"},{"floor":40,"key":"BlessingOfTheForge"},{"floor":42,"key":"PowerPotion"},{"floor":44,"key":"EssenceOfSteel"},{"floor":46,"key":"PowerPotion"}],"is_trial":false,"path_per_floor":["M","M","$","?","M","M","E","R","T","R","M","M","R","M","R","B",null,"M","?","?","M","?","E","R","?","T","R","$","R","E","M","R","B",null,"M","?","M","?","M","E","R","E","T","E","R","M","E","?","R","B","B"],"character_chosen":"DEFECT","items_purchased":["Seek","All For One","Beam Cell","Genetic Algorithm"],"campfire_rested":1,"item_purchase_floors":[3,28,28,28],"current_hp_per_floor":[62,61,61,61,66,57,22,22,22,44,45,28,28,40,40,44,68,50,50,50,49,38,33,33,33,33,33,33,33,31,26,26,31,36,30,30,26,26,28,24,24,24,24,24,24,24,24,24,24,20,0],"gold":323,"neow_bonus":"RANDOM_COMMON_RELIC","is_prod":false,"is_daily":false,"chose_seed":false,"campfire_upgraded":5,"win_rate":0,"timestamp":1582234370,"path_taken":["M","M","$","?","M","?","E","R","T","R","M","M","R","M","R","BOSS","M","?","?","M","?","E","R","?","T","R","$","R","E","?","R","BOSS","M","?","?","?","M","E","R","E","T","E","R","M","E","?","R","BOSS","BOSS"],"build_version":"2020-01-27","purchased_purges":0,"victory":false,"max_hp_per_floor":[71,71,71,71,76,76,76,76,76,76,76,76,76,76,76,76,76,76,76,76,76,38,38,38,38,38,38,38,38,38,38,38,38,38,38,38,38,36,36,36,36,36,36,36,36,36,36,36,36,36,36],"card_choices":[{"not_picked":["Steam","Leap"],"picked":"Gash","floor":1.0},{"not_picked":["Coolheaded","Lockon"],"picked":"Sweeping Beam","floor":2.0},{"not_picked":["Sweeping Beam","Scrape"],"picked":"Go for the Eyes","floor":5.0},{"not_picked":["Leap","Rip and Tear"],"picked":"Coolheaded","floor":6.0},{"not_picked":["Coolheaded","Rebound"],"picked":"Gash","floor":7.0},{"not_picked":["Multi-Cast","Rebound"],"picked":"Defragment","floor":11.0},{"not_picked":["Redo","Conserve Battery"],"picked":"Ball Lightning","floor":12.0},{"not_picked":["Aggregate","Glacier"],"picked":"All For One","floor":14.0},{"not_picked":["Rainbow","Echo Form"],"picked":"Reboot","floor":16.0},{"not_picked":["Heatsinks","Redo","Melter+1"],"picked":"SKIP","floor":18.0},{"not_picked":["Conserve Battery","Hologram"],"picked":"Steam+1","floor":21.0},{"not_picked":["Steam","Core Surge","Auto Shields"],"picked":"SKIP","floor":23.0},{"not_picked":["Darkness","White Noise","Melter"],"picked":"SKIP","floor":30.0},{"not_picked":["Loop","Doom and Gloom"],"picked":"FTL+1","floor":31.0},{"not_picked":["Sweeping Beam","Tempest","Defragment"],"picked":"SKIP","floor":35},{"not_picked":["Streamline","Hello World","Blizzard"],"picked":"SKIP","floor":37},{"not_picked":["Stack","Beam Cell+1","Lockon"],"picked":"SKIP","floor":39},{"not_picked":["Hello World","Tempest+1","Rebound"],"picked":"SKIP","floor":40},{"not_picked":["Biased Cognition","White Noise"],"picked":"Coolheaded","floor":42},{"not_picked":["Thunder Strike","Amplify+1","Capacitor+1"],"picked":"Leap+1","floor":44},{"not_picked":["Beam Cell","Conserve Battery+1","Gash"],"picked":"Hologram+1","floor":46},{"not_picked":["Aggregate+1","Fission+1","Redo+1"],"picked":"Leap+1","floor":47}],"player_experience":2300623,"relics_obtained":[{"floor":7.0,"key":"Meat on the Bone"},{"floor":9.0,"key":"Shovel"},{"floor":23.0,"key":"WingedGreaves"},{"floor":27.0,"key":"White Beast Statue"},{"floor":29.0,"key":"Centennial Puzzle"},{"floor":30.0,"key":"Shuriken"},{"floor":40,"key":"DataDisk"},{"floor":41,"key":"Omamori"},{"floor":42,"key":"Question Card"},{"floor":43,"key":"Toxic Egg 2"},{"floor":44,"key":"Frozen Egg 2"},{"floor":47,"key":"Regal Pillow"},{"floor":49,"key":"Emotion Chip"}],"event_choices":[{"damage_healed":0.0,"max_hp_gain":0.0,"max_hp_loss":0.0,"gold_gain":0.0,"event_name":"Lab","player_choice":"Got Potions","floor":4.0,"gold_loss":0.0,"damage_taken":0.0},{"damage_healed":0.0,"max_hp_gain":0.0,"max_hp_loss":0.0,"gold_gain":0.0,"event_name":"The Mausoleum","player_choice":"Ignored","floor":19.0,"gold_loss":0.0,"damage_taken":0.0},{"damage_healed":0.0,"max_hp_gain":0.0,"max_hp_loss":0.0,"gold_gain":0.0,"event_name":"Back to Basics","player_choice":"Simplicity","floor":20.0,"gold_loss":0.0,"damage_taken":0.0,"cards_upgraded":["Strike_B","Strike_B","Strike_B","Strike_B","Defend_B","Defend_B","Defend_B","Defend_B"]},{"damage_healed":0.0,"max_hp_gain":0.0,"max_hp_loss":38.0,"gold_gain":0.0,"event_name":"Ghosts","player_choice":"Became a Ghost","floor":22.0,"gold_loss":0.0,"damage_taken":0.0,"cards_obtained":["Ghostly","Ghostly","Ghostly"]},{"damage_healed":0.0,"max_hp_gain":0.0,"max_hp_loss":0.0,"gold_gain":0.0,"event_name":"Upgrade Shrine","player_choice":"Upgraded","floor":25.0,"gold_loss":0.0,"damage_taken":0.0,"cards_upgraded":["Ghostly"]},{"damage_healed":0,"gold_gain":0,"player_choice":"Gave Potion","damage_taken":0,"relics_obtained":["Mercury Hourglass"],"max_hp_gain":0,"max_hp_loss":0,"event_name":"WeMeetAgain","floor":36,"gold_loss":0},{"damage_healed":0,"gold_gain":0,"player_choice":"Max HP","damage_taken":0,"max_hp_gain":0,"max_hp_loss":2,"event_name":"Winding Halls","floor":38,"gold_loss":0},{"cards_removed":["Ball Lightning"],"damage_healed":0,"gold_gain":0,"player_choice":"Removed Attack","damage_taken":0,"max_hp_gain":0,"max_hp_loss":0,"event_name":"Falling","floor":48,"gold_loss":0}],"is_beta":true,"boss_relics":[{"not_picked":["Inserter","Runic Pyramid"],"picked":"Coffee Dripper"},{"not_picked":["Snecko Eye","Calling Bell"],"picked":"Nuclear Battery"}],"items_purged_floors":[],"is_endless":false,"potions_floor_spawned":[5,12,14,16,30,31,33,35,37,39,40,42,44,46,47],"killed_by":"Time Eater","ascension_level":20}