{"gold_per_floor":[117,117,132,132,148,148,7,7,34,59,59,59,93,105,105,183,183,201,230,16,16,16,51,51,65,65,65,84,84,110,130,130,208,208,226,238,238,138,149,481,481,703,752,752,159,171,188,221,221,221,221,221,221,25,58,58],"floor_reached":56,"playtime":3652,"items_purged":["Strike_B","Strike_B+1","Decay"],"score":1877,"play_id":"81797b33-eb9f-4818-a302-495850212309","local_time":"20200220013001","is_ascension_mode":true,"campfire_choices":[{"data":"Cold Snap","floor":6.0,"key":"SMITH"},{"data":"Static Discharge","floor":8.0,"key":"SMITH"},{"data":"Sunder","floor":15.0,"key":"SMITH"},{"floor":24.0,"key":"REST"},{"data":"Steam Power","floor":29.0,"key":"SMITH"},{"floor":32.0,"key":"REST"},{"floor":41.0,"key":"REST"},{"floor":44.0,"key":"RECALL"},{"floor":49.0,"key":"REST"},{"data":"Thunder Strike","floor":53.0,"key":"SMITH"}],"neow_cost":"NONE","seed_source_timestamp":685453987015200,"circlet_count":0,"master_deck":["AscendersBane","Strike_B+1","Defend_B+1","Defend_B+1","Defend_B+1","Defend_B+1","Zap+1","Dualcast","Gash","Cold Snap+1","Ball Lightning","Static Discharge+1","Echo Form","Go for the Eyes","Sunder+1","Electrodynamics+1","Defragment+1","Undo","Capacitor+1","Leap","Necronomicurse","Steam Power+1","Loop+1","Thunder Strike+1","BootSequence+1","Sweeping Beam+1","Heatsinks+1","Glacier+1","Dark Shackles+1","Rainbow+1","Conserve Battery+1","Leap+1","Conserve Battery+1","White Noise+1"],"special_seed":0,"relics":["Cracked Core","Boot","Centennial Puzzle","Bird Faced Urn","Frozen Egg 2","Velvet Choker","Red Mask","Necronomicon","Mercury Hourglass","Dead Branch","CaptainsWheel","Cursed Key","Old Coin","Toxic Egg 2","DataDisk","OrangePellets","Art of War"],"potions_floor_usage":[56,56],"damage_taken":[{"damage":2.0,"enemies":"Jaw Worm","floor":1.0,"turns":3.0},{"damage":0.0,"enemies":"2 Louse","floor":3.0,"turns":2.0},{"damage":5.0,"enemies":"Small Slimes","floor":5.0,"turns":3.0},{"damage":23.0,"enemies":"Gremlin Nob","floor":10.0,"turns":3.0},{"damage":11.0,"enemies":"Lagavulin","floor":13.0,"turns":5.0},{"damage":15.0,"enemies":"3 Louse","floor":14.0,"turns":2.0},{"damage":18.0,"enemies":"Hexaghost","floor":16.0,"turns":5.0},{"damage":13.0,"enemies":"3 Byrds","floor":18.0,"turns":3.0},{"damage":3.0,"enemies":"Masked Bandits","floor":19.0,"turns":2.0},{"damage":8.0,"enemies":"Book of Stabbing","floor":23.0,"turns":4.0},{"damage":0.0,"enemies":"Chosen","floor":25.0,"turns":2.0},{"damage":0.0,"enemies":"Centurion and Healer","floor":28.0,"turns":3.0},{"damage":26.0,"enemies":"Gremlin Leader","floor":30.0,"turns":5.0},{"damage":0.0,"enemies":"Cultist and Chosen","floor":31.0,"turns":5.0},{"damage":46.0,"enemies":"Collector","floor":33.0,"turns":8.0},{"damage":6.0,"enemies":"3 Shapes","floor":35.0,"turns":4.0},{"damage":12.0,"enemies":"Orb Walker","floor":36.0,"turns":3.0},{"damage":0.0,"enemies":"3 Darklings","floor":39.0,"turns":2.0},{"damage":52.0,"enemies":"Nemesis","floor":40.0,"turns":5.0},{"damage":3.0,"enemies":"4 Shapes","floor":46.0,"turns":7.0},{"damage":11.0,"enemies":"Maw","floor":47.0,"turns":5.0},{"damage":39.0,"enemies":"Giant Head","floor":48.0,"turns":7.0},{"damage":30.0,"enemies":"Donu and Deca","floor":50.0,"turns":8.0},{"damage":16.0,"enemies":"Time Eater","floor":51.0,"turns":12.0},{"damage":14.0,"enemies":"Shield and Spear","floor":55.0,"turns":8.0},{"damage":104,"enemies":"The Heart","floor":56,"turns":8}],"seed_played":"5894652196633457310","potions_obtained":[{"floor":5.0,"key":"Swift Potion"},{"floor":10.0,"key":"PotionOfCapacity"},{"floor":19.0,"key":"Fire Potion"},{"floor":35.0,"key":"AttackPotion"},{"floor":39.0,"key":"AttackPotion"},{"floor":48.0,"key":"Fruit Juice"},{"floor":55.0,"key":"FearPotion"}],"is_trial":false,"path_per_floor":["M","?","M","?","M","R","$","R","T","E","?","?","E","M","R","B",null,"M","?","$","?","?","E","R","M","T","$","M","R","E","M","R","B",null,"M","M","?","$","M","E","R","?","T","R","$","M","M","E","R","B","B",null,"R","$","E","B"],"character_chosen":"DEFECT","items_purchased":["Ball Lightning","Static Discharge","Capacitor+1","Leap","Toxic Egg 2","Glacier+1","Dark Shackles+1","OrangePellets","Conserve Battery+1"],"campfire_rested":4,"item_purchase_floors":[7,7,20,20,45,45,45,54,54],"current_hp_per_floor":[62,55,55,55,50,50,50,50,50,27,50,50,43,28,28,14,57,50,49,49,49,28,26,47,47,47,47,55,55,41,49,70,35,62,66,63,63,63,65,21,41,41,41,41,41,52,55,28,48,45,47,66,66,66,66,0],"gold":58,"neow_bonus":"RANDOM_COMMON_RELIC","is_prod":false,"is_daily":false,"chose_seed":false,"campfire_upgraded":5,"win_rate":0,"timestamp":1582162201,"path_taken":["M","?","M","?","M","R","$","R","T","E","?","?","E","M","R","BOSS","M","?","$","?","?","E","R","M","T","?","M","R","E","?","R","BOSS","M","M","?","$","M","E","R","?","T","R","?","?","M","E","R","BOSS","BOSS","R","$","E","BOSS"],"build_version":"2020-01-27","purchased_purges":3,"victory":false,"max_hp_per_floor":[71,71,71,71,71,71,71,71,71,71,71,71,71,71,71,71,71,71,71,71,71,71,71,71,71,71,71,71,71,71,71,71,71,71,71,71,67,67,67,67,67,67,67,67,67,67,67,67,67,72,72,72,72,72,72,72],"card_choices":[{"not_picked":["Scrape","Aggregate"],"picked":"Gash","floor":1.0},{"not_picked":["Go for the Eyes","Chaos"],"picked":"Cold Snap","floor":3.0},{"not_picked":["Turbo","Consume","Melter"],"picked":"SKIP","floor":5.0},{"not_picked":["Rebound","Streamline"],"picked":"Echo Form","floor":10.0},{"not_picked":["Blizzard","Streamline"],"picked":"Go for the Eyes","floor":13.0},{"not_picked":["Gash","Redo"],"picked":"Sunder","floor":14.0},{"not_picked":["Fission","Echo Form+1"],"picked":"Electrodynamics+1","floor":16.0},{"not_picked":["White Noise","Redo"],"picked":"Defragment+1","floor":18.0},{"not_picked":["Go for the Eyes","Skim"],"picked":"Undo","floor":19.0},{"not_picked":["Aggregate","Static Discharge+1"],"picked":"Steam Power","floor":23.0},{"not_picked":["Aggregate","Beam Cell","Lockon"],"picked":"SKIP","floor":25.0},{"not_picked":["Redo","Force Field"],"picked":"Loop+1","floor":28.0},{"not_picked":["Barrage","Conserve Battery","Sweeping Beam"],"picked":"SKIP","floor":30.0},{"not_picked":["Recycle","Hologram","Go for the Eyes"],"picked":"SKIP","floor":31.0},{"not_picked":["Creative AI+1","Electrodynamics+1"],"picked":"Thunder Strike","floor":33.0},{"not_picked":["Rebound","Capacitor+1"],"picked":"BootSequence+1","floor":35.0},{"not_picked":["Hologram","Turbo","Beam Cell"],"picked":"SKIP","floor":36.0},{"not_picked":["Streamline","Double Energy"],"picked":"Sweeping Beam+1","floor":39.0},{"not_picked":["Ball Lightning","Redo"],"picked":"Heatsinks+1","floor":40.0},{"not_picked":["Stack+1","Tempest+1"],"picked":"Rainbow+1","floor":46.0},{"not_picked":["Gash","Sunder"],"picked":"Conserve Battery+1","floor":47.0},{"not_picked":["Redo+1","Double Energy+1"],"picked":"Leap+1","floor":48.0},{"not_picked":["Hologram+1","Redo+1"],"picked":"White Noise+1","floor":55.0}],"player_experience":2296971,"relics_obtained":[{"floor":9.0,"key":"Centennial Puzzle"},{"floor":10.0,"key":"Bird Faced Urn"},{"floor":13.0,"key":"Frozen Egg 2"},{"floor":19.0,"key":"Red Mask"},{"floor":22.0,"key":"Necronomicon"},{"floor":23.0,"key":"Mercury Hourglass"},{"floor":26.0,"key":"Dead Branch"},{"floor":30.0,"key":"CaptainsWheel"},{"floor":40.0,"key":"Old Coin"},{"floor":48.0,"key":"DataDisk"},{"floor":55.0,"key":"Art of War"}],"event_choices":[{"cards_removed":["Strike_B"],"damage_healed":0.0,"max_hp_gain":0.0,"max_hp_loss":0.0,"gold_gain":0.0,"event_name":"Golden Wing","player_choice":"Card Removal","floor":2.0,"gold_loss":0.0,"damage_taken":7.0},{"damage_healed":0.0,"max_hp_gain":0.0,"max_hp_loss":0.0,"gold_gain":0.0,"event_name":"Living Wall","player_choice":"Grow","floor":4.0,"gold_loss":0.0,"damage_taken":0.0,"cards_upgraded":["Zap"]},{"damage_healed":23.0,"max_hp_gain":0.0,"max_hp_loss":0.0,"gold_gain":0.0,"event_name":"Big Fish","player_choice":"Banana","floor":11.0,"gold_loss":0.0,"damage_taken":0.0},{"damage_healed":0.0,"max_hp_gain":0.0,"max_hp_loss":0.0,"gold_gain":0.0,"event_name":"The Cleric","player_choice":"Leave","floor":12.0,"gold_loss":0.0,"damage_taken":0.0},{"damage_healed":0.0,"max_hp_gain":0.0,"max_hp_loss":0.0,"gold_gain":0.0,"event_name":"Masked Bandits","player_choice":"Fought Bandits","floor":19.0,"gold_loss":0.0,"damage_taken":0.0},{"damage_healed":0.0,"max_hp_gain":0.0,"max_hp_loss":0.0,"gold_gain":0.0,"event_name":"Back to Basics","player_choice":"Simplicity","floor":21.0,"gold_loss":0.0,"damage_taken":0.0,"cards_upgraded":["Strike_B","Strike_B","Defend_B","Defend_B","Defend_B","Defend_B"]},{"damage_healed":0.0,"max_hp_gain":0.0,"max_hp_loss":0.0,"gold_gain":0.0,"event_name":"Cursed Tome","player_choice":"Obtained Book","floor":22.0,"gold_loss":0.0,"damage_taken":21.0},{"damage_healed":0.0,"max_hp_gain":0.0,"max_hp_loss":4.0,"gold_gain":0.0,"event_name":"Winding Halls","player_choice":"Max HP","floor":37.0,"gold_loss":0.0,"damage_taken":0.0},{"damage_healed":0.0,"max_hp_gain":0.0,"max_hp_loss":0.0,"gold_gain":222.0,"event_name":"Tomb of Lord Red Mask","player_choice":"Wore Mask","floor":42.0,"gold_loss":0.0,"damage_taken":0.0}],"is_beta":true,"boss_relics":[{"not_picked":["SlaversCollar","Pandora\u0027s Box"],"picked":"Velvet Choker"},{"not_picked":["Black Star","Empty Cage"],"picked":"Cursed Key"}],"items_purged_floors":[20,38,45],"is_endless":false,"potions_floor_spawned":[5,10,18,19,35,36,39,48,55],"killed_by":"The Heart","ascension_level":20}