{"gold_per_floor":[109,109,159,169,180,209,209,42,42,42,56,56,89,89,89,166,166,183,200,200,250,264,264,291,201,201,201,215,28,28,28],"floor_reached":31,"playtime":1317,"items_purged":["Strike_B"],"score":522,"play_id":"bb8d7f28-754f-409c-aaba-82f08f4a2875","local_time":"20200219001036","is_ascension_mode":true,"campfire_choices":[{"data":"Zap","floor":7,"key":"SMITH"},{"data":"Go for the Eyes","floor":10,"key":"SMITH"},{"data":"Compile Driver","floor":15,"key":"SMITH"},{"floor":23,"key":"REST"},{"floor":27,"key":"REST"},{"data":"Defragment","floor":30,"key":"SMITH"}],"neow_cost":"NONE","seed_source_timestamp":596821839573400,"circlet_count":0,"master_deck":["AscendersBane","Strike_B","Strike_B+1","Defend_B","Defend_B","Defend_B","Defend_B","Zap+1","Dualcast","Ball Lightning+1","Cold Snap","Go for the Eyes+1","Compile Driver+1","Coolheaded","Machine Learning","Hyperbeam","Stack+1","Undo","Defragment+1","Capacitor"],"relics":["Cracked Core","NeowsBlessing","Shuriken","Whetstone","Mercury Hourglass","DataDisk","Black Star","Shovel","Strawberry","Juzu Bracelet","The Courier"],"potions_floor_usage":[22,24,24],"damage_taken":[{"damage":0,"enemies":"Jaw Worm","floor":1,"turns":1},{"damage":0,"enemies":"2 Louse","floor":4,"turns":1},{"damage":0,"enemies":"Cultist","floor":5,"turns":1},{"damage":26,"enemies":"Gremlin Nob","floor":6,"turns":4},{"damage":2,"enemies":"2 Fungi Beasts","floor":11,"turns":2},{"damage":5,"enemies":"3 Sentries","floor":13,"turns":6},{"damage":5,"enemies":"Hexaghost","floor":16,"turns":7},{"damage":16,"enemies":"Spheric Guardian","floor":18,"turns":4},{"damage":16,"enemies":"Shell Parasite","floor":19,"turns":7},{"damage":32,"enemies":"Snecko","floor":22,"turns":8},{"damage":26,"enemies":"Slavers","floor":24,"turns":4},{"damage":21,"enemies":"Snake Plant","floor":28,"turns":5},{"damage":16,"enemies":"Centurion and Healer","floor":31,"turns":4}],"seed_played":"-4483762462760987229","potions_obtained":[{"floor":4,"key":"Dexterity Potion"},{"floor":13,"key":"PowerPotion"},{"floor":16,"key":"Strength Potion"},{"floor":19,"key":"Regen Potion"},{"floor":22,"key":"Weak Potion"}],"is_trial":false,"path_per_floor":["M","?","?","M","M","E","R","$","T","R","M","$","E","?","R","B",null,"M","M","?","?","M","R","E","?","T","R","M","$","R","M"],"character_chosen":"DEFECT","items_purchased":["Whetstone","Defragment","Capacitor"],"campfire_rested":2,"item_purchase_floors":[8,29,29],"current_hp_per_floor":[64,64,64,64,64,38,38,38,38,38,36,36,31,31,31,26,60,44,28,28,28,11,32,13,13,13,36,15,15,15,0],"gold":28,"neow_bonus":"THREE_ENEMY_KILL","is_prod":false,"is_daily":false,"chose_seed":false,"campfire_upgraded":4,"win_rate":0,"timestamp":1582071036,"path_taken":["M","?","?","?","M","E","R","$","T","R","M","$","E","?","R","BOSS","M","M","?","?","M","R","E","?","T","R","M","$","R","M"],"build_version":"2020-01-27","purchased_purges":1,"victory":false,"max_hp_per_floor":[71,71,71,71,71,71,71,71,71,71,71,71,71,71,71,71,71,71,71,71,71,71,71,78,78,78,78,78,78,78,78],"card_choices":[{"not_picked":["Hologram","Compile Driver"],"picked":"Ball Lightning","floor":1},{"not_picked":["Darkness","Rebound"],"picked":"Cold Snap","floor":4},{"not_picked":["Hologram","Tempest"],"picked":"Go for the Eyes","floor":5},{"not_picked":["Multi-Cast","Hologram"],"picked":"Compile Driver","floor":6},{"not_picked":["Steam","Turbo"],"picked":"Coolheaded","floor":11},{"not_picked":["Cold Snap","Multi-Cast","Compile Driver"],"picked":"SKIP","floor":13},{"not_picked":["Fission","Amplify"],"picked":"Hyperbeam","floor":16},{"not_picked":["Steam","Leap"],"picked":"Stack+1","floor":18},{"not_picked":["Cold Snap","Turbo","Streamline"],"picked":"SKIP","floor":19},{"not_picked":["Turbo","Go for the Eyes"],"picked":"Undo","floor":22},{"not_picked":["Melter","Coolheaded","Lockon"],"picked":"SKIP","floor":24},{"not_picked":["Scrape","BootSequence","Turbo"],"picked":"SKIP","floor":28}],"player_experience":2291921,"relics_obtained":[{"floor":6,"key":"Shuriken"},{"floor":9,"key":"Mercury Hourglass"},{"floor":13,"key":"DataDisk"},{"floor":24,"key":"Shovel"},{"floor":24,"key":"Strawberry"},{"floor":26,"key":"The Courier"}],"event_choices":[{"damage_healed":0,"gold_gain":0,"player_choice":"Leave","damage_taken":0,"max_hp_gain":0,"max_hp_loss":0,"event_name":"The Cleric","floor":2,"gold_loss":0},{"damage_healed":0,"gold_gain":50,"player_choice":"Pray","damage_taken":0,"max_hp_gain":0,"max_hp_loss":0,"event_name":"Golden Shrine","floor":3,"gold_loss":0},{"damage_healed":0,"gold_gain":0,"cards_transformed":["Strike_B"],"player_choice":"Transformed","damage_taken":0,"max_hp_gain":0,"max_hp_loss":0,"event_name":"Transmorgrifier","floor":14,"gold_loss":0,"cards_obtained":["Machine Learning"]},{"damage_healed":0,"gold_gain":0,"player_choice":"Ignored","damage_taken":0,"max_hp_gain":0,"max_hp_loss":0,"event_name":"Vampires","floor":20,"gold_loss":0},{"damage_healed":0,"gold_gain":50,"player_choice":"Stole From Cult","damage_taken":0,"max_hp_gain":0,"max_hp_loss":0,"event_name":"Nest","floor":21,"gold_loss":0},{"damage_healed":0,"gold_gain":0,"player_choice":"Paid Gold","damage_taken":0,"relics_obtained":["Juzu Bracelet"],"max_hp_gain":0,"max_hp_loss":0,"event_name":"WeMeetAgain","floor":25,"gold_loss":90}],"is_beta":true,"boss_relics":[{"not_picked":["Nuclear Battery","Ectoplasm"],"picked":"Black Star"}],"items_purged_floors":[29],"is_endless":false,"potions_floor_spawned":[4,13,16,19,22],"killed_by":"Centurion and Healer","ascension_level":20}