{"gold_per_floor":[211,223,241,69,69,102,102,131,131,163,163,163,186,186],"floor_reached":14,"playtime":744,"items_purged":[],"score":216,"play_id":"71091464-7f2c-4a30-af3d-501c66110f55","local_time":"20200218234818","is_ascension_mode":true,"campfire_choices":[{"floor":7,"key":"REST"},{"floor":11,"key":"REST"}],"neow_cost":"NONE","seed_source_timestamp":596056889059900,"circlet_count":0,"master_deck":["AscendersBane","Strike_B","Strike_B","Strike_B","Strike_B","Defend_B","Defend_B","Defend_B","Defend_B","Zap","Dualcast","Capacitor","Genetic Algorithm","Cold Snap","Cold Snap","Glacier","Ball Lightning","Rainbow","Sweeping Beam"],"relics":["Cracked Core","Art of War","Peace Pipe","Kunai","Emotion Chip","Golden Idol"],"potions_floor_usage":[6,10],"damage_taken":[{"damage":5,"enemies":"Small Slimes","floor":1,"turns":4},{"damage":9,"enemies":"Jaw Worm","floor":2,"turns":4},{"damage":1,"enemies":"2 Louse","floor":3,"turns":3},{"damage":15,"enemies":"Lagavulin","floor":6,"turns":9},{"damage":25,"enemies":"3 Sentries","floor":8,"turns":11},{"damage":14,"enemies":"Lagavulin","floor":10,"turns":6},{"damage":6,"enemies":"Blue Slaver","floor":13,"turns":2},{"damage":21,"enemies":"3 Sentries","floor":14,"turns":2}],"seed_played":"4141931705382873950","potions_obtained":[{"floor":3,"key":"ColorlessPotion"},{"floor":6,"key":"BlessingOfTheForge"},{"floor":10,"key":"Energy Potion"}],"is_trial":false,"path_per_floor":["M","M","M","$","?","E","R","E","T","E","R","?","M","E"],"character_chosen":"DEFECT","items_purchased":["Fire Potion","Cold Snap","Glacier"],"campfire_rested":2,"item_purchase_floors":[4,4,4],"current_hp_per_floor":[59,50,49,49,38,23,44,19,19,5,26,26,20,0],"gold":186,"neow_bonus":"HUNDRED_GOLD","is_prod":false,"is_daily":false,"chose_seed":false,"campfire_upgraded":0,"win_rate":0,"timestamp":1582069698,"path_taken":["M","M","M","$","?","E","R","E","T","E","R","?","M","E"],"build_version":"2020-01-27","purchased_purges":0,"victory":false,"max_hp_per_floor":[71,71,71,71,71,71,71,71,71,71,71,64,64,64],"card_choices":[{"not_picked":["Leap","Barrage"],"picked":"Capacitor","floor":1},{"not_picked":["Melter","Redo"],"picked":"Genetic Algorithm","floor":2},{"not_picked":["Turbo","Gash"],"picked":"Cold Snap","floor":3},{"not_picked":["White Noise","Fusion"],"picked":"Ball Lightning","floor":6},{"not_picked":["Rebound","Conserve Battery"],"picked":"Rainbow","floor":8},{"not_picked":["Reprogram","Ball Lightning"],"picked":"Sweeping Beam","floor":10},{"not_picked":["Barrage","Sweeping Beam","Scrape"],"picked":"SKIP","floor":13}],"player_experience":2291177,"relics_obtained":[{"floor":6,"key":"Peace Pipe"},{"floor":9,"key":"Kunai"},{"floor":10,"key":"Emotion Chip"}],"event_choices":[{"damage_healed":0,"gold_gain":0,"player_choice":"Success","damage_taken":11,"relics_obtained":["Art of War"],"max_hp_gain":0,"max_hp_loss":0,"event_name":"Scrap Ooze","floor":5,"gold_loss":0},{"damage_healed":0,"gold_gain":0,"player_choice":"Lose Max HP","damage_taken":0,"relics_obtained":["Golden Idol"],"max_hp_gain":0,"max_hp_loss":7,"event_name":"Golden Idol","floor":12,"gold_loss":0}],"is_beta":true,"boss_relics":[],"items_purged_floors":[],"is_endless":false,"potions_floor_spawned":[3,6,10],"killed_by":"3 Sentries","ascension_level":20}