{"gold_per_floor":[114,125,142,142,162,162,189,27,27,352,155,155,165,197,197,274,274,291,291,24,24,43,43,76,87,111,126,151,43,43,61,61,61],"floor_reached":33,"playtime":1970,"items_purged":["Strike_B"],"score":595,"play_id":"f54c60dc-daee-4513-bfee-129848d440b1","local_time":"20200219234306","is_ascension_mode":true,"campfire_choices":[{"data":"Streamline","floor":6.0,"key":"SMITH"},{"floor":12.0,"key":"REST"},{"data":"Defragment","floor":15.0,"key":"SMITH"},{"data":"Biased Cognition","floor":23.0,"key":"SMITH"},{"data":"Doom and Gloom","floor":30,"key":"SMITH"},{"data":"Seek","floor":32,"key":"SMITH"}],"neow_cost":"NONE","seed_source_timestamp":680883078731100,"circlet_count":0,"master_deck":["AscendersBane","Strike_B","Strike_B","Defend_B","Defend_B","Defend_B","Defend_B","Zap","Dualcast","Sweeping Beam","Streamline+1","Compile Driver","Defragment+1","Ball Lightning","Loop","Reinforced Body","Biased Cognition+1","Seek+1","Leap","Glacier","Doom and Gloom+1","Static Discharge","Glacier","Ball Lightning"],"special_seed":0,"relics":["Cracked Core","Strawberry","Orichalcum","Singing Bowl","Old Coin","Blue Candle","Sozu","Enchiridion","OrangePellets","Art of War","Blood Vial","Centennial Puzzle"],"potions_floor_usage":[24],"damage_taken":[{"damage":0.0,"enemies":"2 Louse","floor":1.0,"turns":2.0},{"damage":1.0,"enemies":"Cultist","floor":2.0,"turns":3.0},{"damage":2.0,"enemies":"Jaw Worm","floor":3.0,"turns":3.0},{"damage":17.0,"enemies":"3 Louse","floor":5.0,"turns":4.0},{"damage":31.0,"enemies":"Gremlin Nob","floor":7.0,"turns":4.0},{"damage":6.0,"enemies":"3 Sentries","floor":10.0,"turns":5.0},{"damage":8.0,"enemies":"Red Slaver","floor":13.0,"turns":3.0},{"damage":20.0,"enemies":"Gremlin Nob","floor":14.0,"turns":4.0},{"damage":14.0,"enemies":"Hexaghost","floor":16.0,"turns":7.0},{"damage":22.0,"enemies":"Shell Parasite","floor":18.0,"turns":5.0},{"damage":18.0,"enemies":"3 Byrds","floor":22.0,"turns":4.0},{"damage":17,"enemies":"Gremlin Leader","floor":24,"turns":7},{"damage":9,"enemies":"Shelled Parasite and Fungi","floor":25,"turns":5},{"damage":0,"enemies":"Snecko","floor":27,"turns":4},{"damage":3,"enemies":"3 Cultists","floor":31,"turns":3},{"damage":52,"enemies":"Collector","floor":33,"turns":6}],"seed_played":"2263123329987305907","potions_obtained":[{"floor":1.0,"key":"BlessingOfTheForge"},{"floor":3.0,"key":"FocusPotion"},{"floor":16.0,"key":"BlessingOfTheForge"}],"is_trial":false,"path_per_floor":["M","M","M","?","M","R","E","$","T","E","$","R","M","E","R","B",null,"M","?","$","?","M","R","E","M","T","M","T","$","R","M","R","B"],"character_chosen":"DEFECT","items_purchased":["Orichalcum","Loop","DuplicationPotion","OrangePellets","Leap","Chill","Glacier","Ball Lightning"],"campfire_rested":1,"item_purchase_floors":[8,11,11,20,20,20,29,29],"current_hp_per_floor":[71,70,68,68,51,51,27,27,27,21,21,46,38,18,18,4,65,45,24,24,87,69,69,54,45,45,47,47,47,47,48,48,0],"gold":61,"neow_bonus":"TEN_PERCENT_HP_BONUS","is_prod":false,"is_daily":false,"chose_seed":false,"campfire_upgraded":5,"win_rate":0,"timestamp":1582155786,"path_taken":["M","M","M","?","M","R","E","?","T","E","$","R","M","E","R","BOSS","M","?","$","?","?","R","E","M","T","M","?","?","R","M","R","BOSS"],"build_version":"2020-01-27","purchased_purges":1,"victory":false,"max_hp_per_floor":[78,78,78,78,78,78,85,85,85,85,85,85,85,85,85,85,85,87,87,87,87,87,87,89,89,89,89,89,89,89,91,91,91],"card_choices":[{"not_picked":["BootSequence","Loop"],"picked":"Sweeping Beam","floor":1.0},{"not_picked":["Consume","Stack","Rebound"],"picked":"SKIP","floor":2.0},{"not_picked":["Leap","Barrage"],"picked":"Streamline","floor":3.0},{"not_picked":["Reprogram","Undo"],"picked":"Compile Driver","floor":5.0},{"not_picked":["Reboot","Leap"],"picked":"Defragment","floor":7.0},{"not_picked":["Reprogram","Darkness"],"picked":"Ball Lightning","floor":10.0},{"not_picked":["Rebound","Stack"],"picked":"Reinforced Body","floor":13.0},{"not_picked":["Stack","Chaos"],"picked":"Biased Cognition","floor":14.0},{"not_picked":["Biased Cognition","Fission"],"picked":"Seek","floor":16.0},{"not_picked":["Stack","Recycle","Aggregate"],"picked":"Singing Bowl","floor":18.0},{"not_picked":["Barrage","Fusion"],"picked":"Glacier","floor":22.0},{"not_picked":["Hologram","Force Field","Turbo"],"picked":"Singing Bowl","floor":24},{"not_picked":["Ball Lightning","Tempest"],"picked":"Doom and Gloom","floor":25},{"not_picked":["Compile Driver","Steam"],"picked":"Static Discharge","floor":27},{"not_picked":["Rebound","Fusion","Leap"],"picked":"Singing Bowl","floor":31}],"player_experience":2295001,"relics_obtained":[{"floor":7.0,"key":"Strawberry"},{"floor":9.0,"key":"Singing Bowl"},{"floor":10.0,"key":"Old Coin"},{"floor":14.0,"key":"Blue Candle"},{"floor":19.0,"key":"Enchiridion"},{"floor":24,"key":"Art of War"},{"floor":26,"key":"Blood Vial"},{"floor":28,"key":"Centennial Puzzle"}],"event_choices":[{"cards_removed":["Strike_B"],"damage_healed":0.0,"max_hp_gain":0.0,"max_hp_loss":0.0,"gold_gain":0.0,"event_name":"Purifier","player_choice":"Purged","floor":4.0,"gold_loss":0.0,"damage_taken":0.0},{"damage_healed":0.0,"max_hp_gain":0.0,"max_hp_loss":0.0,"gold_gain":0.0,"event_name":"Cursed Tome","player_choice":"Obtained Book","floor":19.0,"gold_loss":0.0,"damage_taken":21.0},{"cards_removed":["Chill"],"damage_healed":63.0,"max_hp_gain":0.0,"max_hp_loss":0.0,"gold_gain":0.0,"event_name":"Bonfire Elementals","player_choice":"Offered Uncommon","floor":21.0,"gold_loss":0.0,"damage_taken":0.0}],"is_beta":true,"boss_relics":[{"not_picked":["Black Star","Astrolabe"],"picked":"Sozu"}],"items_purged_floors":[11],"is_endless":false,"potions_floor_spawned":[1,3,5,7,14,16,18,22,31],"killed_by":"Collector","ascension_level":20}