{"gold_per_floor":[119,131,3,16,16,16,45,45,45,98,131,149,149,159,159,235,235,247,263,263,279,9,9,28,28,105,135,154,167,92,120,120,195,195,215,49,64,76,76,76,107,107,107,134,134,165,165,165,165,165],"floor_reached":50,"playtime":2651,"items_purged":["Strike_B"],"score":1256,"play_id":"29a4898c-d0c1-4cf7-86b3-8d15f6379a4d","local_time":"20200229210053","is_ascension_mode":true,"campfire_choices":[{"data":"Zap","floor":6,"key":"SMITH"},{"floor":8,"key":"REST"},{"floor":13,"key":"REST"},{"data":"Doom and Gloom","floor":15,"key":"SMITH"},{"data":"Biased Cognition","floor":23,"key":"SMITH"},{"data":"Sweeping Beam","floor":25,"key":"SMITH"},{"floor":32,"key":"REST"},{"floor":40,"key":"REST"},{"floor":45,"key":"REST"},{"floor":47,"key":"REST"},{"floor":49,"key":"RECALL"}],"neow_cost":"NONE","seed_source_timestamp":1534510691196300,"circlet_count":0,"master_deck":["AscendersBane","Defend_B","Defend_B","Defend_B","Defend_B","Zap+1","Dualcast","Ball Lightning","Ball Lightning","Doom and Gloom+1","Echo Form","Glacier","Conserve Battery","Biased Cognition+1","Chill+1","Stack+1","Undo+1","Sweeping Beam+1","Loop+1","Doubt","Conserve Battery+1"],"relics":["Cracked Core","HornCleat","Boot","White Beast Statue","Astrolabe","Mercury Hourglass","StoneCalendar","Juzu Bracelet","Cursed Key","OrangePellets","Art of War","Letter Opener","Toxic Egg 2","Shovel"],"potions_floor_usage":[4,7,11,16,16,21,21,27,29,31,31,33,41,46,46,50],"damage_taken":[{"damage":7,"enemies":"Cultist","floor":1,"turns":4},{"damage":4,"enemies":"Jaw Worm","floor":2,"turns":3},{"damage":0,"enemies":"Small Slimes","floor":4,"turns":2},{"damage":47,"enemies":"Gremlin Nob","floor":7,"turns":4},{"damage":15,"enemies":"3 Sentries","floor":11,"turns":5},{"damage":0,"enemies":"Exordium Thugs","floor":12,"turns":3},{"damage":0,"enemies":"Blue Slaver","floor":14,"turns":3},{"damage":4,"enemies":"Slime Boss","floor":16,"turns":4},{"damage":6,"enemies":"Shell Parasite","floor":18,"turns":7},{"damage":2,"enemies":"2 Thieves","floor":19,"turns":4},{"damage":0,"enemies":"Centurion and Healer","floor":21,"turns":8},{"damage":8,"enemies":"Snake Plant","floor":24,"turns":4},{"damage":0,"enemies":"Book of Stabbing","floor":27,"turns":5},{"damage":1,"enemies":"3 Cultists","floor":28,"turns":4},{"damage":7,"enemies":"Shelled Parasite and Fungi","floor":29,"turns":6},{"damage":13,"enemies":"Slavers","floor":31,"turns":3},{"damage":28,"enemies":"Champ","floor":33,"turns":15},{"damage":0,"enemies":"3 Shapes","floor":35,"turns":5},{"damage":11,"enemies":"3 Darklings","floor":37,"turns":5},{"damage":4,"enemies":"Sphere and 2 Shapes","floor":38,"turns":5},{"damage":65,"enemies":"Reptomancer","floor":41,"turns":8},{"damage":7,"enemies":"Giant Head","floor":44,"turns":7},{"damage":10,"enemies":"Nemesis","floor":46,"turns":5},{"damage":57,"enemies":"Donu and Deca","floor":50,"turns":12}],"seed_played":"6635615744884237161","potions_obtained":[{"floor":1,"key":"DistilledChaos"},{"floor":4,"key":"SkillPotion"},{"floor":7,"key":"BlessingOfTheForge"},{"floor":11,"key":"EssenceOfDarkness"},{"floor":12,"key":"SkillPotion"},{"floor":14,"key":"Energy Potion"},{"floor":16,"key":"AttackPotion"},{"floor":18,"key":"EssenceOfSteel"},{"floor":19,"key":"Energy Potion"},{"floor":21,"key":"Block Potion"},{"floor":24,"key":"Block Potion"},{"floor":27,"key":"Weak Potion"},{"floor":29,"key":"SkillPotion"},{"floor":31,"key":"SkillPotion"},{"floor":33,"key":"Weak Potion"},{"floor":35,"key":"Weak Potion"},{"floor":37,"key":"Strength Potion"},{"floor":41,"key":"FearPotion"},{"floor":46,"key":"BlessingOfTheForge"}],"is_trial":false,"path_per_floor":["M","M","$","M","$","R","E","R","T","?","E","M","R","M","R","B",null,"M","M","?","M","$","R","M","R","T","E","M","M","?","E","R","B",null,"M","$","M","M","$","R","E","?","T","E","R","E","R","?","R","B"],"character_chosen":"DEFECT","items_purchased":["Ball Lightning","Mercury Hourglass","OrangePellets"],"campfire_rested":6,"item_purchase_floors":[3,22,36],"current_hp_per_floor":[57,53,53,53,53,53,6,27,27,27,12,12,33,33,33,29,61,55,53,81,81,81,81,73,73,73,73,72,65,65,52,76,48,73,73,73,62,58,58,81,16,16,16,9,33,23,47,47,47,0],"gold":165,"neow_bonus":"ONE_RANDOM_RARE_CARD","is_prod":false,"is_daily":false,"chose_seed":false,"campfire_upgraded":4,"win_rate":0,"timestamp":1583010053,"path_taken":["M","M","$","M","?","R","E","R","T","?","E","M","R","?","R","BOSS","M","M","?","?","$","R","M","R","T","E","M","M","?","E","R","BOSS","M","$","M","M","$","R","E","?","T","E","R","E","R","?","R","BOSS"],"build_version":"2020-01-27","purchased_purges":1,"victory":false,"max_hp_per_floor":[71,71,71,71,71,71,71,71,71,71,71,71,71,71,71,71,71,71,71,81,81,81,81,81,81,81,81,81,81,81,81,81,81,81,81,81,81,81,81,81,81,81,81,81,81,81,81,77,77,77],"card_choices":[{"not_picked":["White Noise","Rip and Tear"],"picked":"Ball Lightning","floor":1},{"not_picked":["Redo","Gash","Conserve Battery"],"picked":"SKIP","floor":2},{"not_picked":["BootSequence","Blizzard","Heatsinks"],"picked":"SKIP","floor":4},{"not_picked":["White Noise","Compile Driver"],"picked":"Doom and Gloom","floor":7},{"not_picked":["Doom and Gloom","Reprogram"],"picked":"Echo Form","floor":11},{"not_picked":["Leap","Steam Power"],"picked":"Glacier","floor":12},{"not_picked":["Go for the Eyes","Lockon"],"picked":"Conserve Battery","floor":14},{"not_picked":["Multi-Cast","Buffer"],"picked":"Biased Cognition","floor":16},{"not_picked":["Gash","Streamline","Rebound"],"picked":"SKIP","floor":18},{"not_picked":["Melter","Ball Lightning"],"picked":"Buffer","floor":19},{"not_picked":["Static Discharge","Recycle","Barrage+1"],"picked":"SKIP","floor":21},{"not_picked":["Compile Driver","Undo"],"picked":"Sweeping Beam","floor":24},{"not_picked":["Heatsinks","Recycle","Conserve Battery"],"picked":"SKIP","floor":27},{"not_picked":["Blizzard","Compile Driver","Turbo"],"picked":"SKIP","floor":28},{"not_picked":["Redo","White Noise","Undo+1"],"picked":"SKIP","floor":29},{"not_picked":["Melter","Turbo","Static Discharge"],"picked":"SKIP","floor":31},{"not_picked":["Turbo","Rip and Tear"],"picked":"Loop+1","floor":35},{"not_picked":["Go for the Eyes","Stack","BootSequence+1"],"picked":"SKIP","floor":37},{"not_picked":["Consume","Reinforced Body","Auto Shields"],"picked":"SKIP","floor":38},{"not_picked":["Steam","Chaos","Amplify"],"picked":"SKIP","floor":41},{"not_picked":["Rebound","Fusion+1","Streamline"],"picked":"SKIP","floor":44},{"not_picked":["Steam+1","Streamline"],"picked":"Conserve Battery+1","floor":46}],"player_experience":2319449,"relics_obtained":[{"floor":7,"key":"HornCleat"},{"floor":9,"key":"Boot"},{"floor":11,"key":"White Beast Statue"},{"floor":27,"key":"StoneCalendar"},{"floor":31,"key":"Juzu Bracelet"},{"floor":41,"key":"Art of War"},{"floor":43,"key":"Letter Opener"},{"floor":44,"key":"Toxic Egg 2"},{"floor":46,"key":"Shovel"}],"event_choices":[{"damage_healed":0,"gold_gain":53,"player_choice":"Gained Gold","damage_taken":0,"max_hp_gain":0,"max_hp_loss":0,"event_name":"Golden Wing","floor":10,"gold_loss":0},{"cards_removed":["Buffer"],"damage_healed":18,"gold_gain":0,"player_choice":"Offered Rare","damage_taken":0,"max_hp_gain":10,"max_hp_loss":0,"event_name":"Bonfire Elementals","floor":20,"gold_loss":0},{"cards_removed":["Strike_B"],"damage_healed":0,"gold_gain":0,"player_choice":"Gave Gold","damage_taken":0,"max_hp_gain":0,"max_hp_loss":0,"event_name":"Beggar","floor":30,"gold_loss":75},{"damage_healed":0,"gold_gain":0,"player_choice":"Memory 1","damage_taken":0,"max_hp_gain":0,"max_hp_loss":0,"event_name":"SensoryStone","floor":42,"gold_loss":0},{"damage_healed":0,"gold_gain":0,"player_choice":"Max HP","damage_taken":0,"max_hp_gain":0,"max_hp_loss":4,"event_name":"Winding Halls","floor":48,"gold_loss":0}],"is_beta":true,"boss_relics":[{"not_picked":["Sozu","Coffee Dripper"],"picked":"Astrolabe"},{"not_picked":["SlaversCollar","Runic Pyramid"],"picked":"Cursed Key"}],"items_purged_floors":[3],"is_endless":false,"potions_floor_spawned":[1,4,7,11,12,14,16,18,19,21,24,27,28,29,31,33,35,37,38,41,44,46],"killed_by":"Donu and Deca","ascension_level":20}