{"gold_per_floor":[114,132,150,71,71,71,82,110,158,178,231,231,231,245,245,334,334,352,50,50,50,69,69,93,131,131,56,56,97,112,151,151,241,241,257,257,92,111,126,169,187,222,222,222,235,271,291,24,24,24,24,24,24,24,24],"floor_reached":55,"playtime":4455,"items_purged":["Strike_B","Strike_B"],"score":2234,"play_id":"0c2ea1a5-8692-4457-a1df-67b067fcde8c","local_time":"20200316211614","is_ascension_mode":true,"campfire_choices":[{"data":"Doom and Gloom","floor":6.0,"key":"SMITH"},{"floor":12.0,"key":"REST"},{"data":"Defragment","floor":15.0,"key":"SMITH"},{"floor":23.0,"key":"RECALL"},{"floor":28.0,"key":"REST"},{"floor":32.0,"key":"REST"},{"floor":44.0,"key":"REST"},{"data":"Strike_B","floor":49.0,"key":"PURGE"},{"data":"Zap","floor":53,"key":"PURGE"}],"neow_cost":"NONE","seed_source_timestamp":0,"circlet_count":0,"master_deck":["AscendersBane","Strike_B+1","Defend_B","Defend_B","Defend_B","Defend_B","Dualcast","Go for the Eyes","Doom and Gloom+1","Defragment+1","Cold Snap","Core Surge+1","Compile Driver","Biased Cognition","Defragment","Undo","Ghostly","Ghostly","Ghostly","Skim+1","Loop+1","Buffer+1","Darkness+1","Buffer+1","Echo Form+1","Genetic Algorithm+1","Coolheaded","Reinforced Body+1"],"special_seed":0,"relics":["Cracked Core","Boot","Matryoshka","Oddly Smooth Stone","Bag of Marbles","Golden Idol","Fusion Hammer","Cables","Frozen Egg 2","Whetstone","Blue Candle","WingedGreaves","PreservedInsect","Letter Opener","Snecko Eye","Runic Capacitor","HornCleat","Mercury Hourglass","Peace Pipe","Frozen Eye"],"potions_floor_usage":[],"damage_taken":[{"damage":3.0,"enemies":"2 Louse","floor":1.0,"turns":2.0},{"damage":7.0,"enemies":"Jaw Worm","floor":2.0,"turns":4.0},{"damage":0.0,"enemies":"Small Slimes","floor":3.0,"turns":3.0},{"damage":22.0,"enemies":"Exordium Wildlife","floor":7.0,"turns":5.0},{"damage":22.0,"enemies":"Lagavulin","floor":8.0,"turns":7.0},{"damage":1.0,"enemies":"Blue Slaver","floor":10.0,"turns":3.0},{"damage":0.0,"enemies":"2 Fungi Beasts","floor":14.0,"turns":2.0},{"damage":14.0,"enemies":"The Guardian","floor":16.0,"turns":10.0},{"damage":14.0,"enemies":"2 Thieves","floor":18.0,"turns":3.0},{"damage":3.0,"enemies":"Shell Parasite","floor":22.0,"turns":4.0},{"damage":0.0,"enemies":"Cultist and Chosen","floor":24.0,"turns":6.0},{"damage":0.0,"enemies":"Gremlin Leader","floor":25.0,"turns":5.0},{"damage":16.0,"enemies":"Slavers","floor":29.0,"turns":5.0},{"damage":0.0,"enemies":"Centurion and Healer","floor":30.0,"turns":5.0},{"damage":0.0,"enemies":"Gremlin Leader","floor":31.0,"turns":5.0},{"damage":6.0,"enemies":"Collector","floor":33.0,"turns":11.0},{"damage":0.0,"enemies":"3 Shapes","floor":35.0,"turns":6.0},{"damage":0.0,"enemies":"3 Darklings","floor":38.0,"turns":5.0},{"damage":0.0,"enemies":"Jaw Worm Horde","floor":39.0,"turns":5.0},{"damage":1.0,"enemies":"Reptomancer","floor":40.0,"turns":7.0},{"damage":4.0,"enemies":"4 Shapes","floor":41.0,"turns":5.0},{"damage":5.0,"enemies":"Nemesis","floor":42.0,"turns":5.0},{"damage":0.0,"enemies":"Spire Growth","floor":45.0,"turns":7.0},{"damage":0.0,"enemies":"Giant Head","floor":46.0,"turns":6.0},{"damage":0.0,"enemies":"3 Darklings","floor":47.0,"turns":3.0},{"damage":12.0,"enemies":"Awakened One","floor":50.0,"turns":15.0},{"damage":0.0,"enemies":"Donu and Deca","floor":51.0,"turns":11.0},{"damage":81,"enemies":"Shield and Spear","floor":55,"turns":6}],"seed_played":"6771288865408737648","potions_obtained":[{"floor":2.0,"key":"AttackPotion"},{"floor":8.0,"key":"SmokeBomb"},{"floor":10.0,"key":"LiquidMemories"},{"floor":18.0,"key":"PowerPotion"},{"floor":29.0,"key":"Regen Potion"},{"floor":39.0,"key":"SteroidPotion"},{"floor":40.0,"key":"SkillPotion"},{"floor":47.0,"key":"Strength Potion"}],"is_trial":false,"path_per_floor":["M","M","M","$","?","R","M","E","T","M","?","R","?","M","R","B",null,"M","$","?","T","M","R","M","E","T","$","R","E","M","E","R","B",null,"M","?","$","M","M","E","M","E","T","R","M","E","M","$","R","B","B",null,"R","$","E"],"character_chosen":"DEFECT","items_purchased":["Defragment","Cables","Undo","Runic Capacitor","Frozen Eye"],"campfire_rested":4,"item_purchase_floors":[4,19,19,37,48],"current_hp_per_floor":[61,54,54,54,54,54,32,10,10,9,9,30,30,30,30,16,52,38,38,32,32,29,29,29,29,29,29,32,16,16,30,32,26,31,31,31,31,31,31,30,26,21,21,30,30,30,30,30,30,18,18,29,29,29,0],"gold":24,"neow_bonus":"RANDOM_COMMON_RELIC","is_prod":false,"is_daily":false,"chose_seed":false,"campfire_upgraded":2,"win_rate":0,"timestamp":1584393374,"path_taken":["M","M","M","$","?","R","M","E","T","M","?","R","?","?","R","BOSS","M","$","?","?","M","R","M","E","T","?","R","E","?","E","R","BOSS","M","?","$","M","M","E","M","E","T","R","M","E","M","$","R","BOSS","BOSS","R","$","E"],"build_version":"2020-03-05","purchased_purges":2,"victory":false,"max_hp_per_floor":[71,71,71,71,71,71,71,71,71,71,71,71,64,64,64,64,64,64,64,32,32,32,32,32,32,32,32,32,32,32,32,32,32,32,32,32,32,32,32,32,32,32,32,32,32,32,32,32,32,32,32,32,32,32,32],"card_choices":[{"not_picked":["Turbo","Stack","Rebound"],"picked":"SKIP","floor":1.0},{"not_picked":["Steam","Rebound"],"picked":"Go for the Eyes","floor":2.0},{"not_picked":["Sweeping Beam","Loop"],"picked":"Doom and Gloom","floor":3.0},{"not_picked":["Static Discharge","Tempest"],"picked":"Cold Snap","floor":7.0},{"not_picked":["Rainbow","Leap"],"picked":"Core Surge","floor":8.0},{"not_picked":["Streamline","Barrage"],"picked":"Compile Driver","floor":10.0},{"not_picked":["Rainbow","Go for the Eyes","Tempest"],"picked":"SKIP","floor":14.0},{"not_picked":["All For One","Thunder Strike"],"picked":"Biased Cognition","floor":16.0},{"not_picked":["Rip and Tear","Stack+1"],"picked":"Defragment","floor":18.0},{"not_picked":["Rebound","Storm+1"],"picked":"Skim+1","floor":22.0},{"not_picked":["Rip and Tear+1","Barrage","Streamline+1"],"picked":"SKIP","floor":24.0},{"not_picked":["Double Energy","Beam Cell"],"picked":"Loop+1","floor":25.0},{"not_picked":["Streamline+1","Conserve Battery"],"picked":"Buffer+1","floor":29.0},{"not_picked":["Chill","Conserve Battery"],"picked":"Darkness+1","floor":30.0},{"not_picked":["Sweeping Beam","Gash"],"picked":"Buffer+1","floor":31.0},{"not_picked":["Amplify","Buffer+1"],"picked":"Echo Form+1","floor":33.0},{"not_picked":["Gash","Lockon","Turbo"],"picked":"SKIP","floor":35.0},{"not_picked":["Leap","Rebound+1","Go for the Eyes+1"],"picked":"SKIP","floor":38.0},{"not_picked":["Beam Cell","Meteor Strike"],"picked":"Genetic Algorithm+1","floor":39.0},{"not_picked":["Beam Cell","Undo"],"picked":"Coolheaded","floor":40.0},{"not_picked":["Leap","Conserve Battery","Cold Snap"],"picked":"SKIP","floor":41.0},{"not_picked":["Compile Driver","Reprogram+1","Reboot"],"picked":"SKIP","floor":42.0},{"not_picked":["BootSequence","Hologram","Gash"],"picked":"SKIP","floor":45.0},{"not_picked":["Barrage","Gash","Fusion"],"picked":"SKIP","floor":46.0},{"not_picked":["Streamline+1","Beam Cell"],"picked":"Reinforced Body+1","floor":47.0}],"player_experience":2322100,"relics_obtained":[{"floor":8.0,"key":"Matryoshka"},{"floor":9.0,"key":"Oddly Smooth Stone"},{"floor":9.0,"key":"Bag of Marbles"},{"floor":21.0,"key":"Frozen Egg 2"},{"floor":21.0,"key":"Whetstone"},{"floor":25.0,"key":"Blue Candle"},{"floor":26.0,"key":"WingedGreaves"},{"floor":29.0,"key":"PreservedInsect"},{"floor":31.0,"key":"Letter Opener"},{"floor":40.0,"key":"HornCleat"},{"floor":42.0,"key":"Mercury Hourglass"},{"floor":46.0,"key":"Peace Pipe"}],"event_choices":[{"damage_healed":0.0,"max_hp_gain":0.0,"max_hp_loss":0.0,"gold_gain":0.0,"event_name":"Shining Light","player_choice":"Ignored","floor":5.0,"gold_loss":0.0,"damage_taken":0.0},{"damage_healed":0.0,"max_hp_gain":0.0,"max_hp_loss":0.0,"gold_gain":53.0,"event_name":"Golden Wing","player_choice":"Gained Gold","floor":11.0,"gold_loss":0.0,"damage_taken":0.0},{"damage_healed":0.0,"max_hp_gain":0.0,"max_hp_loss":7.0,"gold_gain":0.0,"event_name":"Golden Idol","player_choice":"Lose Max HP","floor":13.0,"gold_loss":0.0,"damage_taken":0.0,"relics_obtained":["Golden Idol"]},{"damage_healed":0.0,"max_hp_gain":0.0,"max_hp_loss":32.0,"gold_gain":0.0,"event_name":"Ghosts","player_choice":"Became a Ghost","floor":20.0,"gold_loss":0.0,"damage_taken":0.0,"cards_obtained":["Ghostly","Ghostly","Ghostly"]},{"damage_healed":0.0,"max_hp_gain":0.0,"max_hp_loss":0.0,"gold_gain":0.0,"event_name":"Tomb of Lord Red Mask","player_choice":"Ignored","floor":36.0,"gold_loss":0.0,"damage_taken":0.0}],"is_beta":true,"boss_relics":[{"not_picked":["Calling Bell","Sozu"],"picked":"Fusion Hammer"},{"not_picked":["Black Star","Busted Crown"],"picked":"Snecko Eye"}],"items_purged_floors":[27,48],"is_endless":false,"potions_floor_spawned":[2,8,10,18,24,25,29,39,40,47],"killed_by":"Shield and Spear","ascension_level":20}