{"gold_per_floor":[115,130,205,170,170,197,197,225,225,225,243,6,6,16,16,90,90,107,107,22,40,60,60,72,102,102,102,136,161,30,42,42,118,118,133,145,158,183,39,39,261,306,306,334,353,372,400,419,419,419,419,419,419,2,33,33],"floor_reached":57,"playtime":5354,"items_purged":["Strike_B","Strike_B","Strike_B","Dualcast"],"score":2895,"play_id":"bf917892-edd9-4744-8633-95610e441ee6","local_time":"20200327211042","is_ascension_mode":true,"campfire_choices":[{"data":"Sunder","floor":7.0,"key":"SMITH"},{"data":"Static Discharge","floor":10.0,"key":"SMITH"},{"data":"Compile Driver","floor":13.0,"key":"SMITH"},{"data":"Cold Snap","floor":15.0,"key":"SMITH"},{"data":"Coolheaded","floor":23.0,"key":"SMITH"},{"data":"Compile Driver","floor":27.0,"key":"SMITH"},{"data":"Consume","floor":32.0,"key":"SMITH"},{"floor":40.0,"key":"RECALL"},{"floor":49,"key":"REST"},{"floor":53,"key":"REST"}],"neow_cost":"NONE","seed_source_timestamp":0,"circlet_count":0,"master_deck":["AscendersBane","Defend_B+1","Defend_B+1","Defend_B","Defend_B","Zap+1","Compile Driver+1","Conserve Battery","Sunder+1","Static Discharge+1","Glacier","Coolheaded+1","Cold Snap+1","Creative AI","Sweeping Beam","Sweeping Beam","Compile Driver+1","Undo","Storm","Heatsinks","Consume+1","Meteor Strike","Coolheaded+1","Meteor Strike","Hologram+1","Capacitor","Undo","Echo Form"],"special_seed":0,"relics":["Cracked Core","PreservedInsect","Bird Faced Urn","Ornamental Fan","Membership Card","Snecko Eye","War Paint","Oddly Smooth Stone","Bottled Tornado","Orichalcum","Red Mask","Runic Capacitor","Fusion Hammer","Torii","Lizard Tail","Centennial Puzzle","StoneCalendar","Ice Cream","OrangePellets","Mango"],"potions_floor_usage":[42,51,56,56,56,56],"damage_taken":[{"damage":4.0,"enemies":"Jaw Worm","floor":1.0,"turns":4.0},{"damage":6.0,"enemies":"2 Louse","floor":2.0,"turns":3.0},{"damage":25.0,"enemies":"Lagavulin","floor":6.0,"turns":8.0},{"damage":2.0,"enemies":"Gremlin Nob","floor":8.0,"turns":3.0},{"damage":0.0,"enemies":"Small Slimes","floor":11.0,"turns":1.0},{"damage":1.0,"enemies":"Looter","floor":14.0,"turns":4.0},{"damage":20.0,"enemies":"The Guardian","floor":16.0,"turns":14.0},{"damage":24.0,"enemies":"2 Thieves","floor":18.0,"turns":4.0},{"damage":14.0,"enemies":"Spheric Guardian","floor":21.0,"turns":6.0},{"damage":5.0,"enemies":"Shelled Parasite and Fungi","floor":22.0,"turns":10.0},{"damage":15.0,"enemies":"Centurion and Healer","floor":24.0,"turns":9.0},{"damage":3.0,"enemies":"Book of Stabbing","floor":25.0,"turns":3.0},{"damage":4.0,"enemies":"Gremlin Leader","floor":28.0,"turns":6.0},{"damage":57.0,"enemies":"Masked Bandits","floor":29.0,"turns":6.0},{"damage":17.0,"enemies":"Snecko","floor":31.0,"turns":18.0},{"damage":0.0,"enemies":"Automaton","floor":33.0,"turns":9.0},{"damage":3.0,"enemies":"3 Darklings","floor":35.0,"turns":4.0},{"damage":4.0,"enemies":"Orb Walker","floor":36.0,"turns":4.0},{"damage":6.0,"enemies":"4 Shapes","floor":37.0,"turns":3.0},{"damage":0.0,"enemies":"Mind Bloom Boss Battle","floor":38.0,"turns":3.0},{"damage":12,"enemies":"2 Orb Walkers","floor":42,"turns":4},{"damage":1,"enemies":"Giant Head","floor":44,"turns":5},{"damage":12,"enemies":"Maw","floor":45,"turns":5},{"damage":0,"enemies":"3 Darklings","floor":46,"turns":3},{"damage":0,"enemies":"Nemesis","floor":47,"turns":3},{"damage":10,"enemies":"Sphere and 2 Shapes","floor":48,"turns":5},{"damage":0,"enemies":"Time Eater","floor":50,"turns":13},{"damage":8,"enemies":"Awakened One","floor":51,"turns":12},{"damage":8,"enemies":"Shield and Spear","floor":55,"turns":6},{"damage":58,"enemies":"The Heart","floor":56,"turns":9}],"seed_played":"8491168317855922547","potions_obtained":[{"floor":6.0,"key":"FocusPotion"},{"floor":8.0,"key":"SkillPotion"},{"floor":25.0,"key":"BlessingOfTheForge"},{"floor":36.0,"key":"Block Potion"},{"floor":46,"key":"BlessingOfTheForge"},{"floor":48,"key":"EssenceOfSteel"}],"is_trial":false,"path_per_floor":["M","M","?","?","?","E","R","E","T","R","M","$","R","M","R","B",null,"M","?","?","M","M","R","M","E","T","R","E","?","$","M","R","B",null,"M","M","M","?","$","R","?","?","T","E","M","M","E","M","R","B","B",null,"R","$","E","B",null],"character_chosen":"DEFECT","items_purchased":["Membership Card","Coolheaded","Runic Capacitor","Meteor Strike","Ice Cream","OrangePellets","Undo","EntropicBrew"],"campfire_rested":2,"item_purchase_floors":[12,12,30,39,54,54,54,54],"current_hp_per_floor":[60,54,43,60,60,35,35,33,33,33,33,33,33,34,34,16,57,37,51,51,45,60,60,71,68,68,68,71,18,18,71,71,71,71,71,71,71,71,71,71,71,67,67,71,71,71,71,65,71,71,71,71,71,71,85,54],"gold":33,"neow_bonus":"REMOVE_CARD","is_prod":false,"is_daily":false,"chose_seed":false,"campfire_upgraded":7,"win_rate":0,"timestamp":1585343442,"path_taken":["M","M","?","?","?","E","R","E","T","R","M","?","R","M","R","BOSS","M","?","?","M","M","R","M","E","T","R","E","?","?","?","R","BOSS","M","M","M","?","$","R","?","?","T","E","M","M","E","M","R","BOSS","BOSS","R","$","E","BOSS"],"build_version":"2020-03-05","purchased_purges":4,"victory":true,"max_hp_per_floor":[71,71,71,71,71,71,71,71,71,71,71,71,71,71,71,71,71,71,71,71,71,71,71,71,71,71,71,71,71,71,71,71,71,71,71,71,71,71,71,71,71,71,71,71,71,71,71,71,71,71,71,71,71,71,85,85],"card_choices":[{"not_picked":["Beam Cell","FTL"],"picked":"Compile Driver","floor":1.0},{"not_picked":["Double Energy","Gash"],"picked":"Conserve Battery","floor":2.0},{"not_picked":["Reinforced Body","Lockon"],"picked":"Sunder","floor":6.0},{"not_picked":["Sweeping Beam","Turbo"],"picked":"Static Discharge","floor":8.0},{"not_picked":["Hello World","Barrage"],"picked":"Glacier","floor":11.0},{"not_picked":["Aggregate","Seek"],"picked":"Cold Snap","floor":14.0},{"not_picked":["Amplify","Meteor Strike"],"picked":"Creative AI","floor":16.0},{"not_picked":["Hologram","Ball Lightning"],"picked":"Sweeping Beam","floor":18.0},{"not_picked":["Turbo","Hologram"],"picked":"Sweeping Beam","floor":21.0},{"not_picked":["Gash","Chill+1"],"picked":"Compile Driver","floor":22.0},{"not_picked":["Chill+1","Steam+1","Stack"],"picked":"SKIP","floor":24.0},{"not_picked":["Reprogram","Amplify"],"picked":"Undo","floor":25.0},{"not_picked":["Rebound+1","Tempest"],"picked":"Storm","floor":28.0},{"not_picked":["Static Discharge","Sweeping Beam"],"picked":"Heatsinks","floor":29.0},{"not_picked":["Hello World","Double Energy"],"picked":"Consume","floor":31.0},{"not_picked":["Amplify","Creative AI"],"picked":"Meteor Strike","floor":33.0},{"not_picked":["Compile Driver","Ball Lightning","Hello World"],"picked":"SKIP","floor":35.0},{"not_picked":["Chill","Double Energy","Gash"],"picked":"SKIP","floor":36.0},{"not_picked":["Recycle","Gash+1"],"picked":"Coolheaded+1","floor":37.0},{"not_picked":["Rebound","Hyperbeam","Barrage"],"picked":"SKIP","floor":44},{"not_picked":["Barrage","Fusion"],"picked":"Hologram+1","floor":45},{"not_picked":["Leap","Fusion+1","Hologram+1"],"picked":"SKIP","floor":46},{"not_picked":["Go for the Eyes","FTL+1"],"picked":"Capacitor","floor":47},{"not_picked":["Hologram+1","Turbo","Sweeping Beam"],"picked":"SKIP","floor":48},{"not_picked":["Gash","Meteor Strike"],"picked":"Echo Form","floor":55}],"player_experience":2326555,"relics_obtained":[{"floor":6.0,"key":"PreservedInsect"},{"floor":8.0,"key":"Bird Faced Urn"},{"floor":9.0,"key":"Ornamental Fan"},{"floor":25.0,"key":"Oddly Smooth Stone"},{"floor":26.0,"key":"Bottled Tornado"},{"floor":28.0,"key":"Orichalcum"},{"floor":29.0,"key":"Red Mask"},{"floor":38.0,"key":"Torii"},{"floor":42,"key":"Lizard Tail"},{"floor":44,"key":"Centennial Puzzle"},{"floor":47,"key":"StoneCalendar"},{"floor":55,"key":"Mango"}],"event_choices":[{"damage_healed":0.0,"max_hp_gain":0.0,"max_hp_loss":0.0,"gold_gain":75.0,"event_name":"World of Goop","player_choice":"Gather Gold","floor":3.0,"gold_loss":0.0,"damage_taken":11.0},{"damage_healed":17.0,"max_hp_gain":0.0,"max_hp_loss":0.0,"gold_gain":0.0,"event_name":"The Cleric","player_choice":"Healed","floor":4.0,"gold_loss":35.0,"damage_taken":0.0},{"damage_healed":0.0,"max_hp_gain":0.0,"max_hp_loss":0.0,"gold_gain":0.0,"event_name":"Living Wall","player_choice":"Grow","floor":5.0,"gold_loss":0.0,"damage_taken":0.0,"cards_upgraded":["Zap"]},{"damage_healed":14.0,"max_hp_gain":0.0,"max_hp_loss":0.0,"gold_gain":0.0,"event_name":"The Library","player_choice":"Heal","floor":19.0,"gold_loss":0.0,"damage_taken":0.0},{"damage_healed":0.0,"max_hp_gain":0.0,"max_hp_loss":0.0,"gold_gain":0.0,"event_name":"Addict","player_choice":"Obtained Relic","floor":20.0,"gold_loss":85.0,"damage_taken":0.0,"relics_obtained":["War Paint"]},{"damage_healed":0.0,"max_hp_gain":0.0,"max_hp_loss":0.0,"gold_gain":0.0,"event_name":"Masked Bandits","player_choice":"Fought Bandits","floor":29.0,"gold_loss":0.0,"damage_taken":0.0},{"damage_healed":0.0,"max_hp_gain":0.0,"max_hp_loss":0.0,"gold_gain":0.0,"event_name":"MindBloom","player_choice":"Fight","floor":38.0,"gold_loss":0.0,"damage_taken":0.0},{"damage_healed":0.0,"max_hp_gain":0.0,"max_hp_loss":0.0,"gold_gain":222.0,"event_name":"Tomb of Lord Red Mask","player_choice":"Wore Mask","floor":41.0,"gold_loss":0.0,"damage_taken":0.0},{"damage_healed":0,"gold_gain":0,"player_choice":"Fight","damage_taken":0,"max_hp_gain":0,"max_hp_loss":0,"event_name":"Mysterious Sphere","floor":42,"gold_loss":0}],"is_beta":true,"boss_relics":[{"not_picked":["Tiny House","Philosopher\u0027s Stone"],"picked":"Snecko Eye"},{"not_picked":["Coffee Dripper","Empty Cage"],"picked":"Fusion Hammer"}],"items_purged_floors":[12,30,39,54],"is_endless":false,"potions_floor_spawned":[6,8,14,25,28,29,31,36,38,46,48],"ascension_level":20}