{"gold_per_floor":[117,117,117,136,151,151,179,197,224,224,9,43,58,87,87,160,160,179,189,189,189,0,32,32,42,67,77,93,93,119,136,136,211,211,221,221,236,261,136,171,184,213,237,257,268,294,294,308,308,308,308,308,308,80,105,105],"floor_reached":57,"playtime":5605,"items_purged":["Strike_B","Strike_B","Self Repair"],"score":2908,"play_id":"32e43a13-94d6-4694-adc4-50cc60ab9dde","local_time":"20200523152348","is_ascension_mode":true,"campfire_choices":[{"data":"Compile Driver","floor":6,"key":"SMITH"},{"floor":10,"key":"REST"},{"data":"Defragment","floor":15,"key":"SMITH"},{"data":"Thunder Strike","floor":24,"key":"SMITH"},{"data":"Buffer","floor":29,"key":"SMITH"},{"data":"Capacitor","floor":32,"key":"SMITH"},{"floor":47,"key":"RECALL"},{"data":"Coolheaded","floor":49,"key":"SMITH"},{"data":"Reinforced Body","floor":53,"key":"SMITH"}],"neow_cost":"NONE","seed_source_timestamp":2200664289080560,"circlet_count":0,"master_deck":["AscendersBane","Defend_B+1","Defend_B","Defend_B+1","Zap+1","Dualcast","Genetic Algorithm","Compile Driver+1","Reinforced Body+1","Ball Lightning","Defragment+1","Cold Snap","Thunder Strike+1","Genetic Algorithm","Rainbow","Cold Snap","Doom and Gloom+1","Capacitor+1","Genetic Algorithm+1","Buffer+1","Creative AI","Self Repair+1","Meteor Strike+1","Tempest+1","Reinforced Body+1","Storm+1","Coolheaded+1","Reinforced Body+1"],"relics":["Cracked Core","War Paint","Nunchaku","Art of War","Cables","Snecko Eye","Enchiridion","Torii","Orichalcum","Happy Flower","Astrolabe","Thread and Needle","Sundial","Oddly Smooth Stone","Kunai","Medical Kit","Bag of Marbles"],"potions_floor_usage":[12,30,40,50,56,56],"damage_taken":[{"damage":5,"enemies":"Small Slimes","floor":1,"turns":3},{"damage":9,"enemies":"2 Louse","floor":4,"turns":3},{"damage":10,"enemies":"Jaw Worm","floor":5,"turns":4},{"damage":39,"enemies":"Gremlin Nob","floor":7,"turns":4},{"damage":1,"enemies":"Looter","floor":8,"turns":4},{"damage":16,"enemies":"3 Sentries","floor":12,"turns":6},{"damage":9,"enemies":"Red Slaver","floor":13,"turns":3},{"damage":12,"enemies":"Lagavulin","floor":14,"turns":6},{"damage":21,"enemies":"Slime Boss","floor":16,"turns":7},{"damage":2,"enemies":"Chosen","floor":18,"turns":3},{"damage":4,"enemies":"Shell Parasite","floor":19,"turns":4},{"damage":0,"enemies":"Gremlin Leader","floor":23,"turns":5},{"damage":9,"enemies":"Snake Plant","floor":25,"turns":3},{"damage":0,"enemies":"Snecko","floor":27,"turns":5},{"damage":0,"enemies":"Chosen and Byrds","floor":28,"turns":4},{"damage":18,"enemies":"Slavers","floor":30,"turns":4},{"damage":2,"enemies":"Centurion and Healer","floor":31,"turns":8},{"damage":1,"enemies":"Automaton","floor":33,"turns":9},{"damage":0,"enemies":"Orb Walker","floor":35,"turns":3},{"damage":0,"enemies":"3 Shapes","floor":37,"turns":9},{"damage":0,"enemies":"Mind Bloom Boss Battle","floor":38,"turns":4},{"damage":17,"enemies":"Reptomancer","floor":40,"turns":8},{"damage":0,"enemies":"Maw","floor":41,"turns":7},{"damage":0,"enemies":"Nemesis","floor":42,"turns":5},{"damage":0,"enemies":"Jaw Worm Horde","floor":44,"turns":4},{"damage":0,"enemies":"Spire Growth","floor":45,"turns":4},{"damage":0,"enemies":"Giant Head","floor":46,"turns":5},{"damage":0,"enemies":"4 Shapes","floor":48,"turns":5},{"damage":7,"enemies":"Time Eater","floor":50,"turns":9},{"damage":22,"enemies":"Donu and Deca","floor":51,"turns":9},{"damage":0,"enemies":"Shield and Spear","floor":55,"turns":5},{"damage":23,"enemies":"The Heart","floor":56,"turns":12}],"seed_played":"7672957062684994152","potions_obtained":[{"floor":1,"key":"Energy Potion"},{"floor":4,"key":"Regen Potion"},{"floor":14,"key":"Weak Potion"},{"floor":19,"key":"LiquidMemories"},{"floor":31,"key":"BlessingOfTheForge"},{"floor":40,"key":"Energy Potion"},{"floor":42,"key":"Dexterity Potion"}],"is_trial":false,"path_per_floor":["M","?","?","M","M","R","E","M","T","R","$","E","M","E","R","B",null,"M","M","?","?","$","E","R","M","T","M","M","R","E","M","R","B",null,"M","?","M","?","$","E","M","E","T","M","M","E","R","M","R","B","B",null,"R","$","E","B",null],"character_chosen":"DEFECT","items_purchased":["Defragment","Cold Snap","Capacitor","Medical Kit","BlessingOfTheForge"],"campfire_rested":1,"item_purchase_floors":[11,11,22,54,54],"current_hp_per_floor":[59,59,59,57,54,54,22,28,28,49,49,55,53,48,48,34,62,67,70,49,49,49,56,56,54,54,61,68,68,57,62,62,68,70,71,71,71,71,71,64,71,71,71,71,71,71,71,71,71,71,59,68,68,68,71,58],"gold":105,"neow_bonus":"UPGRADE_CARD","is_prod":false,"is_daily":false,"chose_seed":false,"campfire_upgraded":7,"win_rate":0,"timestamp":1590272628,"path_taken":["M","?","?","M","M","R","E","M","T","R","$","E","?","E","R","BOSS","M","M","?","?","$","E","R","M","T","M","?","R","E","M","R","BOSS","M","?","M","?","?","E","M","E","T","M","M","E","R","M","R","BOSS","BOSS","R","$","E","BOSS"],"build_version":"2020-01-27","purchased_purges":3,"victory":true,"max_hp_per_floor":[71,71,71,71,71,71,71,71,71,71,71,71,71,71,71,71,71,71,71,71,71,71,71,71,71,71,71,71,71,71,71,71,71,71,71,71,71,71,71,71,71,71,71,71,71,71,71,71,71,71,71,71,71,71,71,71],"card_choices":[{"not_picked":["Capacitor","Leap"],"picked":"Self Repair","floor":1},{"not_picked":["Double Energy","Steam Power"],"picked":"Genetic Algorithm","floor":4},{"not_picked":["Turbo","Consume"],"picked":"Compile Driver","floor":5},{"not_picked":["Capacitor","Skim"],"picked":"Reinforced Body","floor":7},{"not_picked":["Chaos","Aggregate"],"picked":"Ball Lightning","floor":8},{"not_picked":["Rebound","Chaos","Conserve Battery"],"picked":"SKIP","floor":12},{"not_picked":["Rebound","Static Discharge"],"picked":"Thunder Strike","floor":13},{"not_picked":["Stack","Capacitor"],"picked":"Genetic Algorithm","floor":14},{"not_picked":["Machine Learning","Amplify"],"picked":"Rainbow","floor":16},{"not_picked":["Compile Driver","Scrape"],"picked":"Cold Snap","floor":18},{"not_picked":["Leap","Defragment"],"picked":"Doom and Gloom+1","floor":19},{"not_picked":["Conserve Battery","Ball Lightning+1"],"picked":"Genetic Algorithm+1","floor":23},{"not_picked":["Compile Driver","Lockon"],"picked":"Buffer","floor":25},{"not_picked":["Barrage","Hologram","Skim"],"picked":"SKIP","floor":27},{"not_picked":["Conserve Battery","Streamline","Skim"],"picked":"SKIP","floor":28},{"not_picked":["Recycle","Hologram","Stack"],"picked":"SKIP","floor":30},{"not_picked":["Gash","Rebound","Cold Snap"],"picked":"SKIP","floor":31},{"not_picked":["Seek","Buffer"],"picked":"Creative AI","floor":33},{"not_picked":["White Noise","Auto Shields+1","Self Repair"],"picked":"SKIP","floor":35},{"not_picked":["Rebound+1","Leap","Beam Cell"],"picked":"SKIP","floor":37},{"not_picked":["BootSequence+1","Chaos+1"],"picked":"Reinforced Body+1","floor":40},{"not_picked":["Turbo","Ball Lightning","Multi-Cast"],"picked":"SKIP","floor":41},{"not_picked":["Amplify","Auto Shields","Reinforced Body"],"picked":"SKIP","floor":42},{"not_picked":["Undo","Go for the Eyes","Lockon"],"picked":"SKIP","floor":44},{"not_picked":["FTL","Barrage"],"picked":"Storm+1","floor":45},{"not_picked":["Turbo","Tempest+1"],"picked":"Coolheaded","floor":46},{"not_picked":["Ball Lightning+1","Turbo","Stack"],"picked":"SKIP","floor":48},{"not_picked":["Heatsinks","Turbo"],"picked":"Reinforced Body+1","floor":55}],"player_experience":2374482,"relics_obtained":[{"floor":7,"key":"War Paint"},{"floor":9,"key":"Nunchaku"},{"floor":12,"key":"Art of War"},{"floor":14,"key":"Cables"},{"floor":20,"key":"Enchiridion"},{"floor":23,"key":"Torii"},{"floor":26,"key":"Orichalcum"},{"floor":30,"key":"Happy Flower"},{"floor":38,"key":"Thread and Needle"},{"floor":40,"key":"Sundial"},{"floor":42,"key":"Oddly Smooth Stone"},{"floor":46,"key":"Kunai"},{"floor":55,"key":"Bag of Marbles"}],"event_choices":[{"damage_healed":0,"gold_gain":0,"player_choice":"Ignored","damage_taken":0,"max_hp_gain":0,"max_hp_loss":0,"event_name":"Liars Game","floor":2,"gold_loss":0},{"damage_healed":0,"gold_gain":0,"player_choice":"Leave","damage_taken":0,"max_hp_gain":0,"max_hp_loss":0,"event_name":"The Cleric","floor":3,"gold_loss":0},{"damage_healed":0,"gold_gain":0,"player_choice":"Obtained Book","damage_taken":21,"max_hp_gain":0,"max_hp_loss":0,"event_name":"Cursed Tome","floor":20,"gold_loss":0},{"damage_healed":0,"gold_gain":0,"player_choice":"Ignored","damage_taken":0,"max_hp_gain":0,"max_hp_loss":0,"event_name":"N\u0027loth","floor":21,"gold_loss":0},{"damage_healed":0,"gold_gain":0,"player_choice":"Ignored","damage_taken":0,"max_hp_gain":0,"max_hp_loss":0,"event_name":"Tomb of Lord Red Mask","floor":36,"gold_loss":0},{"damage_healed":0,"gold_gain":0,"player_choice":"Fight","damage_taken":0,"max_hp_gain":0,"max_hp_loss":0,"event_name":"MindBloom","floor":38,"gold_loss":0}],"is_beta":true,"boss_relics":[{"not_picked":["Cursed Key","Philosopher\u0027s Stone"],"picked":"Snecko Eye"},{"not_picked":["Runic Pyramid","Empty Cage"],"picked":"Astrolabe"}],"items_purged_floors":[11,22,39],"is_endless":false,"potions_floor_spawned":[1,4,7,14,16,19,25,27,31,38,40,42,44,48],"ascension_level":20}