{"gold_per_floor":[115,41,59,70,70,70,80,80,80,98,98,130,130,130],"floor_reached":14,"playtime":494,"items_purged":[],"score":180,"play_id":"fdf68c7d-a16a-452e-8096-9c9d1cf99671","local_time":"20200529192402","is_ascension_mode":true,"campfire_choices":[{"data":"Defragment","floor":6,"key":"SMITH"},{"data":"Sweeping Beam","floor":8,"key":"SMITH"},{"floor":11,"key":"REST"}],"neow_cost":"NONE","seed_source_timestamp":56746763945029,"circlet_count":0,"master_deck":["AscendersBane","Strike_B","Strike_B","Strike_B","Strike_B","Defend_B","Defend_B","Defend_B","Defend_B","Zap+1","Dualcast","Defragment+1","Multi-Cast","Sweeping Beam+1","Self Repair","Ball Lightning","Coolheaded"],"relics":["Cracked Core","Orichalcum","Ornamental Fan"],"potions_floor_usage":[14,14],"damage_taken":[{"damage":2,"enemies":"Jaw Worm","floor":1,"turns":3},{"damage":0,"enemies":"Cultist","floor":3,"turns":3},{"damage":12,"enemies":"2 Louse","floor":4,"turns":2},{"damage":12,"enemies":"Looter","floor":7,"turns":3},{"damage":25,"enemies":"Gremlin Gang","floor":10,"turns":4},{"damage":24,"enemies":"Lagavulin","floor":12,"turns":4},{"damage":26,"enemies":"Gremlin Nob","floor":14,"turns":3}],"seed_played":"2457578381059449387","potions_obtained":[{"floor":3,"key":"EssenceOfSteel"},{"floor":4,"key":"FearPotion"}],"is_trial":false,"path_per_floor":["M","$","M","M","?","R","M","R","T","M","R","E","?","E"],"character_chosen":"DEFECT","items_purchased":["Defragment"],"campfire_rested":1,"item_purchase_floors":[2],"current_hp_per_floor":[62,62,62,50,46,46,34,34,34,16,37,20,20,0],"gold":130,"neow_bonus":"UPGRADE_CARD","is_prod":false,"is_daily":false,"chose_seed":false,"campfire_upgraded":2,"win_rate":0,"timestamp":1590805442,"path_taken":["M","$","M","M","?","R","M","R","T","?","R","E","?","E"],"build_version":"2020-05-27","purchased_purges":0,"victory":false,"max_hp_per_floor":[71,71,71,71,71,71,71,71,71,71,71,71,71,71],"card_choices":[{"not_picked":["Redo","Rebound","Hello World"],"picked":"SKIP","floor":1},{"not_picked":["Redo","Beam Cell"],"picked":"Multi-Cast","floor":3},{"not_picked":["Leap","Heatsinks"],"picked":"Sweeping Beam","floor":4},{"not_picked":["Streamline","Gash"],"picked":"Self Repair","floor":7},{"not_picked":["Streamline","Hologram"],"picked":"Ball Lightning","floor":10},{"not_picked":["Consume","Steam"],"picked":"Coolheaded","floor":12}],"player_experience":2390786,"relics_obtained":[{"floor":9,"key":"Orichalcum"},{"floor":12,"key":"Ornamental Fan"}],"event_choices":[{"damage_healed":0,"gold_gain":0,"player_choice":"Bought 0 Potions","damage_taken":0,"max_hp_gain":0,"max_hp_loss":0,"event_name":"The Woman in Blue","floor":5,"gold_loss":0},{"damage_healed":0,"gold_gain":0,"player_choice":"Fled","damage_taken":0,"max_hp_gain":0,"max_hp_loss":0,"event_name":"Scrap Ooze","floor":13,"gold_loss":0}],"is_beta":true,"boss_relics":[],"items_purged_floors":[],"is_endless":false,"potions_floor_spawned":[3,4,7,12],"killed_by":"Gremlin Nob","ascension_level":20}