{"gold_per_floor":[112,132,148,148,61,61,61,61,87,87,117,117,147,160,160,235,235,247,122,122,134,150,150,177,177,202,534,534,546,573,498,498,498],"floor_reached":33,"playtime":1733,"items_purged":["Strike_B"],"score":607,"play_id":"50b24dc2-da21-4c83-ac71-552061137c97","local_time":"20200531104426","is_ascension_mode":true,"campfire_choices":[{"data":"Sweeping Beam","floor":6.0,"key":"SMITH"},{"data":"Doom and Gloom","floor":8.0,"key":"SMITH"},{"floor":12.0,"key":"REST"},{"data":"Electrodynamics","floor":15.0,"key":"SMITH"},{"data":"Coolheaded","floor":23,"key":"SMITH"},{"data":"Defragment","floor":25,"key":"SMITH"},{"data":"Thunder Strike","floor":32,"key":"SMITH"}],"neow_cost":"NONE","seed_source_timestamp":124080665109911,"circlet_count":0,"master_deck":["AscendersBane","Defend_B","Defend_B","Defend_B","Defend_B","Zap","Dualcast","Sweeping Beam+1","Compile Driver","Go for the Eyes","Doom and Gloom+1","Genetic Algorithm","Electrodynamics+1","Thunder Strike+1","Conserve Battery","Coolheaded+1","Defragment+1","Static Discharge","Echo Form","Ball Lightning"],"special_seed":0,"relics":["Cracked Core","Pear","Anchor","Incense Burner","Calipers","Meat on the Bone","Coffee Dripper","Red Mask","Old Coin","Toy Ornithopter"],"potions_floor_usage":[22,30,30,33],"damage_taken":[{"damage":12.0,"enemies":"Small Slimes","floor":1.0,"turns":3.0},{"damage":2.0,"enemies":"Jaw Worm","floor":2.0,"turns":4.0},{"damage":6.0,"enemies":"2 Louse","floor":3.0,"turns":2.0},{"damage":16.0,"enemies":"Lagavulin","floor":11.0,"turns":7.0},{"damage":29.0,"enemies":"3 Sentries","floor":13.0,"turns":5.0},{"damage":0.0,"enemies":"Looter","floor":14.0,"turns":2.0},{"damage":30.0,"enemies":"Hexaghost","floor":16.0,"turns":9.0},{"damage":4.0,"enemies":"Spheric Guardian","floor":18.0,"turns":3.0},{"damage":0.0,"enemies":"3 Byrds","floor":21.0,"turns":2.0},{"damage":16,"enemies":"Sentry and Sphere","floor":22,"turns":6},{"damage":2,"enemies":"Masked Bandits","floor":24,"turns":3},{"damage":49,"enemies":"Slavers","floor":27,"turns":4},{"damage":34,"enemies":"Cultist and Chosen","floor":29,"turns":6},{"damage":36,"enemies":"Gremlin Leader","floor":30,"turns":4},{"damage":21,"enemies":"Collector","floor":33,"turns":5}],"seed_played":"-8857999429138724563","potions_obtained":[{"floor":0.0,"key":"Fruit Juice"},{"floor":0.0,"key":"DistilledChaos"},{"floor":0.0,"key":"LiquidBronze"},{"floor":2.0,"key":"Energy Potion"},{"floor":14.0,"key":"BlessingOfTheForge"},{"floor":16.0,"key":"Block Potion"},{"floor":27,"key":"FairyPotion"},{"floor":29,"key":"Strength Potion"},{"floor":30,"key":"BlessingOfTheForge"}],"is_trial":false,"path_per_floor":["M","M","M","?","$","R","$","R","T","?","E","R","E","M","R","B",null,"M","$","?","M","M","R","?","R","T","E","?","M","E","?","R","B"],"character_chosen":"DEFECT","items_purchased":["Doom and Gloom","Coolheaded"],"campfire_rested":1,"item_purchase_floors":[5,19],"current_hp_per_floor":[57,55,49,41,41,41,41,41,41,41,25,50,21,33,33,15,68,64,64,39,51,47,47,57,57,57,20,20,39,15,15,15,0],"gold":498,"neow_bonus":"THREE_SMALL_POTIONS","is_prod":false,"is_daily":false,"chose_seed":false,"campfire_upgraded":6,"win_rate":0,"timestamp":1590947066,"path_taken":["M","M","M","?","$","R","$","R","T","?","E","R","E","M","R","BOSS","M","$","?","M","M","R","?","R","T","E","?","M","E","?","R","BOSS"],"build_version":"2020-05-27","purchased_purges":1,"victory":false,"max_hp_per_floor":[76,76,76,86,86,86,86,86,86,86,86,86,86,86,86,86,86,86,86,91,91,91,91,91,91,91,91,91,91,91,91,91,91],"card_choices":[{"not_picked":["Beam Cell","Storm"],"picked":"Sweeping Beam","floor":1.0},{"not_picked":["Sweeping Beam","Reinforced Body"],"picked":"Compile Driver","floor":2.0},{"not_picked":["Heatsinks","Beam Cell"],"picked":"Go for the Eyes","floor":3.0},{"not_picked":["Conserve Battery","Double Energy"],"picked":"Genetic Algorithm","floor":11.0},{"not_picked":["Reprogram","Recycle","Tempest"],"picked":"SKIP","floor":13.0},{"not_picked":["Rebound","Cold Snap"],"picked":"Electrodynamics","floor":14.0},{"not_picked":["Hyperbeam","Amplify"],"picked":"Thunder Strike","floor":16.0},{"not_picked":["Chaos","Doom and Gloom"],"picked":"Conserve Battery","floor":18.0},{"not_picked":["Leap","Turbo","Beam Cell"],"picked":"SKIP","floor":21.0},{"not_picked":["Melter","BootSequence","Rip and Tear"],"picked":"SKIP","floor":22},{"not_picked":["Redo","Self Repair"],"picked":"Defragment","floor":24},{"not_picked":["Streamline","Leap","Redo"],"picked":"SKIP","floor":27},{"not_picked":["Streamline","Consume+1"],"picked":"Ball Lightning","floor":29},{"not_picked":["Go for the Eyes","White Noise","Electrodynamics"],"picked":"SKIP","floor":30}],"player_experience":2416691,"relics_obtained":[{"floor":9.0,"key":"Anchor"},{"floor":11.0,"key":"Calipers"},{"floor":13.0,"key":"Meat on the Bone"},{"floor":24,"key":"Red Mask"},{"floor":27,"key":"Old Coin"},{"floor":30,"key":"Toy Ornithopter"}],"event_choices":[{"damage_healed":0.0,"max_hp_gain":0.0,"max_hp_loss":0.0,"gold_gain":0.0,"event_name":"Scrap Ooze","player_choice":"Success","floor":4.0,"gold_loss":0.0,"damage_taken":18.0,"relics_obtained":["Pear"]},{"damage_healed":0.0,"max_hp_gain":0.0,"max_hp_loss":0.0,"gold_gain":0.0,"event_name":"Dead Adventurer","player_choice":"Searched \u00271\u0027 times","floor":10.0,"gold_loss":0.0,"damage_taken":0.0,"relics_obtained":["Incense Burner"]},{"damage_healed":0.0,"max_hp_gain":5.0,"max_hp_loss":0.0,"gold_gain":0.0,"event_name":"Forgotten Altar","player_choice":"Shed Blood","floor":20.0,"gold_loss":0.0,"damage_taken":30.0},{"damage_healed":0,"gold_gain":0,"player_choice":"Fought Bandits","damage_taken":0,"max_hp_gain":0,"max_hp_loss":0,"event_name":"Masked Bandits","floor":24,"gold_loss":0},{"damage_healed":0,"gold_gain":0,"cards_transformed":["Strike_B","Strike_B"],"player_choice":"Became Test Subject","damage_taken":0,"max_hp_gain":0,"max_hp_loss":0,"event_name":"Drug Dealer","floor":28,"gold_loss":0,"cards_obtained":["Static Discharge","Echo Form"]},{"cards_removed":["Strike_B"],"damage_healed":0,"gold_gain":0,"player_choice":"Gave Gold","damage_taken":0,"max_hp_gain":0,"max_hp_loss":0,"event_name":"Beggar","floor":31,"gold_loss":75}],"is_beta":true,"boss_relics":[{"not_picked":["Nuclear Battery","FrozenCore"],"picked":"Coffee Dripper"}],"items_purged_floors":[19],"is_endless":false,"potions_floor_spawned":[2,14,16,21,27,29,30],"killed_by":"Collector","ascension_level":20}