{"gold_per_floor":[116,133,150,164,164,194,194,244,292,292,14,42,53,88,88,161,161,179,179,63,73,73,73,85,112,112,112,131,131,165,80,80,156,156,171,181,201,201,49,49,79,94,140,140,166,177,212,212,212,212,212,212,212,72,103,103],"floor_reached":57,"playtime":5461,"items_purged":["Zap"],"score":3096,"play_id":"1f35215b-4343-4dea-839d-6a5d0643bee4","local_time":"20200807000423","is_ascension_mode":true,"campfire_choices":[{"data":"Defragment","floor":7.0,"key":"SMITH"},{"data":"Darkness","floor":10.0,"key":"SMITH"},{"data":"Barrage","floor":15.0,"key":"SMITH"},{"floor":23.0,"key":"RECALL"},{"floor":27.0,"key":"REST"},{"floor":32.0,"key":"REST"},{"floor":40.0,"key":"REST"},{"floor":44.0,"key":"REST"},{"floor":49.0,"key":"REST"},{"floor":53.0,"key":"REST"}],"neow_cost":"NONE","seed_source_timestamp":0,"circlet_count":0,"master_deck":["AscendersBane","Strike_B+1","Strike_B+1","Strike_B+1","Strike_B+1","Defend_B+1","Defend_B+1","Defend_B+1","Defend_B+1","Dualcast","Ball Lightning","Defragment+1","Defragment+1","Sweeping Beam","Darkness+1","Coolheaded","Glacier","Barrage+1","Buffer","Skim","Doom and Gloom+1","Ghostly","Ghostly","Ghostly","Cold Snap","Cold Snap+1","Echo Form","Static Discharge","FTL","Flash of Steel","Defragment","Coolheaded","Go for the Eyes"],"special_seed":0,"relics":["Cracked Core","Kunai","Nunchaku","Runic Capacitor","Happy Flower","Art of War","Fusion Hammer","Strawberry","Sundial","Orichalcum","Blood Vial","Nuclear Battery","Incense Burner","InkBottle","Vajra","Pen Nib"],"potions_floor_usage":[56,56],"damage_taken":[{"damage":1.0,"enemies":"Cultist","floor":1.0,"turns":3.0},{"damage":0.0,"enemies":"Jaw Worm","floor":2.0,"turns":3.0},{"damage":0.0,"enemies":"2 Louse","floor":3.0,"turns":2.0},{"damage":6.0,"enemies":"Blue Slaver","floor":4.0,"turns":3.0},{"damage":14.0,"enemies":"Lagavulin","floor":6.0,"turns":6.0},{"damage":5.0,"enemies":"Gremlin Nob","floor":12.0,"turns":3.0},{"damage":4.0,"enemies":"Large Slime","floor":13.0,"turns":4.0},{"damage":0.0,"enemies":"Lagavulin","floor":14.0,"turns":5.0},{"damage":13.0,"enemies":"Hexaghost","floor":16.0,"turns":6.0},{"damage":0.0,"enemies":"Chosen","floor":18.0,"turns":4.0},{"damage":0.0,"enemies":"2 Thieves","floor":21.0,"turns":4.0},{"damage":0.0,"enemies":"Sentry and Sphere","floor":24.0,"turns":4.0},{"damage":0.0,"enemies":"Slavers","floor":25.0,"turns":4.0},{"damage":0.0,"enemies":"Snecko","floor":28.0,"turns":4.0},{"damage":7.0,"enemies":"Gremlin Leader","floor":30.0,"turns":7.0},{"damage":8.0,"enemies":"Champ","floor":33.0,"turns":12.0},{"damage":0.0,"enemies":"Orb Walker","floor":35.0,"turns":3.0},{"damage":0.0,"enemies":"3 Shapes","floor":36.0,"turns":4.0},{"damage":0.0,"enemies":"Spire Growth","floor":37.0,"turns":7.0},{"damage":1.0,"enemies":"Nemesis","floor":41.0,"turns":12.0},{"damage":0.0,"enemies":"Maw","floor":42.0,"turns":8.0},{"damage":0.0,"enemies":"Giant Head","floor":45.0,"turns":9.0},{"damage":0.0,"enemies":"Sphere and 2 Shapes","floor":46.0,"turns":5.0},{"damage":13.0,"enemies":"Nemesis","floor":47.0,"turns":7.0},{"damage":0.0,"enemies":"Time Eater","floor":50.0,"turns":14.0},{"damage":0.0,"enemies":"Donu and Deca","floor":51.0,"turns":10.0},{"damage":20.0,"enemies":"Shield and Spear","floor":55.0,"turns":10.0},{"damage":25,"enemies":"The Heart","floor":56,"turns":12}],"seed_played":"-2854739834491170070","potions_obtained":[{"floor":1.0,"key":"BlessingOfTheForge"},{"floor":6.0,"key":"AttackPotion"},{"floor":12.0,"key":"Energy Potion"},{"floor":13.0,"key":"Energy Potion"},{"floor":16.0,"key":"EntropicBrew"},{"floor":21.0,"key":"PowerPotion"},{"floor":25.0,"key":"SneckoOil"},{"floor":42.0,"key":"Explosive Potion"}],"is_trial":false,"path_per_floor":["M","M","M","M","?","E","R","?","T","R","$","E","M","E","R","B",null,"M","?","$","M","?","R","M","E","T","R","M","?","E","?","R","B",null,"M","M","M","?","$","R","E","M","T","R","E","M","E","?","R","B","B",null,"R","$","E","B",null],"character_chosen":"DEFECT","items_purchased":["Runic Capacitor","Coolheaded","FearPotion","Skim","Defragment","FocusPotion","Coolheaded","DuplicationPotion","Go for the Eyes"],"campfire_rested":6,"item_purchase_floors":[11,11,11,20,39,39,39,54,54],"current_hp_per_floor":[70,70,70,64,64,50,50,50,50,50,50,45,41,41,41,28,66,66,66,66,66,39,39,39,46,46,46,46,46,39,39,46,38,44,46,46,46,36,36,46,45,46,46,46,46,46,33,33,44,44,44,44,44,44,24,1],"gold":103,"neow_bonus":"TEN_PERCENT_HP_BONUS","is_prod":false,"is_daily":false,"chose_seed":false,"campfire_upgraded":3,"win_rate":0,"timestamp":1596783863,"path_taken":["M","M","M","M","?","E","R","?","T","R","$","E","?","E","R","BOSS","M","?","$","M","?","R","M","E","T","R","M","?","E","?","R","BOSS","M","M","M","?","$","R","E","M","T","R","E","M","E","?","R","BOSS","BOSS","R","$","E","BOSS"],"build_version":"2020-07-30","purchased_purges":1,"victory":true,"max_hp_per_floor":[78,78,78,78,78,78,78,78,78,78,78,78,78,78,78,78,78,78,78,78,78,39,39,39,46,46,46,46,46,46,46,46,46,46,46,46,46,46,46,46,46,46,46,46,46,46,46,44,44,44,44,44,44,44,44,44],"card_choices":[{"not_picked":["Static Discharge","Cold Snap"],"picked":"Ball Lightning","floor":1.0},{"not_picked":["Conserve Battery","Capacitor"],"picked":"Defragment","floor":2.0},{"not_picked":["Conserve Battery","Beam Cell"],"picked":"Defragment","floor":3.0},{"not_picked":["Beam Cell","White Noise"],"picked":"Sweeping Beam","floor":4.0},{"not_picked":["Beam Cell","Barrage"],"picked":"Darkness","floor":6.0},{"not_picked":["Auto Shields","Sweeping Beam"],"picked":"Glacier","floor":12.0},{"not_picked":["Hyperbeam","Go for the Eyes"],"picked":"Barrage","floor":13.0},{"not_picked":["Turbo","Hologram","Steam Power"],"picked":"SKIP","floor":14.0},{"not_picked":["Multi-Cast","Meteor Strike"],"picked":"Buffer","floor":16.0},{"not_picked":["Rip and Tear","Redo","Darkness"],"picked":"SKIP","floor":18.0},{"not_picked":["Chill","Sweeping Beam"],"picked":"Doom and Gloom+1","floor":21.0},{"not_picked":["Reprogram","Tempest"],"picked":"Cold Snap","floor":24.0},{"not_picked":["Steam","Skim"],"picked":"Cold Snap+1","floor":25.0},{"not_picked":["Hologram","Consume","Coolheaded"],"picked":"SKIP","floor":28.0},{"not_picked":["Hologram","White Noise","Steam"],"picked":"SKIP","floor":30.0},{"not_picked":["Buffer","Amplify"],"picked":"Echo Form","floor":33.0},{"not_picked":["Force Field","Steam Power","Lockon+1"],"picked":"SKIP","floor":35.0},{"not_picked":["Stack+1","Cold Snap"],"picked":"Static Discharge","floor":36.0},{"not_picked":["Stack","Gash+1"],"picked":"FTL","floor":37.0},{"not_picked":["PanicButton","Impatience"],"picked":"Flash of Steel","floor":38.0},{"not_picked":["Hologram","Cold Snap","Ball Lightning"],"picked":"SKIP","floor":41.0},{"not_picked":["Heatsinks","Machine Learning","Steam"],"picked":"SKIP","floor":42.0},{"not_picked":["Melter","Beam Cell+1","Coolheaded"],"picked":"SKIP","floor":45.0},{"not_picked":["Barrage","Consume","Stack"],"picked":"SKIP","floor":46.0},{"not_picked":["Redo","Machine Learning","Hologram"],"picked":"SKIP","floor":47.0},{"not_picked":["Stack","Streamline+1","BootSequence"],"picked":"SKIP","floor":55.0}],"player_experience":2540523,"relics_obtained":[{"floor":6.0,"key":"Kunai"},{"floor":9.0,"key":"Nunchaku"},{"floor":12.0,"key":"Happy Flower"},{"floor":14.0,"key":"Art of War"},{"floor":25.0,"key":"Strawberry"},{"floor":26.0,"key":"Sundial"},{"floor":30.0,"key":"Orichalcum"},{"floor":41.0,"key":"Incense Burner"},{"floor":45.0,"key":"InkBottle"},{"floor":47.0,"key":"Vajra"},{"floor":55.0,"key":"Pen Nib"}],"event_choices":[{"damage_healed":0.0,"max_hp_gain":0.0,"max_hp_loss":0.0,"gold_gain":0.0,"event_name":"Living Wall","player_choice":"Grow","floor":5.0,"gold_loss":0.0,"damage_taken":0.0,"cards_upgraded":["Defragment"]},{"damage_healed":0.0,"max_hp_gain":0.0,"max_hp_loss":0.0,"gold_gain":50.0,"event_name":"Golden Shrine","player_choice":"Pray","floor":8.0,"gold_loss":0.0,"damage_taken":0.0},{"damage_healed":0.0,"max_hp_gain":0.0,"max_hp_loss":0.0,"gold_gain":0.0,"event_name":"Back to Basics","player_choice":"Simplicity","floor":19.0,"gold_loss":0.0,"damage_taken":0.0,"cards_upgraded":["Strike_B","Strike_B","Strike_B","Strike_B","Defend_B","Defend_B","Defend_B","Defend_B"]},{"damage_healed":0.0,"max_hp_gain":0.0,"max_hp_loss":39.0,"gold_gain":0.0,"event_name":"Ghosts","player_choice":"Became a Ghost","floor":22.0,"gold_loss":0.0,"damage_taken":0.0,"cards_obtained":["Ghostly","Ghostly","Ghostly"]},{"damage_healed":0.0,"max_hp_gain":0.0,"max_hp_loss":0.0,"gold_gain":0.0,"event_name":"The Mausoleum","player_choice":"Ignored","floor":29.0,"gold_loss":0.0,"damage_taken":0.0},{"damage_healed":0.0,"max_hp_gain":0.0,"max_hp_loss":0.0,"gold_gain":0.0,"event_name":"Addict","player_choice":"Obtained Relic","floor":31.0,"gold_loss":85.0,"damage_taken":0.0,"relics_obtained":["Blood Vial"]},{"damage_healed":0.0,"max_hp_gain":0.0,"max_hp_loss":0.0,"gold_gain":0.0,"event_name":"SensoryStone","player_choice":"Memory 3","floor":38.0,"gold_loss":0.0,"damage_taken":10.0},{"damage_healed":0.0,"max_hp_gain":0.0,"max_hp_loss":2.0,"gold_gain":0.0,"event_name":"Winding Halls","player_choice":"Max HP","floor":48.0,"gold_loss":0.0,"damage_taken":0.0}],"is_beta":true,"boss_relics":[{"not_picked":["Black Star","Snecko Eye"],"picked":"Fusion Hammer"},{"not_picked":["Busted Crown","Philosopher\u0027s Stone"],"picked":"Nuclear Battery"}],"items_purged_floors":[20],"is_endless":false,"potions_floor_spawned":[1,6,12,13,16,21,25,41,42,45,46,55],"ascension_level":20}