{"gold_per_floor":[116,33,51,51,51,85,85,96,96,43,43,43,75,86,86,165,165,177,177,177,92,104,116,140,152,164,207,219,256,89,122,122,201,201,212,20,37,37,37],"floor_reached":39,"playtime":2127,"items_purged":["Strike_B"],"score":932,"play_id":"93d8532e-bdb9-4c84-883d-b8f5f4662155","local_time":"20200804183348","is_ascension_mode":true,"campfire_choices":[{"data":"Zap","floor":7.0,"key":"SMITH"},{"data":"Ball Lightning","floor":12,"key":"SMITH"},{"data":"Sunder","floor":15,"key":"SMITH"},{"data":"Biased Cognition","floor":23,"key":"SMITH"},{"floor":25,"key":"REST"},{"floor":28,"key":"REST"},{"floor":32,"key":"REST"}],"neow_cost":"NONE","seed_source_timestamp":714801562414678,"circlet_count":0,"master_deck":["AscendersBane","Strike_B","Strike_B","Strike_B","Defend_B","Defend_B","Defend_B","Defend_B","Zap+1","Dualcast","Reinforced Body","Static Discharge+1","Coolheaded","Ball Lightning+1","Cold Snap","Capacitor","Sunder+1","Biased Cognition+1","Leap","Necronomicurse","Consume+1","Leap+1","Capacitor","Self Repair","Force Field","Buffer","Darkness","Loop"],"special_seed":0,"relics":["Cracked Core","NeowsBlessing","Question Card","The Courier","Velvet Choker","Necronomicon","MawBank","Mummified Hand","Blood Vial","Bag of Preparation","Darkstone Periapt","Cursed Key","Lee\u0027s Waffle","Turnip"],"potions_floor_usage":[13,16,29,31,33],"damage_taken":[{"damage":0.0,"enemies":"Cultist","floor":1.0,"turns":1.0},{"damage":0.0,"enemies":"2 Louse","floor":3.0,"turns":1.0},{"damage":0.0,"enemies":"Lagavulin","floor":6.0,"turns":1.0},{"damage":2.0,"enemies":"Jaw Worm","floor":8.0,"turns":3.0},{"damage":9,"enemies":"Gremlin Nob","floor":13,"turns":3},{"damage":3,"enemies":"Looter","floor":14,"turns":3},{"damage":48,"enemies":"Slime Boss","floor":16,"turns":9},{"damage":5,"enemies":"3 Byrds","floor":18,"turns":2},{"damage":1,"enemies":"Shell Parasite","floor":24,"turns":5},{"damage":30,"enemies":"Book of Stabbing","floor":27,"turns":4},{"damage":34,"enemies":"Slavers","floor":29,"turns":3},{"damage":11,"enemies":"Gremlin Leader","floor":31,"turns":8},{"damage":13,"enemies":"Champ","floor":33,"turns":11},{"damage":11,"enemies":"3 Shapes","floor":35,"turns":4},{"damage":50,"enemies":"3 Darklings","floor":37,"turns":6},{"damage":44,"enemies":"4 Shapes","floor":39,"turns":3}],"seed_played":"-7880390228825470095","potions_obtained":[{"floor":13,"key":"DistilledChaos"},{"floor":14,"key":"Strength Potion"},{"floor":27,"key":"Strength Potion"},{"floor":29,"key":"ColorlessPotion"},{"floor":31,"key":"Weak Potion"},{"floor":37,"key":"AttackPotion"}],"is_trial":false,"path_per_floor":["M","$","M","?","?","E","R","M","T","$","?","R","E","M","R","B",null,"M","?","?","?","$","R","M","R","T","E","R","E","$","E","R","B",null,"M","$","M","?","M"],"character_chosen":"DEFECT","items_purchased":["Static Discharge","Fire Potion","Capacitor","Self Repair","Lee\u0027s Waffle","Darkness"],"campfire_rested":3,"item_purchase_floors":[2,10,30,30,36,36],"current_hp_per_floor":[64,64,64,64,64,64,64,62,62,62,67,67,58,55,55,7,59,54,54,33,33,33,33,32,54,54,24,46,14,14,12,34,30,65,63,83,40,40,0],"gold":37,"neow_bonus":"THREE_ENEMY_KILL","is_prod":false,"is_daily":false,"chose_seed":false,"campfire_upgraded":4,"win_rate":0,"timestamp":1596591228,"path_taken":["M","$","?","?","?","E","R","M","T","?","?","R","E","M","R","BOSS","M","?","?","?","$","R","?","R","T","E","R","E","$","E","R","BOSS","M","$","M","?","M"],"build_version":"2020-07-30","purchased_purges":1,"victory":false,"max_hp_per_floor":[71,71,71,71,71,71,71,71,71,71,76,76,76,76,76,76,76,76,76,76,76,76,76,76,76,76,76,76,76,76,76,76,76,76,76,83,83,83,83],"card_choices":[{"not_picked":["Conserve Battery","Stack"],"picked":"Reinforced Body","floor":1.0},{"not_picked":["Rip and Tear","Reprogram"],"picked":"Coolheaded","floor":3.0},{"not_picked":["Multi-Cast","Redo"],"picked":"Ball Lightning","floor":6.0},{"not_picked":["Force Field","Skim","Capacitor"],"picked":"Cold Snap","floor":8.0},{"not_picked":["Multi-Cast","BootSequence","Cold Snap"],"picked":"Capacitor","floor":13},{"not_picked":["Heatsinks","Cold Snap","Rebound"],"picked":"Sunder","floor":14},{"not_picked":["Creative AI","Fission","All For One"],"picked":"Biased Cognition","floor":16},{"not_picked":["Redo","Steam","Gash"],"picked":"Leap","floor":18},{"not_picked":["Aggregate","Scrape","Beam Cell+1"],"picked":"Consume+1","floor":24},{"not_picked":["Sweeping Beam","Redo","Leap","Turbo"],"picked":"SKIP","floor":27},{"not_picked":["All For One","Go for the Eyes","Stack"],"picked":"Leap+1","floor":29},{"not_picked":["Redo","Cold Snap","Rebound"],"picked":"Force Field","floor":31},{"not_picked":["Fission","Multi-Cast","All For One"],"picked":"Buffer","floor":33},{"not_picked":["Barrage","Sweeping Beam","Leap","Turbo+1"],"picked":"SKIP","floor":35},{"not_picked":["Leap","Reprogram","Redo+1"],"picked":"Loop","floor":37}],"player_experience":2532834,"relics_obtained":[{"floor":6.0,"key":"Question Card"},{"floor":13,"key":"The Courier"},{"floor":20,"key":"Necronomicon"},{"floor":26,"key":"Mummified Hand"},{"floor":27,"key":"Blood Vial"},{"floor":29,"key":"Bag of Preparation"},{"floor":31,"key":"Darkstone Periapt"}],"event_choices":[{"damage_healed":0.0,"max_hp_gain":0.0,"max_hp_loss":0.0,"gold_gain":0.0,"event_name":"Living Wall","player_choice":"Grow","floor":4.0,"gold_loss":0.0,"damage_taken":0.0,"cards_upgraded":["Static Discharge"]},{"damage_healed":0.0,"max_hp_gain":0.0,"max_hp_loss":0.0,"gold_gain":0.0,"event_name":"The Cleric","player_choice":"Leave","floor":5.0,"gold_loss":0.0,"damage_taken":0.0},{"damage_healed":0,"gold_gain":0,"player_choice":"Donut","damage_taken":0,"max_hp_gain":5,"max_hp_loss":0,"event_name":"Big Fish","floor":11,"gold_loss":0},{"damage_healed":0,"gold_gain":0,"player_choice":"Ignored","damage_taken":0,"max_hp_gain":0,"max_hp_loss":0,"event_name":"Beggar","floor":19,"gold_loss":0},{"damage_healed":0,"gold_gain":0,"player_choice":"Obtained Book","damage_taken":21,"max_hp_gain":0,"max_hp_loss":0,"event_name":"Cursed Tome","floor":20,"gold_loss":0},{"damage_healed":0,"gold_gain":0,"player_choice":"Obtained Relic","damage_taken":0,"relics_obtained":["MawBank"],"max_hp_gain":0,"max_hp_loss":0,"event_name":"Addict","floor":21,"gold_loss":85},{"damage_healed":0,"gold_gain":0,"player_choice":"Gave Potion","damage_taken":0,"relics_obtained":["Turnip"],"max_hp_gain":0,"max_hp_loss":0,"event_name":"WeMeetAgain","floor":38,"gold_loss":0}],"is_beta":true,"boss_relics":[{"not_picked":["SlaversCollar","Coffee Dripper"],"picked":"Velvet Choker"},{"not_picked":["Runic Dome","Tiny House"],"picked":"Cursed Key"}],"items_purged_floors":[30],"is_endless":false,"potions_floor_spawned":[13,14,27,29,31,37],"killed_by":"4 Shapes","ascension_level":20}