{"gold_per_floor":[111,128,128,128,147,177,177,217,217,217,245,289,311,276,276,362,362,377,404,404,423,443,443,89,89,113,154,263,41,41,71,71,144,144,161,161,190,199,217,217,242,242,322,322,339,367,367,395,395,395,395,395,395,4,44,44],"floor_reached":56,"playtime":5237,"items_purged":["Strike_B","Strike_B+1"],"score":1922,"play_id":"81e83c33-f241-4746-93cb-f6b2a9831183","local_time":"20200808234424","is_ascension_mode":true,"campfire_choices":[{"data":"Defragment","floor":7.0,"key":"SMITH"},{"floor":10.0,"key":"REST"},{"data":"Consume","floor":15.0,"key":"SMITH"},{"data":"Capacitor","floor":23.0,"key":"SMITH"},{"data":"Ghostly","floor":25.0,"key":"SMITH"},{"data":"Ghostly","floor":30.0,"key":"SMITH"},{"floor":32.0,"key":"REST"},{"floor":40.0,"key":"RECALL"},{"floor":42.0,"key":"REST"},{"floor":49.0,"key":"REST"},{"floor":53.0,"key":"REST"}],"neow_cost":"NONE","seed_source_timestamp":0,"circlet_count":0,"master_deck":["AscendersBane","Strike_B+1","Defend_B","Defend_B","Defend_B","Defend_B","Zap","Dualcast","Defragment+1","Compile Driver","Ball Lightning","Capacitor+1","Coolheaded","Consume+1","Electrodynamics","Ghostly","Ghostly+1","Ghostly+1","Coolheaded+1","Doom and Gloom","Defragment","Defragment+1","Compile Driver","Hologram+1","Master of Strategy","Leap+1","Seek"],"special_seed":0,"relics":["Cracked Core","Whetstone","Pantograph","CeramicFish","The Courier","Blood Vial","Nuclear Battery","Pocketwatch","Orichalcum","Eternal Feather","Dead Branch","HornCleat","DollysMirror","Singing Bowl","Fusion Hammer","Lizard Tail","StrikeDummy","Medical Kit","Lantern","Centennial Puzzle","Gremlin Horn"],"potions_floor_usage":[56],"damage_taken":[{"damage":7.0,"enemies":"Jaw Worm","floor":1.0,"turns":2.0},{"damage":0.0,"enemies":"Small Slimes","floor":2.0,"turns":2.0},{"damage":0.0,"enemies":"2 Louse","floor":5.0,"turns":3.0},{"damage":25.0,"enemies":"3 Sentries","floor":6.0,"turns":9.0},{"damage":36.0,"enemies":"Gremlin Nob","floor":8.0,"turns":4.0},{"damage":2.0,"enemies":"Large Slime","floor":11.0,"turns":4.0},{"damage":20.0,"enemies":"Lagavulin","floor":12.0,"turns":6.0},{"damage":4.0,"enemies":"Red Slaver","floor":13.0,"turns":2.0},{"damage":31.0,"enemies":"Hexaghost","floor":16.0,"turns":9.0},{"damage":0.0,"enemies":"Spheric Guardian","floor":18.0,"turns":3.0},{"damage":10.0,"enemies":"Shell Parasite","floor":21.0,"turns":6.0},{"damage":0.0,"enemies":"Sentry and Sphere","floor":22.0,"turns":4.0},{"damage":7.0,"enemies":"Book of Stabbing","floor":27.0,"turns":5.0},{"damage":5.0,"enemies":"Colosseum Slavers","floor":28.0,"turns":3.0},{"damage":13.0,"enemies":"Colosseum Nobs","floor":28.0,"turns":4.0},{"damage":19.0,"enemies":"Slavers","floor":31.0,"turns":4.0},{"damage":10.0,"enemies":"Collector","floor":33.0,"turns":11.0},{"damage":0.0,"enemies":"3 Shapes","floor":35.0,"turns":3.0},{"damage":17.0,"enemies":"3 Darklings","floor":37.0,"turns":4.0},{"damage":0.0,"enemies":"Maw","floor":39.0,"turns":6.0},{"damage":0.0,"enemies":"Spire Growth","floor":41.0,"turns":5.0},{"damage":0.0,"enemies":"Sphere and 2 Shapes","floor":45.0,"turns":4.0},{"damage":0.0,"enemies":"Reptomancer","floor":46.0,"turns":6.0},{"damage":20.0,"enemies":"Giant Head","floor":48.0,"turns":12.0},{"damage":68.0,"enemies":"Awakened One","floor":50.0,"turns":20.0},{"damage":29.0,"enemies":"Donu and Deca","floor":51.0,"turns":9.0},{"damage":14,"enemies":"Shield and Spear","floor":55,"turns":5},{"damage":78,"enemies":"The Heart","floor":56,"turns":5}],"seed_played":"6214477041756092040","potions_obtained":[{"floor":1.0,"key":"Explosive Potion"},{"floor":6.0,"key":"LiquidBronze"},{"floor":8.0,"key":"SteroidPotion"},{"floor":11.0,"key":"Fruit Juice"},{"floor":13.0,"key":"PowerPotion"},{"floor":21.0,"key":"EssenceOfSteel"},{"floor":39.0,"key":"PowerPotion"},{"floor":41.0,"key":"SkillPotion"},{"floor":46.0,"key":"Block Potion"},{"floor":47.0,"key":"Fruit Juice"},{"floor":47.0,"key":"Energy Potion"},{"floor":55,"key":"Fire Potion"}],"is_trial":false,"path_per_floor":["M","M","?","?","M","E","R","E","T","R","M","E","M","?","R","B",null,"M","?","?","M","M","R","$","R","T","E","?","$","R","E","R","B",null,"M","?","M","?","M","R","M","R","T","$","M","E","?","E","R","B","B",null,"R","$","E","B"],"character_chosen":"DEFECT","items_purchased":["Pocketwatch","Block Potion","DollysMirror","Compile Driver","Medical Kit","Lantern","Centennial Puzzle"],"campfire_rested":5,"item_purchase_floors":[24,24,29,29,54,54,54],"current_hp_per_floor":[57,57,57,62,62,37,37,1,1,23,26,6,4,24,24,20,66,68,40,40,30,32,32,32,32,32,27,13,13,25,10,34,34,42,46,46,29,23,27,42,44,52,52,52,54,56,61,43,63,31,29,55,63,63,49,0],"gold":44,"neow_bonus":"RANDOM_COMMON_RELIC","is_prod":false,"is_daily":false,"chose_seed":false,"campfire_upgraded":5,"win_rate":0,"timestamp":1596955464,"path_taken":["M","M","?","?","M","E","R","E","T","R","M","E","M","?","R","BOSS","M","?","?","?","M","R","?","R","T","E","?","$","R","E","R","BOSS","M","?","M","?","M","R","M","R","T","$","M","E","?","E","R","BOSS","BOSS","R","$","E","BOSS"],"build_version":"2020-07-30","purchased_purges":2,"victory":false,"max_hp_per_floor":[71,71,71,76,76,76,76,76,76,76,81,81,81,81,81,81,81,81,40,40,40,40,40,40,40,40,40,40,40,40,42,42,44,44,46,46,46,50,52,52,52,52,52,52,54,56,61,63,63,63,63,63,63,63,63,63],"card_choices":[{"not_picked":["Storm","Conserve Battery"],"picked":"Defragment","floor":1.0},{"not_picked":["Turbo","Go for the Eyes","Tempest"],"picked":"SKIP","floor":2.0},{"not_picked":["Lockon","Rebound"],"picked":"Compile Driver","floor":5.0},{"not_picked":["Turbo","Double Energy","Streamline"],"picked":"SKIP","floor":6.0},{"not_picked":["Reprogram","Redo"],"picked":"Ball Lightning","floor":8.0},{"not_picked":["Turbo","FTL"],"picked":"Capacitor","floor":11.0},{"not_picked":["Undo","Streamline"],"picked":"Coolheaded","floor":12.0},{"not_picked":["Amplify","Reprogram"],"picked":"Consume","floor":13.0},{"not_picked":["Buffer","Rainbow"],"picked":"Electrodynamics","floor":16.0},{"not_picked":["Stack","BootSequence","Steam"],"picked":"SKIP","floor":18.0},{"not_picked":["Beam Cell","Turbo"],"picked":"Coolheaded+1","floor":21.0},{"not_picked":["Lockon","Go for the Eyes","Rebound"],"picked":"SKIP","floor":22.0},{"not_picked":["Stack","Conserve Battery"],"picked":"Doom and Gloom","floor":27.0},{"not_picked":["Conserve Battery","Leap"],"picked":"Defragment","floor":28.0},{"not_picked":["Coolheaded+1","Turbo","Thunder Strike"],"picked":"Singing Bowl","floor":31.0},{"not_picked":["Hyperbeam","Rainbow","Amplify"],"picked":"Singing Bowl","floor":33.0},{"not_picked":["Sweeping Beam","Ball Lightning","Turbo"],"picked":"Singing Bowl","floor":35.0},{"not_picked":["Blizzard+1","Turbo"],"picked":"Hologram+1","floor":37.0},{"not_picked":["Madness","Deep Breath","Forethought"],"picked":"Singing Bowl","floor":38.0},{"not_picked":["PanicButton","Finesse"],"picked":"Master of Strategy","floor":38.0},{"not_picked":["Blind","Trip","Deep Breath"],"picked":"Singing Bowl","floor":38.0},{"not_picked":["Compile Driver","Ball Lightning","FTL"],"picked":"Singing Bowl","floor":39.0},{"not_picked":["Redo+1","Turbo+1"],"picked":"Leap+1","floor":41.0},{"not_picked":["Redo","White Noise","Rebound+1"],"picked":"Singing Bowl","floor":45.0},{"not_picked":["Beam Cell","Conserve Battery+1","Melter"],"picked":"Singing Bowl","floor":46.0},{"not_picked":["Streamline","Self Repair+1","Aggregate+1"],"picked":"Singing Bowl","floor":48.0},{"not_picked":["Conserve Battery","Darkness"],"picked":"Seek","floor":55}],"player_experience":2578687,"relics_obtained":[{"floor":6.0,"key":"Pantograph"},{"floor":8.0,"key":"CeramicFish"},{"floor":9.0,"key":"The Courier"},{"floor":12.0,"key":"Blood Vial"},{"floor":26.0,"key":"Orichalcum"},{"floor":27.0,"key":"Eternal Feather"},{"floor":28.0,"key":"Dead Branch"},{"floor":28.0,"key":"HornCleat"},{"floor":31.0,"key":"Singing Bowl"},{"floor":46.0,"key":"Lizard Tail"},{"floor":48.0,"key":"StrikeDummy"},{"floor":55,"key":"Gremlin Horn"}],"event_choices":[{"damage_healed":0.0,"max_hp_gain":0.0,"max_hp_loss":0.0,"gold_gain":0.0,"event_name":"Liars Game","player_choice":"Ignored","floor":3.0,"gold_loss":0.0,"damage_taken":0.0},{"damage_healed":0.0,"max_hp_gain":5.0,"max_hp_loss":0.0,"gold_gain":0.0,"event_name":"Big Fish","player_choice":"Donut","floor":4.0,"gold_loss":0.0,"damage_taken":0.0},{"damage_healed":20.0,"max_hp_gain":0.0,"max_hp_loss":0.0,"gold_gain":0.0,"event_name":"The Cleric","player_choice":"Healed","floor":14.0,"gold_loss":35.0,"damage_taken":0.0},{"damage_healed":0.0,"max_hp_gain":0.0,"max_hp_loss":41.0,"gold_gain":0.0,"event_name":"Ghosts","player_choice":"Became a Ghost","floor":19.0,"gold_loss":0.0,"damage_taken":0.0,"cards_obtained":["Ghostly","Ghostly","Ghostly"]},{"cards_removed":["Strike_B"],"damage_healed":0.0,"max_hp_gain":0.0,"max_hp_loss":0.0,"gold_gain":0.0,"event_name":"Purifier","player_choice":"Purged","floor":20.0,"gold_loss":0.0,"damage_taken":0.0},{"damage_healed":0.0,"max_hp_gain":0.0,"max_hp_loss":0.0,"gold_gain":0.0,"event_name":"Colosseum","player_choice":"Fight","floor":28.0,"gold_loss":0.0,"damage_taken":0.0},{"damage_healed":0.0,"max_hp_gain":0.0,"max_hp_loss":0.0,"gold_gain":0.0,"event_name":"Colosseum","player_choice":"Fought Nobs","floor":28.0,"gold_loss":0.0,"damage_taken":0.0},{"damage_healed":0.0,"max_hp_gain":0.0,"max_hp_loss":0.0,"gold_gain":0.0,"event_name":"Tomb of Lord Red Mask","player_choice":"Ignored","floor":36.0,"gold_loss":0.0,"damage_taken":0.0},{"damage_healed":0.0,"max_hp_gain":0.0,"max_hp_loss":0.0,"gold_gain":0.0,"event_name":"SensoryStone","player_choice":"Memory 3","floor":38.0,"gold_loss":0.0,"damage_taken":10.0},{"damage_healed":0.0,"max_hp_gain":0.0,"max_hp_loss":0.0,"gold_gain":0.0,"event_name":"Lab","player_choice":"Got Potions","floor":47.0,"gold_loss":0.0,"damage_taken":0.0}],"is_beta":true,"boss_relics":[{"not_picked":["Inserter","Tiny House"],"picked":"Nuclear Battery"},{"not_picked":["Black Star","Astrolabe"],"picked":"Fusion Hammer"}],"items_purged_floors":[24,29],"is_endless":false,"potions_floor_spawned":[1,6,8,11,13,21,28,39,41,46,55],"killed_by":"The Heart","ascension_level":20}