{"gold_per_floor":[112,112,112,122,138,163,163,176,176,176,187,187,262,295,295,370,370,383,383,383,14,14,45,45,77,124,124,124,156,190,217,217,295,295,306,316,591,329,341,369,369,369],"floor_reached":42,"playtime":6691,"items_purged":["Strike_B","Regret"],"score":1106,"play_id":"654192a1-ca1e-4bbb-8a00-7eace9d190f6","local_time":"20200808145420","is_ascension_mode":true,"campfire_choices":[{"data":"Zap","floor":7.0,"key":"SMITH"},{"data":"Self Repair","floor":10.0,"key":"SMITH"},{"data":"Compile Driver","floor":12.0,"key":"SMITH"},{"data":"Multi-Cast","floor":15.0,"key":"SMITH"},{"floor":24.0,"key":"RECALL"},{"floor":28.0,"key":"REST"},{"floor":32.0,"key":"REST"},{"floor":41,"key":"REST"}],"neow_cost":"TEN_PERCENT_HP_LOSS","seed_source_timestamp":0,"circlet_count":0,"master_deck":["AscendersBane","Strike_B+1","Defend_B","Defend_B+1","Defend_B","Zap+1","Dualcast","Self Repair+1","Darkness+1","Glacier","Lockon+1","Barrage+1","Compile Driver+1","Multi-Cast+1","Buffer","Sweeping Beam","Apotheosis","Undo","Ball Lightning","Biased Cognition","Reinforced Body","Hologram+1","Cold Snap","Redo","Coolheaded","Buffer","Sweeping Beam+1","Glacier","FTL","Turbo+1","Consume+1"],"special_seed":0,"relics":["FrozenCore","Whetstone","WingedGreaves","Fusion Hammer","Sundial","Orichalcum","PreservedInsect","Lantern","Pen Nib","Anchor","Orrery","Blue Candle"],"potions_floor_usage":[42],"damage_taken":[{"damage":8.0,"enemies":"2 Louse","floor":1.0,"turns":4.0},{"damage":4.0,"enemies":"Small Slimes","floor":4.0,"turns":3.0},{"damage":0.0,"enemies":"Jaw Worm","floor":5.0,"turns":3.0},{"damage":8.0,"enemies":"Lagavulin","floor":6.0,"turns":7.0},{"damage":1.0,"enemies":"Exordium Wildlife","floor":8.0,"turns":5.0},{"damage":3.0,"enemies":"Red Slaver","floor":11.0,"turns":2.0},{"damage":22.0,"enemies":"3 Sentries","floor":14.0,"turns":9.0},{"damage":3.0,"enemies":"The Guardian","floor":16.0,"turns":10.0},{"damage":23.0,"enemies":"Chosen","floor":18.0,"turns":5.0},{"damage":0.0,"enemies":"Gremlin Leader","floor":23.0,"turns":5.0},{"damage":23.0,"enemies":"Book of Stabbing","floor":25.0,"turns":4.0},{"damage":32.0,"enemies":"Gremlin Leader","floor":29.0,"turns":6.0},{"damage":19.0,"enemies":"Book of Stabbing","floor":30.0,"turns":6.0},{"damage":29.0,"enemies":"Gremlin Leader","floor":31.0,"turns":6.0},{"damage":18.0,"enemies":"Automaton","floor":33.0,"turns":12.0},{"damage":0,"enemies":"Orb Walker","floor":35,"turns":2},{"damage":0,"enemies":"3 Shapes","floor":36,"turns":4},{"damage":25,"enemies":"Writhing Mass","floor":39,"turns":9},{"damage":36,"enemies":"Giant Head","floor":40,"turns":12},{"damage":33,"enemies":"Reptomancer","floor":42,"turns":2}],"seed_played":"-2654888255883999538","potions_obtained":[{"floor":1.0,"key":"Explosive Potion"},{"floor":5.0,"key":"Weak Potion"},{"floor":16.0,"key":"Fire Potion"},{"floor":18.0,"key":"EssenceOfDarkness"},{"floor":23.0,"key":"Energy Potion"},{"floor":30.0,"key":"SkillPotion"},{"floor":40,"key":"PotionOfCapacity"}],"is_trial":false,"path_per_floor":["M","?","?","M","M","E","R","M","T","R","M","R","?","E","R","B",null,"M","?","?","$","?","E","R","E","T","$","R","E","E","E","R","B",null,"M","M","?","$","M","E","R","E"],"character_chosen":"DEFECT","items_purchased":["Apotheosis","Undo","Ball Lightning","Orrery"],"campfire_rested":3,"item_purchase_floors":[21,21,21,38],"current_hp_per_floor":[63,63,44,47,54,53,53,59,59,59,64,64,53,41,41,48,60,47,47,47,47,47,57,57,44,44,44,63,41,32,3,22,14,52,52,52,52,52,37,11,30,0],"gold":369,"neow_bonus":"TRANSFORM_TWO_CARDS","is_prod":false,"is_daily":false,"chose_seed":false,"campfire_upgraded":4,"win_rate":0,"timestamp":1596923660,"path_taken":["M","?","?","M","M","E","R","M","T","R","M","R","?","E","R","BOSS","M","?","?","$","?","E","R","E","T","?","R","E","E","E","R","BOSS","M","M","?","$","M","E","R","E"],"build_version":"2020-07-30","purchased_purges":2,"victory":false,"max_hp_per_floor":[64,64,64,64,64,64,64,64,64,64,64,64,64,64,64,64,64,64,64,64,64,64,64,64,64,64,64,64,64,64,64,64,64,64,64,64,64,64,64,64,64,64],"card_choices":[{"not_picked":["Double Energy","Barrage"],"picked":"Darkness","floor":1.0},{"not_picked":["Blizzard","Undo"],"picked":"Glacier","floor":4.0},{"not_picked":["Leap","Go for the Eyes"],"picked":"Lockon","floor":5.0},{"not_picked":["Hologram","Chill"],"picked":"Barrage","floor":6.0},{"not_picked":["Hologram","Chill","Self Repair"],"picked":"SKIP","floor":8.0},{"not_picked":["Turbo","Sweeping Beam"],"picked":"Compile Driver","floor":11.0},{"not_picked":["Go for the Eyes","Chill"],"picked":"Multi-Cast","floor":14.0},{"not_picked":["Meteor Strike","Creative AI"],"picked":"Buffer","floor":16.0},{"not_picked":["Redo","Aggregate"],"picked":"Sweeping Beam","floor":18.0},{"not_picked":["Go for the Eyes","Leap"],"picked":"Hologram+1","floor":23.0},{"not_picked":["Sweeping Beam","Steam"],"picked":"Cold Snap","floor":25.0},{"not_picked":["Gash","Darkness"],"picked":"Redo","floor":29.0},{"not_picked":["Blizzard","Fission"],"picked":"Coolheaded","floor":30.0},{"not_picked":["Gash","Go for the Eyes","Conserve Battery"],"picked":"SKIP","floor":31.0},{"not_picked":["Machine Learning","Multi-Cast"],"picked":"Buffer","floor":33.0},{"not_picked":["Self Repair","Lockon"],"picked":"Sweeping Beam+1","floor":35},{"not_picked":["Stack+1","Self Repair","Fusion"],"picked":"SKIP","floor":36},{"not_picked":["Leap","Amplify"],"picked":"Glacier","floor":38},{"not_picked":["Melter","Redo+1"],"picked":"FTL","floor":38},{"not_picked":["Barrage","Gash"],"picked":"Turbo+1","floor":38},{"not_picked":["Beam Cell+1","Tempest"],"picked":"Consume+1","floor":39},{"not_picked":["Turbo","Gash","Conserve Battery"],"picked":"SKIP","floor":40}],"player_experience":2565950,"relics_obtained":[{"floor":6.0,"key":"Whetstone"},{"floor":14.0,"key":"WingedGreaves"},{"floor":23.0,"key":"Sundial"},{"floor":25.0,"key":"Orichalcum"},{"floor":26.0,"key":"PreservedInsect"},{"floor":29.0,"key":"Lantern"},{"floor":30.0,"key":"Pen Nib"},{"floor":31.0,"key":"Anchor"},{"floor":40,"key":"Blue Candle"}],"event_choices":[{"damage_healed":0.0,"max_hp_gain":0.0,"max_hp_loss":0.0,"gold_gain":0.0,"event_name":"Living Wall","player_choice":"Grow","floor":2.0,"gold_loss":0.0,"damage_taken":0.0,"cards_upgraded":["Darkness"]},{"damage_healed":0.0,"max_hp_gain":0.0,"max_hp_loss":0.0,"gold_gain":0.0,"event_name":"Shining Light","player_choice":"Entered Light","floor":3.0,"gold_loss":0.0,"damage_taken":19.0,"cards_upgraded":["Strike_B","Defend_B"]},{"damage_healed":0.0,"max_hp_gain":0.0,"max_hp_loss":0.0,"gold_gain":75.0,"event_name":"World of Goop","player_choice":"Gather Gold","floor":13.0,"gold_loss":0.0,"damage_taken":11.0},{"damage_healed":0.0,"max_hp_gain":0.0,"max_hp_loss":0.0,"gold_gain":0.0,"event_name":"Vampires","player_choice":"Ignored","floor":19.0,"gold_loss":0.0,"damage_taken":0.0},{"damage_healed":0.0,"max_hp_gain":0.0,"max_hp_loss":0.0,"gold_gain":0.0,"event_name":"The Mausoleum","player_choice":"Ignored","floor":20.0,"gold_loss":0.0,"damage_taken":0.0},{"damage_healed":0.0,"max_hp_gain":0.0,"max_hp_loss":0.0,"gold_gain":0.0,"cards_transformed":["Gash","Defend_B"],"event_name":"Drug Dealer","player_choice":"Became Test Subject","floor":22.0,"gold_loss":0.0,"damage_taken":0.0,"cards_obtained":["Biased Cognition","Reinforced Body"]},{"damage_healed":0,"gold_gain":275,"player_choice":"Desecrate","damage_taken":0,"max_hp_gain":0,"max_hp_loss":0,"event_name":"Golden Shrine","floor":37,"gold_loss":0,"cards_obtained":["Regret"]}],"is_beta":true,"boss_relics":[{"not_picked":["SacredBark","Sozu"],"picked":"Fusion Hammer"},{"not_picked":["Runic Dome","Runic Pyramid"],"picked":"FrozenCore"}],"items_purged_floors":[21,38],"is_endless":false,"potions_floor_spawned":[1,5,8,16,18,23,30,40],"killed_by":"Reptomancer","ascension_level":20}