{"gold_per_floor":[111,128,128,128,146,177,177,220,245,245,272,69,104,156,156,156],"floor_reached":16,"playtime":1032,"items_purged":[],"score":236,"play_id":"a90b02d2-dc46-4f8e-b3ea-023a294fff23","local_time":"20200809103148","is_ascension_mode":true,"campfire_choices":[{"data":"Zap","floor":7,"key":"SMITH"},{"floor":10,"key":"REST"},{"data":"Sweeping Beam","floor":15,"key":"SMITH"}],"neow_cost":"NONE","seed_source_timestamp":916260702362511,"circlet_count":0,"master_deck":["AscendersBane","Strike_B","Strike_B","Strike_B","Strike_B","Defend_B","Defend_B","Defend_B","Defend_B","Zap+1","Dualcast","Coolheaded","Cold Snap","Leap","Static Discharge","Genetic Algorithm","Sweeping Beam+1","Self Repair","Sweeping Beam"],"special_seed":0,"relics":["Cracked Core","Golden Idol","Pen Nib","CeramicFish","Strawberry","ClockworkSouvenir","Odd Mushroom","Orichalcum"],"potions_floor_usage":[6,8,13,14,16],"damage_taken":[{"damage":7.0,"enemies":"Small Slimes","floor":1.0,"turns":5.0},{"damage":9.0,"enemies":"2 Louse","floor":2.0,"turns":3.0},{"damage":1.0,"enemies":"Jaw Worm","floor":5.0,"turns":5.0},{"damage":10,"enemies":"Lagavulin","floor":6,"turns":7},{"damage":18,"enemies":"3 Sentries","floor":8,"turns":12},{"damage":5,"enemies":"3 Louse","floor":11,"turns":3},{"damage":7,"enemies":"The Mushroom Lair","floor":13,"turns":4},{"damage":8,"enemies":"Gremlin Nob","floor":14,"turns":3},{"damage":59,"enemies":"The Guardian","floor":16,"turns":13}],"seed_played":"1511685263646967175","potions_obtained":[{"floor":2.0,"key":"CultistPotion"},{"floor":5.0,"key":"Fire Potion"},{"floor":8,"key":"PowerPotion"},{"floor":11,"key":"Block Potion"},{"floor":13,"key":"LiquidBronze"}],"is_trial":false,"path_per_floor":["M","M","?","?","M","E","R","E","T","R","M","$","?","E","R","B"],"character_chosen":"DEFECT","items_purchased":["ClockworkSouvenir","Sweeping Beam"],"campfire_rested":1,"item_purchase_floors":[12,12],"current_hp_per_floor":[57,48,48,48,47,37,37,19,26,47,42,42,35,34,34,0],"gold":156,"neow_bonus":"THREE_CARDS","is_prod":false,"is_daily":false,"chose_seed":false,"campfire_upgraded":2,"win_rate":0,"timestamp":1596994308,"path_taken":["M","M","?","?","M","E","R","E","T","R","M","$","?","E","R","BOSS"],"build_version":"2020-07-30","purchased_purges":0,"victory":false,"max_hp_per_floor":[71,71,64,64,64,64,64,64,71,71,71,71,71,71,71,71],"card_choices":[{"not_picked":["Rebound","Hologram"],"picked":"Coolheaded","floor":0.0},{"not_picked":["Rebound","Go for the Eyes","Redo"],"picked":"SKIP","floor":1.0},{"not_picked":["Hologram","Gash"],"picked":"Cold Snap","floor":2.0},{"not_picked":["Heatsinks","Fusion"],"picked":"Leap","floor":5.0},{"not_picked":["Streamline","Turbo","Leap"],"picked":"SKIP","floor":6},{"not_picked":["Scrape","Self Repair"],"picked":"Static Discharge","floor":8},{"not_picked":["Storm","Undo"],"picked":"Genetic Algorithm","floor":11},{"not_picked":["Gash","Stack"],"picked":"Self Repair","floor":13},{"not_picked":["Beam Cell","Scrape"],"picked":"Sweeping Beam","floor":14}],"player_experience":2587728,"relics_obtained":[{"floor":6,"key":"Pen Nib"},{"floor":8,"key":"CeramicFish"},{"floor":9,"key":"Strawberry"},{"floor":13,"key":"Odd Mushroom"},{"floor":14,"key":"Orichalcum"}],"event_choices":[{"damage_healed":0.0,"max_hp_gain":0.0,"max_hp_loss":7.0,"gold_gain":0.0,"event_name":"Golden Idol","player_choice":"Lose Max HP","floor":3.0,"gold_loss":0.0,"damage_taken":0.0,"relics_obtained":["Golden Idol"]},{"damage_healed":0.0,"max_hp_gain":0.0,"max_hp_loss":0.0,"gold_gain":0.0,"event_name":"Liars Game","player_choice":"Ignored","floor":4.0,"gold_loss":0.0,"damage_taken":0.0},{"damage_healed":0,"gold_gain":0,"player_choice":"Fought Mushrooms","damage_taken":0,"max_hp_gain":0,"max_hp_loss":0,"event_name":"Mushrooms","floor":13,"gold_loss":0}],"is_beta":true,"boss_relics":[],"items_purged_floors":[],"is_endless":false,"potions_floor_spawned":[2,5,8,11,13],"killed_by":"The Guardian","ascension_level":20}