{"gold_per_floor":[112,128,93,93,15,15,42,42,42,42,117,130,144,163,163,234,234,248,258,15,15,34,34],"floor_reached":23,"playtime":1712,"items_purged":["Strike_B"],"score":382,"play_id":"0fad7c81-dfe7-44a8-9224-82fedf9367d4","local_time":"20200802214600","is_ascension_mode":true,"campfire_choices":[{"data":"Sunder","floor":6,"key":"SMITH"},{"data":"Zap","floor":10,"key":"SMITH"},{"data":"Rainbow","floor":15,"key":"SMITH"}],"neow_cost":"NONE","seed_source_timestamp":618869185946584,"circlet_count":0,"master_deck":["AscendersBane","Strike_B","Strike_B","Strike_B","Defend_B","Defend_B","Defend_B","Defend_B","Zap+1","Dualcast","Compile Driver","Reinforced Body","Sunder+1","Chill","Coolheaded","Rainbow+1","Electrodynamics","Cold Snap"],"relics":["Cracked Core","Vajra","Ornamental Fan","HornCleat","Inserter","Bag of Preparation"],"potions_floor_usage":[16,22,22],"damage_taken":[{"damage":14,"enemies":"Jaw Worm","floor":1,"turns":4},{"damage":2,"enemies":"2 Louse","floor":2,"turns":3},{"damage":8,"enemies":"Gremlin Nob","floor":7,"turns":3},{"damage":0,"enemies":"Small Slimes","floor":12,"turns":1},{"damage":11,"enemies":"Looter","floor":13,"turns":2},{"damage":0,"enemies":"3 Louse","floor":14,"turns":3},{"damage":17,"enemies":"Slime Boss","floor":16,"turns":9},{"damage":26,"enemies":"Shell Parasite","floor":18,"turns":8},{"damage":9,"enemies":"Spheric Guardian","floor":19,"turns":6},{"damage":17,"enemies":"Cultist and Chosen","floor":22,"turns":7},{"damage":29,"enemies":"Slavers","floor":23,"turns":1}],"seed_played":"5864412802133525303","potions_obtained":[{"floor":7,"key":"FocusPotion"},{"floor":12,"key":"PowerPotion"},{"floor":16,"key":"Energy Potion"}],"is_trial":false,"path_per_floor":["M","M","?","T","$","R","E","?","T","R","?","M","M","M","R","B",null,"M","M","$","?","M","E"],"character_chosen":"DEFECT","items_purchased":["Sunder","Bag of Preparation"],"campfire_rested":0,"item_purchase_floors":[5,20],"current_hp_per_floor":[50,48,65,65,65,65,57,62,62,62,51,51,40,40,40,23,63,37,28,28,43,26,0],"gold":34,"neow_bonus":"THREE_CARDS","is_prod":false,"is_daily":false,"chose_seed":false,"campfire_upgraded":3,"win_rate":0,"timestamp":1596429960,"path_taken":["M","M","?","?","$","R","E","?","T","R","?","M","M","M","R","BOSS","M","M","$","?","M","E"],"build_version":"2020-07-30","purchased_purges":1,"victory":false,"max_hp_per_floor":[71,71,71,71,71,71,71,76,76,76,76,76,76,76,76,76,76,76,76,76,76,76,76],"card_choices":[{"not_picked":["Fusion","Redo"],"picked":"Compile Driver","floor":1},{"not_picked":["Steam","Lockon"],"picked":"Reinforced Body","floor":2},{"not_picked":["Undo","Redo"],"picked":"Chill","floor":7},{"not_picked":["Leap","Turbo","Hologram"],"picked":"SKIP","floor":12},{"not_picked":["Redo","Reprogram"],"picked":"Coolheaded","floor":13},{"not_picked":["Compile Driver","Consume"],"picked":"Rainbow","floor":14},{"not_picked":["Echo Form","Seek"],"picked":"Electrodynamics","floor":16},{"not_picked":["Sweeping Beam","Steam+1"],"picked":"Cold Snap","floor":18},{"not_picked":["Turbo","Capacitor","Beam Cell"],"picked":"SKIP","floor":19},{"not_picked":["Beam Cell","Turbo","Recycle+1"],"picked":"SKIP","floor":22}],"player_experience":2516939,"relics_obtained":[{"floor":4,"key":"Vajra"},{"floor":7,"key":"Ornamental Fan"},{"floor":9,"key":"HornCleat"}],"event_choices":[{"damage_healed":17,"gold_gain":0,"player_choice":"Healed","damage_taken":0,"max_hp_gain":0,"max_hp_loss":0,"event_name":"The Cleric","floor":3,"gold_loss":35},{"damage_healed":0,"gold_gain":0,"player_choice":"Donut","damage_taken":0,"max_hp_gain":5,"max_hp_loss":0,"event_name":"Big Fish","floor":8,"gold_loss":0},{"damage_healed":0,"gold_gain":75,"player_choice":"Gather Gold","damage_taken":11,"max_hp_gain":0,"max_hp_loss":0,"event_name":"World of Goop","floor":11,"gold_loss":0},{"damage_healed":15,"gold_gain":0,"player_choice":"Heal","damage_taken":0,"max_hp_gain":0,"max_hp_loss":0,"event_name":"The Library","floor":21,"gold_loss":0}],"is_beta":true,"boss_relics":[{"not_picked":["Calling Bell","Tiny House"],"picked":"Inserter"}],"items_purged_floors":[20],"is_endless":false,"potions_floor_spawned":[7,12,13,16,19],"killed_by":"Slavers","ascension_level":20}