{"gold_per_floor":[111,37,47,47,62,62,97,97,97,97,136,30,30,45,45,144,144,169,203,217,217,231,231,250,15,15,56,181,181,224,30,30,128,128,141,162,185,201,201],"floor_reached":39,"playtime":3708,"items_purged":["Strike_B"],"score":858,"play_id":"f510ffc4-2a3d-4cc7-a711-961be07826a9","local_time":"20201104122221","is_ascension_mode":true,"campfire_choices":[{"data":"Sunder","floor":6.0,"key":"SMITH"},{"data":"Static Discharge","floor":8.0,"key":"SMITH"},{"data":"Zap","floor":10.0,"key":"SMITH"},{"floor":13.0,"key":"REST"},{"floor":15.0,"key":"REST"},{"data":"Fission","floor":23.0,"key":"SMITH"},{"data":"Biased Cognition","floor":29,"key":"SMITH"},{"data":"Loop","floor":32,"key":"SMITH"}],"neow_cost":"NONE","seed_source_timestamp":1767552076962200,"circlet_count":0,"master_deck":["AscendersBane","Strike_B+1","Strike_B+1","Defend_B","Defend_B","Defend_B","Defend_B","Zap+1","Dualcast","Barrage","Static Discharge+1","Biased Cognition+1","Sunder+1","Compile Driver","Steam","Ball Lightning","Coolheaded","Sweeping Beam","Buffer","Cold Snap","Go for the Eyes+1","Fission+1","Chill","Loop+1","Conserve Battery","Thunder Strike","Conserve Battery+1","Steam+1","Cold Snap"],"special_seed":0,"relics":["Cracked Core","Whetstone","Golden Idol","Matryoshka","DataDisk","Calipers","Lantern","Runic Pyramid","Red Mask","Medical Kit","Dream Catcher","Blue Candle","Lizard Tail","Incense Burner","Darkstone Periapt","Art of War","Sozu"],"potions_floor_usage":[30],"damage_taken":[{"damage":2.0,"enemies":"Jaw Worm","floor":1.0,"turns":3.0},{"damage":1.0,"enemies":"2 Louse","floor":3.0,"turns":3.0},{"damage":1.0,"enemies":"Cultist","floor":5.0,"turns":4.0},{"damage":25.0,"enemies":"3 Sentries","floor":7.0,"turns":5.0},{"damage":25.0,"enemies":"Lagavulin","floor":11.0,"turns":5.0},{"damage":0.0,"enemies":"2 Fungi Beasts","floor":14.0,"turns":2.0},{"damage":11.0,"enemies":"Slime Boss","floor":16.0,"turns":9.0},{"damage":0.0,"enemies":"Spheric Guardian","floor":18.0,"turns":3.0},{"damage":17.0,"enemies":"Masked Bandits","floor":19.0,"turns":5.0},{"damage":0.0,"enemies":"Chosen","floor":20.0,"turns":5.0},{"damage":3.0,"enemies":"Snecko","floor":22.0,"turns":4.0},{"damage":4.0,"enemies":"Chosen and Byrds","floor":24.0,"turns":7.0},{"damage":13.0,"enemies":"Book of Stabbing","floor":27.0,"turns":5.0},{"damage":10,"enemies":"Colosseum Slavers","floor":28,"turns":4},{"damage":9,"enemies":"Colosseum Nobs","floor":28,"turns":4},{"damage":2,"enemies":"Slavers","floor":30,"turns":5},{"damage":34,"enemies":"Automaton","floor":33,"turns":13},{"damage":29,"enemies":"3 Darklings","floor":35,"turns":6},{"damage":3,"enemies":"Orb Walker","floor":36,"turns":3},{"damage":17,"enemies":"3 Darklings","floor":37,"turns":7},{"damage":0,"enemies":"Writhing Mass","floor":38,"turns":9},{"damage":21,"enemies":"Jaw Worm Horde","floor":39,"turns":2}],"seed_played":"1172203099938944573","potions_obtained":[{"floor":7.0,"key":"FairyPotion"},{"floor":11.0,"key":"ColorlessPotion"},{"floor":16.0,"key":"BlessingOfTheForge"},{"floor":22.0,"key":"Weak Potion"},{"floor":24.0,"key":"Strength Potion"},{"floor":28,"key":"Block Potion"}],"is_trial":false,"path_per_floor":["M","$","M","?","M","R","E","R","T","R","E","$","R","M","R","B",null,"M","?","M","?","M","R","M","$","T","E","?","R","E","$","R","B",null,"M","M","M","M","M"],"character_chosen":"DEFECT","items_purchased":["Static Discharge","Ball Lightning","Coolheaded","Medical Kit","Loop","Conserve Battery","Dexterity Potion"],"campfire_rested":2,"item_purchase_floors":[2,12,12,25,31,31,31],"current_hp_per_floor":[62,62,61,61,60,60,35,35,35,35,10,10,29,29,48,37,57,57,40,40,40,37,37,33,33,33,20,1,1,19,19,19,32,56,27,24,7,7,0],"gold":201,"neow_bonus":"RANDOM_COMMON_RELIC","is_prod":false,"is_daily":false,"chose_seed":false,"campfire_upgraded":6,"win_rate":0,"timestamp":1604521341,"path_taken":["M","$","M","?","M","R","E","R","T","R","E","?","R","M","R","BOSS","M","?","M","?","?","R","M","$","T","E","?","R","E","$","R","BOSS","M","M","M","M","M"],"build_version":"2020-07-30","purchased_purges":1,"victory":false,"max_hp_per_floor":[71,71,71,64,64,64,64,64,64,64,64,64,64,64,64,64,64,64,64,64,64,64,64,64,64,64,64,64,64,64,64,64,64,64,64,64,64,64,64],"card_choices":[{"not_picked":["Hologram","Redo"],"picked":"Barrage","floor":1.0},{"not_picked":["Stack","Go for the Eyes"],"picked":"Biased Cognition","floor":3.0},{"not_picked":["Stack","Capacitor"],"picked":"Sunder","floor":5.0},{"not_picked":["Aggregate","Consume"],"picked":"Compile Driver","floor":7.0},{"not_picked":["Streamline","Storm"],"picked":"Steam","floor":11.0},{"not_picked":["Blizzard","Barrage"],"picked":"Sweeping Beam","floor":14.0},{"not_picked":["Amplify","Rainbow"],"picked":"Buffer","floor":16.0},{"not_picked":["Skim","Rip and Tear"],"picked":"Cold Snap","floor":18.0},{"not_picked":["Stack","Lockon"],"picked":"Go for the Eyes+1","floor":19.0},{"not_picked":["Chaos","Beam Cell","Stack"],"picked":"SKIP","floor":20.0},{"not_picked":["Go for the Eyes","Gash","Stack"],"picked":"SKIP","floor":22.0},{"not_picked":["Melter","Force Field","Reprogram+1"],"picked":"SKIP","floor":24.0},{"not_picked":["Scrape","Tempest","Beam Cell+1"],"picked":"SKIP","floor":27.0},{"not_picked":["Go for the Eyes","Steam Power"],"picked":"Chill","floor":28},{"not_picked":["Barrage","Consume","Darkness"],"picked":"SKIP","floor":30},{"not_picked":["Multi-Cast","Fission"],"picked":"Thunder Strike","floor":33},{"not_picked":["Streamline","Stack"],"picked":"Conserve Battery+1","floor":35},{"not_picked":["Self Repair","Rip and Tear","Conserve Battery"],"picked":"SKIP","floor":36},{"not_picked":["Barrage","Beam Cell+1"],"picked":"Steam+1","floor":37},{"not_picked":["Redo","Auto Shields+1"],"picked":"Cold Snap","floor":38}],"player_experience":2644471,"relics_obtained":[{"floor":7.0,"key":"Matryoshka"},{"floor":9.0,"key":"DataDisk"},{"floor":9.0,"key":"Calipers"},{"floor":11.0,"key":"Lantern"},{"floor":19.0,"key":"Red Mask"},{"floor":26.0,"key":"Dream Catcher"},{"floor":26.0,"key":"Blue Candle"},{"floor":27.0,"key":"Lizard Tail"},{"floor":28,"key":"Incense Burner"},{"floor":28,"key":"Darkstone Periapt"},{"floor":30,"key":"Art of War"}],"event_choices":[{"damage_healed":0.0,"max_hp_gain":0.0,"max_hp_loss":7.0,"gold_gain":0.0,"event_name":"Golden Idol","player_choice":"Lose Max HP","floor":4.0,"gold_loss":0.0,"damage_taken":0.0,"relics_obtained":["Golden Idol"]},{"damage_healed":0.0,"max_hp_gain":0.0,"max_hp_loss":0.0,"gold_gain":0.0,"event_name":"Masked Bandits","player_choice":"Fought Bandits","floor":19.0,"gold_loss":0.0,"damage_taken":0.0},{"damage_healed":0.0,"max_hp_gain":0.0,"max_hp_loss":0.0,"gold_gain":0.0,"cards_transformed":["Strike_B"],"event_name":"Transmorgrifier","player_choice":"Transformed","floor":21.0,"gold_loss":0.0,"damage_taken":0.0,"cards_obtained":["Fission"]},{"damage_healed":0,"gold_gain":0,"player_choice":"Fight","damage_taken":0,"max_hp_gain":0,"max_hp_loss":0,"event_name":"Colosseum","floor":28,"gold_loss":0},{"damage_healed":0,"gold_gain":0,"player_choice":"Fought Nobs","damage_taken":0,"max_hp_gain":0,"max_hp_loss":0,"event_name":"Colosseum","floor":28,"gold_loss":0}],"is_beta":true,"boss_relics":[{"not_picked":["Calling Bell","SacredBark"],"picked":"Runic Pyramid"},{"not_picked":["Empty Cage","Inserter"],"picked":"Sozu"}],"items_purged_floors":[25],"is_endless":false,"potions_floor_spawned":[7,11,16,22,24,28,37,38],"killed_by":"Jaw Worm Horde","ascension_level":20}