{"gold_per_floor":[111,129,129,40,40,70,83,83,108,119,144,160,189,208,208,285,285,302,78,78,78,93,93,112,140,140,184,16,16,16,29,29,100,100,112,112,112,132,7,42,42,72,72,72,97,109,143,156,156,156,156,156,156,73,106,106],"floor_reached":56,"playtime":6460,"items_purged":["Strike_B","Strike_B+1","Strike_B+1"],"score":2296,"play_id":"36ebdd54-405f-4e26-bd1e-a77260cdf5a2","local_time":"20201107135955","is_ascension_mode":true,"campfire_choices":[{"data":"Sunder","floor":8.0,"key":"SMITH"},{"data":"Rainbow","floor":15,"key":"SMITH"},{"data":"Electrodynamics","floor":23,"key":"SMITH"},{"data":"Defragment","floor":29,"key":"SMITH"},{"data":"Coolheaded","floor":30,"key":"SMITH"},{"floor":32,"key":"RECALL"},{"data":"Capacitor","floor":41,"key":"SMITH"},{"floor":44,"key":"REST"},{"floor":49,"key":"REST"},{"data":"Thunder Strike","floor":53,"key":"SMITH"}],"neow_cost":"NONE","seed_source_timestamp":2029915316676200,"circlet_count":0,"master_deck":["AscendersBane","Defend_B+1","Defend_B+1","Defend_B+1","Defend_B+1","Zap","Dualcast","Reinforced Body","Self Repair","Sunder+1","FTL","Coolheaded+1","Rainbow+1","Core Surge","Glacier","Cold Snap","Electrodynamics+1","Ball Lightning","Electrodynamics","Compile Driver","Compile Driver","Defragment+1","Ball Lightning","Meteor Strike","Capacitor+1","Static Discharge+1","Thunder Strike+1","Leap+1","Reinforced Body"],"special_seed":0,"relics":["Cracked Core","NeowsBlessing","Orichalcum","Oddly Smooth Stone","HornCleat","DataDisk","Snecko Eye","Bottled Lightning","WingedGreaves","MawBank","StrikeDummy","Philosopher\u0027s Stone","Potion Belt","Art of War","Vajra","Blood Vial","StoneCalendar"],"potions_floor_usage":[25,51,55,55,55,56,56],"damage_taken":[{"damage":0.0,"enemies":"2 Louse","floor":1.0,"turns":1.0},{"damage":0.0,"enemies":"Small Slimes","floor":2.0,"turns":1.0},{"damage":0.0,"enemies":"3 Sentries","floor":6.0,"turns":1.0},{"damage":0.0,"enemies":"Cultist","floor":7.0,"turns":3.0},{"damage":4.0,"enemies":"Lots of Slimes","floor":10.0,"turns":5.0},{"damage":6.0,"enemies":"Gremlin Nob","floor":11.0,"turns":3.0},{"damage":0,"enemies":"3 Louse","floor":12,"turns":3},{"damage":2,"enemies":"3 Sentries","floor":13,"turns":7},{"damage":5,"enemies":"Exordium Wildlife","floor":14,"turns":4},{"damage":19,"enemies":"Hexaghost","floor":16,"turns":11},{"damage":6,"enemies":"3 Byrds","floor":18,"turns":2},{"damage":7,"enemies":"Shell Parasite","floor":22,"turns":3},{"damage":9,"enemies":"Snecko","floor":24,"turns":4},{"damage":0,"enemies":"Slavers","floor":25,"turns":5},{"damage":0,"enemies":"Gremlin Leader","floor":27,"turns":5},{"damage":0,"enemies":"3 Cultists","floor":31,"turns":2},{"damage":0,"enemies":"Collector","floor":33,"turns":6},{"damage":4,"enemies":"3 Darklings","floor":35,"turns":4},{"damage":0,"enemies":"Orb Walker","floor":38,"turns":3},{"damage":25,"enemies":"Giant Head","floor":40,"turns":7},{"damage":19,"enemies":"Reptomancer","floor":42,"turns":4},{"damage":0,"enemies":"Giant Head","floor":45,"turns":6},{"damage":0,"enemies":"Sphere and 2 Shapes","floor":46,"turns":3},{"damage":21,"enemies":"Nemesis","floor":47,"turns":5},{"damage":0,"enemies":"3 Darklings","floor":48,"turns":5},{"damage":13,"enemies":"Donu and Deca","floor":50,"turns":8},{"damage":14,"enemies":"Time Eater","floor":51,"turns":12},{"damage":48,"enemies":"Shield and Spear","floor":55,"turns":7},{"damage":27,"enemies":"The Heart","floor":56,"turns":3}],"seed_played":"8131626679856029308","potions_obtained":[{"floor":1.0,"key":"Energy Potion"},{"floor":6.0,"key":"FocusPotion"},{"floor":13,"key":"Energy Potion"},{"floor":31,"key":"Dexterity Potion"},{"floor":38,"key":"LiquidMemories"},{"floor":40,"key":"AttackPotion"},{"floor":46,"key":"EssenceOfSteel"},{"floor":48,"key":"Weak Potion"},{"floor":55,"key":"Swift Potion"}],"is_trial":false,"path_per_floor":["M","M","?","$","?","E","M","R","T","M","E","M","E","M","R","B",null,"M","$","T","?","M","R","M","E","T","E","$","R","R","M","R","B",null,"M","?","?","M","$","E","R","E","T","R","E","M","E","M","R","B","B",null,"R","$","E","B"],"character_chosen":"DEFECT","items_purchased":["Sunder","Electrodynamics","Defragment","PotionOfCapacity"],"campfire_rested":2,"item_purchase_floors":[4,19,28,54],"current_hp_per_floor":[64,64,64,64,64,64,71,71,71,71,65,71,71,71,71,59,68,62,62,62,62,62,62,60,60,60,67,67,67,67,71,71,71,71,71,67,67,67,67,49,49,37,37,57,64,67,46,55,67,61,56,64,64,64,25,0],"gold":106,"neow_bonus":"THREE_ENEMY_KILL","is_prod":false,"is_daily":false,"chose_seed":false,"campfire_upgraded":7,"win_rate":0,"timestamp":1604786395,"path_taken":["M","M","?","$","?","E","M","R","T","?","E","M","E","M","R","BOSS","M","$","?","?","M","R","M","E","T","E","?","R","R","M","R","BOSS","M","?","?","M","$","E","R","E","T","R","E","M","E","M","R","BOSS","BOSS","R","$","E","BOSS"],"build_version":"2020-07-30","purchased_purges":3,"victory":false,"max_hp_per_floor":[71,71,71,71,71,71,71,71,71,71,71,71,71,71,71,71,71,71,71,71,71,71,71,71,71,71,71,71,71,71,71,71,71,71,71,67,67,67,67,67,67,67,67,67,67,67,67,67,67,67,67,67,67,67,67,67],"card_choices":[{"not_picked":["Consume","Steam Power"],"picked":"Reinforced Body","floor":1.0},{"not_picked":["Hologram","Steam Power"],"picked":"Self Repair","floor":2.0},{"not_picked":["Reboot","Force Field"],"picked":"FTL","floor":6.0},{"not_picked":["Lockon","BootSequence"],"picked":"Coolheaded","floor":7.0},{"not_picked":["Stack","Compile Driver"],"picked":"Rainbow","floor":10.0},{"not_picked":["Sweeping Beam","Turbo"],"picked":"Core Surge","floor":11.0},{"not_picked":["Barrage","Recycle"],"picked":"Glacier","floor":12},{"not_picked":["Melter","Stack"],"picked":"Cold Snap","floor":13},{"not_picked":["Beam Cell","White Noise","Streamline"],"picked":"SKIP","floor":14},{"not_picked":["Creative AI","Buffer"],"picked":"Electrodynamics","floor":16},{"not_picked":["Steam","BootSequence"],"picked":"Ball Lightning","floor":18},{"not_picked":["Stack+1","Barrage","Conserve Battery"],"picked":"SKIP","floor":22},{"not_picked":["Coolheaded","Redo","Auto Shields"],"picked":"SKIP","floor":24},{"not_picked":["Tempest","Force Field"],"picked":"Compile Driver","floor":25},{"not_picked":["Rebound","Steam"],"picked":"Compile Driver","floor":27},{"not_picked":["Beam Cell","Stack"],"picked":"Ball Lightning","floor":31},{"not_picked":["Hyperbeam","Creative AI"],"picked":"Meteor Strike","floor":33},{"not_picked":["Steam","Recycle","Gash"],"picked":"SKIP","floor":35},{"not_picked":["Streamline","Force Field+1"],"picked":"Capacitor","floor":38},{"not_picked":["Turbo","Storm+1"],"picked":"Static Discharge+1","floor":40},{"not_picked":["Ball Lightning","Static Discharge+1"],"picked":"Thunder Strike","floor":42},{"not_picked":["Stack","Aggregate+1","Hello World+1"],"picked":"SKIP","floor":45},{"not_picked":["Heatsinks","Force Field","Sweeping Beam"],"picked":"SKIP","floor":46},{"not_picked":["Steam","Conserve Battery"],"picked":"Leap+1","floor":47},{"not_picked":["Auto Shields","Tempest+1","Stack"],"picked":"SKIP","floor":48},{"not_picked":["Go for the Eyes","Electrodynamics"],"picked":"Reinforced Body","floor":55}],"player_experience":2677098,"relics_obtained":[{"floor":6.0,"key":"Orichalcum"},{"floor":9.0,"key":"Oddly Smooth Stone"},{"floor":11.0,"key":"HornCleat"},{"floor":13,"key":"DataDisk"},{"floor":20,"key":"Bottled Lightning"},{"floor":25,"key":"WingedGreaves"},{"floor":26,"key":"MawBank"},{"floor":27,"key":"StrikeDummy"},{"floor":40,"key":"Potion Belt"},{"floor":42,"key":"Art of War"},{"floor":45,"key":"Vajra"},{"floor":47,"key":"Blood Vial"},{"floor":55,"key":"StoneCalendar"}],"event_choices":[{"damage_healed":0.0,"max_hp_gain":0.0,"max_hp_loss":0.0,"gold_gain":0.0,"event_name":"Liars Game","player_choice":"Ignored","floor":3.0,"gold_loss":0.0,"damage_taken":0.0},{"cards_removed":["Strike_B"],"damage_healed":0.0,"max_hp_gain":0.0,"max_hp_loss":0.0,"gold_gain":0.0,"event_name":"Purifier","player_choice":"Purged","floor":5.0,"gold_loss":0.0,"damage_taken":0.0},{"damage_healed":0,"gold_gain":0,"player_choice":"Simplicity","damage_taken":0,"max_hp_gain":0,"max_hp_loss":0,"event_name":"Back to Basics","floor":21,"gold_loss":0,"cards_upgraded":["Strike_B","Strike_B","Defend_B","Defend_B","Defend_B","Defend_B"]},{"damage_healed":0,"gold_gain":0,"player_choice":"Max HP","damage_taken":0,"max_hp_gain":0,"max_hp_loss":4,"event_name":"Winding Halls","floor":36,"gold_loss":0},{"damage_healed":0,"gold_gain":0,"player_choice":"Ignored","damage_taken":0,"max_hp_gain":0,"max_hp_loss":0,"event_name":"Tomb of Lord Red Mask","floor":37,"gold_loss":0}],"is_beta":true,"boss_relics":[{"not_picked":["Runic Dome","Empty Cage"],"picked":"Snecko Eye"},{"not_picked":["Sozu","SacredBark"],"picked":"Philosopher\u0027s Stone"}],"items_purged_floors":[19,28,39],"is_endless":false,"potions_floor_spawned":[1,6,13,14,16,24,31,38,40,46,48,55],"killed_by":"The Heart","ascension_level":20}