{"gold_per_floor":[119,169,184,96,108,108,134,134,134,162,183,252,277,217,217,304,304,326,376,426,442,469,498,498,498],"floor_reached":25,"playtime":1286,"items_purged":["Strike_B"],"score":608,"play_id":"6d8a7bff-a5ff-4901-87cd-899388b7fb16","local_time":"20201105223747","is_ascension_mode":true,"campfire_choices":[{"data":"Zap","floor":6.0,"key":"SMITH"},{"data":"Ball Lightning","floor":8.0,"key":"SMITH"},{"data":"Capacitor","floor":15.0,"key":"SMITH"},{"data":"Biased Cognition","floor":24,"key":"SMITH"}],"neow_cost":"NONE","seed_source_timestamp":1893367902847500,"circlet_count":0,"master_deck":["AscendersBane","Strike_B","Strike_B","Strike_B","Defend_B","Defend_B","Defend_B","Defend_B","Zap+1","Dualcast","Cold Snap","Genetic Algorithm","Ball Lightning+1","Compile Driver","Capacitor+1","Cold Snap","Biased Cognition+1","Leap","Ghostly","Ghostly","Ghostly"],"special_seed":0,"relics":["Cracked Core","NeowsBlessing","Thread and Needle","The Courier","CeramicFish","Cursed Key","Pen Nib"],"potions_floor_usage":[23,25,25],"damage_taken":[{"damage":0.0,"enemies":"Jaw Worm","floor":1.0,"turns":1.0},{"damage":0.0,"enemies":"Cultist","floor":3.0,"turns":1.0},{"damage":0.0,"enemies":"Small Slimes","floor":5.0,"turns":1.0},{"damage":20.0,"enemies":"Lagavulin","floor":7.0,"turns":5.0},{"damage":2.0,"enemies":"Gremlin Nob","floor":10.0,"turns":3.0},{"damage":2.0,"enemies":"Blue Slaver","floor":11.0,"turns":3.0},{"damage":2.0,"enemies":"Looter","floor":13.0,"turns":3.0},{"damage":0.0,"enemies":"The Guardian","floor":16.0,"turns":11.0},{"damage":13.0,"enemies":"Chosen","floor":18.0,"turns":5.0},{"damage":0.0,"enemies":"Spheric Guardian","floor":21.0,"turns":3.0},{"damage":0,"enemies":"Slavers","floor":23,"turns":6},{"damage":38,"enemies":"Gremlin Leader","floor":25,"turns":9}],"seed_played":"-8829700919012483791","potions_obtained":[{"floor":1.0,"key":"AttackPotion"},{"floor":5.0,"key":"BlessingOfTheForge"},{"floor":7.0,"key":"SteroidPotion"},{"floor":11.0,"key":"Energy Potion"},{"floor":13.0,"key":"EntropicBrew"}],"is_trial":false,"path_per_floor":["M","?","M","$","M","R","E","R","T","E","M","?","M","$","R","B",null,"M","?","?","M","?","E","R","E"],"character_chosen":"DEFECT","items_purchased":["Genetic Algorithm"],"campfire_rested":0,"item_purchase_floors":[4],"current_hp_per_floor":[64,57,57,57,57,57,37,37,37,35,33,33,31,31,31,31,61,48,48,48,48,35,35,35,0],"gold":498,"neow_bonus":"THREE_ENEMY_KILL","is_prod":false,"is_daily":false,"chose_seed":false,"campfire_upgraded":4,"win_rate":0,"timestamp":1604644667,"path_taken":["M","?","M","$","?","R","E","R","T","E","M","?","M","$","R","BOSS","M","?","?","?","?","E","R","E"],"build_version":"2020-07-30","purchased_purges":1,"victory":false,"max_hp_per_floor":[71,71,71,71,71,71,71,71,71,71,71,71,71,71,71,71,71,71,71,71,71,35,35,35,35],"card_choices":[{"not_picked":["BootSequence","Reprogram","Gash"],"picked":"SKIP","floor":1.0},{"not_picked":["Gash","Consume"],"picked":"Cold Snap","floor":3.0},{"not_picked":["Turbo","Capacitor"],"picked":"Ball Lightning","floor":5.0},{"not_picked":["Leap","Gash"],"picked":"Compile Driver","floor":7.0},{"not_picked":["Rebound","Turbo","Hologram"],"picked":"SKIP","floor":10.0},{"not_picked":["Coolheaded","Gash"],"picked":"Capacitor","floor":11.0},{"not_picked":["Recycle","Undo"],"picked":"Cold Snap","floor":13.0},{"not_picked":["Echo Form","Fission"],"picked":"Biased Cognition","floor":16.0},{"not_picked":["Redo+1","Conserve Battery"],"picked":"Leap","floor":18.0},{"not_picked":["Leap","Double Energy","Conserve Battery"],"picked":"SKIP","floor":21.0},{"not_picked":["Self Repair","Heatsinks+1","Leap"],"picked":"SKIP","floor":23}],"player_experience":2657775,"relics_obtained":[{"floor":7.0,"key":"Thread and Needle"},{"floor":9.0,"key":"The Courier"},{"floor":10.0,"key":"CeramicFish"},{"floor":23,"key":"Pen Nib"}],"event_choices":[{"damage_healed":0.0,"max_hp_gain":0.0,"max_hp_loss":0.0,"gold_gain":50.0,"event_name":"FaceTrader","player_choice":"Touch","floor":2.0,"gold_loss":0.0,"damage_taken":7.0},{"damage_healed":0.0,"max_hp_gain":0.0,"max_hp_loss":0.0,"gold_gain":69.0,"event_name":"Golden Wing","player_choice":"Gained Gold","floor":12.0,"gold_loss":0.0,"damage_taken":0.0},{"damage_healed":0.0,"max_hp_gain":0.0,"max_hp_loss":0.0,"gold_gain":50.0,"event_name":"Nest","player_choice":"Stole From Cult","floor":19.0,"gold_loss":0.0,"damage_taken":0.0},{"damage_healed":0.0,"max_hp_gain":0.0,"max_hp_loss":0.0,"gold_gain":100.0,"event_name":"The Joust","player_choice":"Bet on Murderer","floor":20.0,"gold_loss":50.0,"damage_taken":0.0},{"damage_healed":0.0,"max_hp_gain":0.0,"max_hp_loss":36.0,"gold_gain":0.0,"event_name":"Ghosts","player_choice":"Became a Ghost","floor":22.0,"gold_loss":0.0,"damage_taken":0.0,"cards_obtained":["Ghostly","Ghostly","Ghostly"]}],"is_beta":true,"boss_relics":[{"not_picked":["Inserter","Nuclear Battery"],"picked":"Cursed Key"}],"items_purged_floors":[14],"is_endless":false,"potions_floor_spawned":[1,5,7,11,13,21],"killed_by":"Gremlin Leader","ascension_level":20}