{"gold_per_floor":[116,135,52,66,66,66,93,93,147,147,159,169,198,212,212,286,286,304,304,320,336,17,17,69,69,69,69,69,69],"floor_reached":29,"playtime":1771,"items_purged":["Reprogram"],"score":466,"play_id":"395956a3-02cb-43b6-84f0-04b29cbd875c","local_time":"20201101130527","is_ascension_mode":true,"campfire_choices":[{"data":"Zap","floor":6,"key":"SMITH"},{"data":"Doom and Gloom","floor":8,"key":"SMITH"},{"floor":15,"key":"REST"},{"data":"Defragment","floor":23,"key":"SMITH"},{"floor":25,"key":"REST"}],"neow_cost":"TEN_PERCENT_HP_LOSS","seed_source_timestamp":1512960804223300,"circlet_count":0,"master_deck":["AscendersBane","Zap+1","Dualcast","Coolheaded+1","Sweeping Beam+1","Compile Driver","Go for the Eyes","Genetic Algorithm","Doom and Gloom+1","Loop","Compile Driver","Seek","Conserve Battery","Thunder Strike","Rebound","Turbo","Fission+1","Beam Cell","Sweeping Beam","Defragment+1","Reinforced Body","Barrage","Ball Lightning","Hologram"],"relics":["Cracked Core","Du-Vu Doll","Pen Nib","Akabeko","Pandora\u0027s Box","War Paint","Bag of Marbles","Matryoshka"],"potions_floor_usage":[7,13,18,29],"damage_taken":[{"damage":8,"enemies":"2 Louse","floor":1,"turns":3},{"damage":5,"enemies":"Jaw Worm","floor":2,"turns":4},{"damage":0,"enemies":"Cultist","floor":4,"turns":3},{"damage":13,"enemies":"3 Sentries","floor":7,"turns":5},{"damage":2,"enemies":"Blue Slaver","floor":11,"turns":4},{"damage":5,"enemies":"Exordium Wildlife","floor":12,"turns":3},{"damage":9,"enemies":"Lagavulin","floor":13,"turns":4},{"damage":0,"enemies":"2 Fungi Beasts","floor":14,"turns":1},{"damage":23,"enemies":"The Guardian","floor":16,"turns":11},{"damage":13,"enemies":"2 Thieves","floor":18,"turns":3},{"damage":8,"enemies":"Spheric Guardian","floor":20,"turns":3},{"damage":13,"enemies":"Snake Plant","floor":21,"turns":5},{"damage":38,"enemies":"Book of Stabbing","floor":29,"turns":3}],"seed_played":"9052850673741923599","potions_obtained":[{"floor":2,"key":"Block Potion"},{"floor":12,"key":"EssenceOfSteel"},{"floor":14,"key":"SteroidPotion"},{"floor":16,"key":"GamblersBrew"},{"floor":21,"key":"PowerPotion"}],"is_trial":false,"path_per_floor":["M","M","$","M","?","R","E","R","T","?","M","M","E","M","R","B",null,"M","?","M","M","$","R","T","R","T","$","?","E"],"character_chosen":"DEFECT","items_purchased":["Compile Driver","Go for the Eyes","Ball Lightning","War Paint","Hologram"],"campfire_rested":2,"item_purchase_floors":[3,3,22,22,22],"current_hp_per_floor":[56,51,51,51,51,51,38,38,38,31,29,24,15,15,34,11,51,38,38,30,17,17,17,17,36,36,36,36,0],"gold":69,"neow_bonus":"ONE_RARE_RELIC","is_prod":false,"is_daily":false,"chose_seed":false,"campfire_upgraded":3,"win_rate":0,"timestamp":1604264727,"path_taken":["M","M","$","M","?","R","E","R","T","?","?","?","E","M","R","BOSS","M","?","M","M","$","R","?","R","T","$","?","E"],"build_version":"2020-07-30","purchased_purges":1,"victory":false,"max_hp_per_floor":[64,64,64,64,64,64,64,64,64,64,64,64,64,64,64,64,64,64,64,64,64,64,64,64,64,64,64,64,64],"card_choices":[{"not_picked":["Steam","Force Field"],"picked":"Coolheaded","floor":1},{"not_picked":["Stack","Streamline"],"picked":"Sweeping Beam","floor":2},{"not_picked":["Sweeping Beam","Undo"],"picked":"Genetic Algorithm","floor":4},{"not_picked":["Stack","Darkness"],"picked":"Doom and Gloom","floor":7},{"not_picked":["Fusion","Turbo","Chaos"],"picked":"SKIP","floor":11},{"not_picked":["White Noise","Coolheaded"],"picked":"Loop","floor":12},{"not_picked":["Go for the Eyes","Lockon"],"picked":"Compile Driver","floor":13},{"not_picked":["Hologram","Rebound","Consume"],"picked":"SKIP","floor":14},{"not_picked":["Creative AI","Amplify"],"picked":"Seek","floor":16},{"not_picked":["FTL","Beam Cell"],"picked":"Sweeping Beam","floor":18},{"not_picked":["Sunder","Turbo"],"picked":"Reinforced Body","floor":20},{"not_picked":["Auto Shields","BootSequence"],"picked":"Barrage","floor":21}],"player_experience":2619910,"relics_obtained":[{"floor":7,"key":"Pen Nib"},{"floor":13,"key":"Akabeko"},{"floor":24,"key":"Bag of Marbles"},{"floor":26,"key":"Matryoshka"}],"event_choices":[{"damage_healed":0,"gold_gain":0,"player_choice":"Grow","damage_taken":0,"max_hp_gain":0,"max_hp_loss":0,"event_name":"Living Wall","floor":5,"gold_loss":0,"cards_upgraded":["Sweeping Beam"]},{"cards_removed":["Strike_B"],"damage_healed":0,"gold_gain":0,"player_choice":"Card Removal","damage_taken":7,"max_hp_gain":0,"max_hp_loss":0,"event_name":"Golden Wing","floor":10,"gold_loss":0},{"damage_healed":0,"gold_gain":0,"player_choice":"Read","damage_taken":0,"max_hp_gain":0,"max_hp_loss":0,"event_name":"The Library","floor":19,"gold_loss":0,"cards_obtained":["Defragment"]}],"is_beta":true,"boss_relics":[{"not_picked":["SlaversCollar","Runic Pyramid"],"picked":"Pandora\u0027s Box"}],"items_purged_floors":[22],"is_endless":false,"potions_floor_spawned":[2,12,14,16,21],"killed_by":"Book of Stabbing","ascension_level":20}