{"gold_per_floor":[112,122,134,48,68,68,103,103],"floor_reached":8,"playtime":564,"items_purged":[],"score":116,"play_id":"faca31f9-1276-41aa-bf11-997366c60926","local_time":"20201106225655","is_ascension_mode":true,"campfire_choices":[{"data":"Defragment","floor":6,"key":"SMITH"}],"neow_cost":"PERCENT_DAMAGE","seed_source_timestamp":1981660537942400,"circlet_count":0,"master_deck":["AscendersBane","Strike_B","Strike_B","Strike_B","Strike_B","Defend_B","Defend_B","Defend_B","Defend_B","Zap","Dualcast","Core Surge","FTL","Ball Lightning","Steam","Defragment+1","Echo Form"],"relics":["Cracked Core","MealTicket"],"potions_floor_usage":[8,8],"damage_taken":[{"damage":2,"enemies":"Jaw Worm","floor":1,"turns":3},{"damage":3,"enemies":"2 Louse","floor":2,"turns":2},{"damage":0,"enemies":"Cultist","floor":3,"turns":2},{"damage":2,"enemies":"Large Slime","floor":5,"turns":4},{"damage":24,"enemies":"3 Sentries","floor":7,"turns":5},{"damage":27,"enemies":"Lagavulin Event","floor":8,"turns":3}],"seed_played":"-4550677124237350654","potions_obtained":[{"floor":2,"key":"FocusPotion"},{"floor":7,"key":"ColorlessPotion"}],"is_trial":false,"path_per_floor":["M","M","M","$","M","R","E","?"],"character_chosen":"DEFECT","items_purchased":["Defragment"],"campfire_rested":0,"item_purchase_floors":[4],"current_hp_per_floor":[44,41,41,41,39,39,15,0],"gold":103,"neow_bonus":"THREE_RARE_CARDS","is_prod":false,"is_daily":false,"chose_seed":false,"campfire_upgraded":1,"win_rate":0,"timestamp":1604732215,"path_taken":["M","M","M","$","M","R","E","?"],"build_version":"2020-07-30","purchased_purges":0,"victory":false,"max_hp_per_floor":[71,71,71,71,71,71,71,71],"card_choices":[{"not_picked":["Hyperbeam","Seek"],"picked":"Core Surge","floor":0},{"not_picked":["Conserve Battery","Steam"],"picked":"FTL","floor":1},{"not_picked":["Blizzard","Rebound"],"picked":"Ball Lightning","floor":2},{"not_picked":["Lockon","Redo"],"picked":"Steam","floor":3},{"not_picked":["Skim","Recycle","White Noise"],"picked":"SKIP","floor":5},{"not_picked":["Steam","Hologram"],"picked":"Echo Form","floor":7}],"player_experience":2675739,"relics_obtained":[{"floor":7,"key":"MealTicket"}],"event_choices":[{"damage_healed":0,"gold_gain":0,"player_choice":"Searched \u00271\u0027 times","damage_taken":0,"max_hp_gain":0,"max_hp_loss":0,"event_name":"Dead Adventurer","floor":8,"gold_loss":0}],"is_beta":true,"boss_relics":[],"items_purged_floors":[],"is_endless":false,"potions_floor_spawned":[2,7],"killed_by":"Lagavulin Event","ascension_level":20}