{"gold_per_floor":[109,126,126,96,117,117,155,169,169,44,68,68,106,126,126,217,217,230,230,63,83,102,142,142,142,168,216,240,240,278,293,293,395,395,408,408,408,421,157,192,221,270,321,366,384,384,384,404,404,404,404,404,404,12,59,59],"floor_reached":56,"playtime":5395,"items_purged":["Strike_B","Strike_B"],"score":2464,"play_id":"d3095108-c4ea-4b49-8baa-3ac4a7d90027","local_time":"20201108000936","is_ascension_mode":true,"campfire_choices":[{"data":"Defragment","floor":6.0,"key":"SMITH"},{"floor":12.0,"key":"REST"},{"data":"Sunder","floor":15.0,"key":"SMITH"},{"data":"Defragment","floor":24,"key":"SMITH"},{"data":"Capacitor","floor":29,"key":"SMITH"},{"data":"Capacitor","floor":32,"key":"SMITH"},{"floor":46,"key":"RECALL"},{"data":"Buffer","floor":49,"key":"SMITH"},{"data":"Reinforced Body","floor":53,"key":"SMITH"}],"neow_cost":"NONE","seed_source_timestamp":2067559569905200,"circlet_count":0,"master_deck":["AscendersBane","Defend_B","Defend_B","Defend_B","Zap+1","Dualcast","Defragment+1","Ball Lightning","Coolheaded","Sunder+1","Cold Snap","Reinforced Body+1","Capacitor+1","Buffer+1","Turbo+1","Meteor Strike","Machine Learning","Consume+1","Electrodynamics","Genetic Algorithm","Compile Driver","Capacitor+1","Defragment+1","Doom and Gloom","Sweeping Beam+1","Creative AI","Hologram+1","Conserve Battery+1","Rainbow+1","Meteor Strike","PanicButton+1","Coolheaded+1"],"special_seed":0,"relics":["Cracked Core","Golden Idol","Anchor","DataDisk","Meat on the Bone","Snecko Eye","Orrery","Incense Burner","CeramicFish","Cables","Art of War","Nuclear Battery","Runic Capacitor","Smiling Mask","Bag of Preparation","Toxic Egg 2","Lantern","HornCleat"],"potions_floor_usage":[23,27,28,33,40,41,55,56],"damage_taken":[{"damage":1.0,"enemies":"Cultist","floor":1.0,"turns":3.0},{"damage":5.0,"enemies":"Small Slimes","floor":2.0,"turns":4.0},{"damage":0.0,"enemies":"2 Louse","floor":5.0,"turns":2.0},{"damage":25.0,"enemies":"3 Sentries","floor":7.0,"turns":6.0},{"damage":9.0,"enemies":"Exordium Thugs","floor":8.0,"turns":4.0},{"damage":0.0,"enemies":"Blue Slaver","floor":11.0,"turns":2.0},{"damage":8.0,"enemies":"Gremlin Nob","floor":13.0,"turns":3.0},{"damage":0.0,"enemies":"Large Slime","floor":14.0,"turns":4.0},{"damage":15.0,"enemies":"The Guardian","floor":16.0,"turns":10.0},{"damage":7.0,"enemies":"Spheric Guardian","floor":18.0,"turns":4.0},{"damage":0.0,"enemies":"Chosen","floor":21.0,"turns":4.0},{"damage":0.0,"enemies":"Centurion and Healer","floor":22.0,"turns":5.0},{"damage":0,"enemies":"Book of Stabbing","floor":23,"turns":4},{"damage":1,"enemies":"Gremlin Leader","floor":27,"turns":4},{"damage":0,"enemies":"Shelled Parasite and Fungi","floor":28,"turns":3},{"damage":20,"enemies":"Slavers","floor":30,"turns":4},{"damage":0,"enemies":"Sentry and Sphere","floor":31,"turns":3},{"damage":25,"enemies":"Champ","floor":33,"turns":13},{"damage":3,"enemies":"3 Darklings","floor":35,"turns":4},{"damage":0,"enemies":"3 Shapes","floor":38,"turns":3},{"damage":0,"enemies":"Giant Head","floor":40,"turns":6},{"damage":0,"enemies":"Transient","floor":41,"turns":6},{"damage":0,"enemies":"Reptomancer","floor":42,"turns":5},{"damage":0,"enemies":"Giant Head","floor":44,"turns":6},{"damage":0,"enemies":"Spire Growth","floor":45,"turns":4},{"damage":0,"enemies":"Maw","floor":48,"turns":9},{"damage":0,"enemies":"Donu and Deca","floor":50,"turns":7},{"damage":0,"enemies":"Awakened One","floor":51,"turns":10},{"damage":0,"enemies":"Shield and Spear","floor":55,"turns":6},{"damage":65,"enemies":"The Heart","floor":56,"turns":8}],"seed_played":"6684312645470505751","potions_obtained":[{"floor":4.0,"key":"Fire Potion"},{"floor":4.0,"key":"Energy Potion"},{"floor":7.0,"key":"Energy Potion"},{"floor":8.0,"key":"SpeedPotion"},{"floor":11.0,"key":"LiquidMemories"},{"floor":14.0,"key":"BlessingOfTheForge"},{"floor":23,"key":"Explosive Potion"},{"floor":30,"key":"BlessingOfTheForge"},{"floor":31,"key":"FearPotion"},{"floor":38,"key":"BlessingOfTheForge"},{"floor":42,"key":"SteroidPotion"},{"floor":44,"key":"Fire Potion"}],"is_trial":false,"path_per_floor":["M","M","?","?","M","R","E","M","T","$","M","R","E","M","R","B",null,"M","?","$","M","M","E","R","?","T","E","M","R","E","M","R","B",null,"M","?","?","M","$","E","M","E","T","E","M","R","$","M","R","B","B",null,"R","$","E","B"],"character_chosen":"DEFECT","items_purchased":["Cold Snap","Orrery","Runic Capacitor","Lantern","Meteor Strike","PanicButton+1"],"campfire_rested":1,"item_purchase_floors":[10,20,39,54,54,54],"current_hp_per_floor":[63,58,58,58,58,58,33,24,24,24,24,43,35,35,35,32,56,49,49,49,49,49,49,49,49,49,48,48,48,40,40,40,27,55,52,52,52,52,52,52,52,52,52,52,52,52,52,52,52,52,52,61,61,61,61,0],"gold":59,"neow_bonus":"UPGRADE_CARD","is_prod":false,"is_daily":false,"chose_seed":false,"campfire_upgraded":7,"win_rate":0,"timestamp":1604822976,"path_taken":["M","?","?","?","M","R","E","?","T","$","M","R","E","M","R","BOSS","M","?","$","M","M","E","R","?","T","E","M","R","E","M","R","BOSS","M","?","?","M","$","E","M","E","T","E","M","R","?","M","R","BOSS","BOSS","R","$","E","BOSS"],"build_version":"2020-07-30","purchased_purges":2,"victory":false,"max_hp_per_floor":[71,71,64,64,64,64,64,64,64,64,64,64,64,64,64,64,64,64,64,64,64,64,64,64,64,64,64,64,64,64,64,64,64,64,64,64,64,64,64,64,64,64,64,64,64,64,64,64,64,64,64,64,64,64,64,64],"card_choices":[{"not_picked":["Leap","Streamline","Redo"],"picked":"SKIP","floor":1.0},{"not_picked":["Chaos","Barrage"],"picked":"Defragment","floor":2.0},{"not_picked":["Chaos","Streamline"],"picked":"Ball Lightning","floor":5.0},{"not_picked":["Recycle","Chill"],"picked":"Coolheaded","floor":7.0},{"not_picked":["Double Energy","Rebound"],"picked":"Sunder","floor":8.0},{"not_picked":["Reprogram","White Noise"],"picked":"Reinforced Body","floor":11.0},{"not_picked":["Skim","Rebound","Gash"],"picked":"SKIP","floor":13.0},{"not_picked":["Rebound","Blizzard"],"picked":"Capacitor","floor":14.0},{"not_picked":["All For One","Meteor Strike"],"picked":"Buffer","floor":16.0},{"not_picked":["Coolheaded","Stack"],"picked":"Turbo+1","floor":18.0},{"not_picked":["Sweeping Beam","Double Energy"],"picked":"Consume+1","floor":20.0},{"not_picked":["Coolheaded","Streamline"],"picked":"Electrodynamics","floor":20.0},{"not_picked":["Lockon","Core Surge"],"picked":"Genetic Algorithm","floor":20.0},{"not_picked":["Sweeping Beam","Sunder"],"picked":"Compile Driver","floor":21.0},{"not_picked":["Gash","Recycle+1"],"picked":"Capacitor","floor":22.0},{"not_picked":["Doom and Gloom","Creative AI"],"picked":"Defragment","floor":23},{"not_picked":["Cold Snap","Reinforced Body"],"picked":"Doom and Gloom","floor":27},{"not_picked":["Steam+1","Redo+1"],"picked":"Sweeping Beam+1","floor":28},{"not_picked":["Lockon","Turbo","Rebound"],"picked":"SKIP","floor":30},{"not_picked":["Barrage","Sweeping Beam","Steam Power"],"picked":"SKIP","floor":31},{"not_picked":["Seek","Reboot"],"picked":"Creative AI","floor":33},{"not_picked":["White Noise+1","Leap","Conserve Battery"],"picked":"SKIP","floor":35},{"not_picked":["Turbo","Blizzard","Barrage"],"picked":"SKIP","floor":38},{"not_picked":["Rip and Tear","Turbo","Chaos"],"picked":"SKIP","floor":40},{"not_picked":["Blizzard+1","Heatsinks"],"picked":"Hologram+1","floor":41},{"not_picked":["Barrage","Reprogram+1"],"picked":"Conserve Battery+1","floor":42},{"not_picked":["BootSequence+1","Loop"],"picked":"Rainbow+1","floor":44},{"not_picked":["Turbo+1","Steam+1","Double Energy+1"],"picked":"SKIP","floor":45},{"not_picked":["Streamline+1","BootSequence+1","Blizzard+1"],"picked":"SKIP","floor":48},{"not_picked":["Sweeping Beam","Undo+1"],"picked":"Coolheaded+1","floor":55}],"player_experience":2700291,"relics_obtained":[{"floor":7.0,"key":"Anchor"},{"floor":9.0,"key":"DataDisk"},{"floor":13.0,"key":"Meat on the Bone"},{"floor":23,"key":"Incense Burner"},{"floor":26,"key":"CeramicFish"},{"floor":27,"key":"Cables"},{"floor":30,"key":"Art of War"},{"floor":40,"key":"Smiling Mask"},{"floor":42,"key":"Bag of Preparation"},{"floor":44,"key":"Toxic Egg 2"},{"floor":55,"key":"HornCleat"}],"event_choices":[{"damage_healed":0.0,"max_hp_gain":0.0,"max_hp_loss":7.0,"gold_gain":0.0,"event_name":"Golden Idol","player_choice":"Lose Max HP","floor":3.0,"gold_loss":0.0,"damage_taken":0.0,"relics_obtained":["Golden Idol"]},{"damage_healed":0.0,"max_hp_gain":0.0,"max_hp_loss":0.0,"gold_gain":0.0,"event_name":"The Woman in Blue","player_choice":"Bought 2 Potions","floor":4.0,"gold_loss":0.0,"damage_taken":0.0},{"damage_healed":0.0,"max_hp_gain":0.0,"max_hp_loss":0.0,"gold_gain":0.0,"cards_transformed":["Strike_B","Strike_B"],"event_name":"Drug Dealer","player_choice":"Became Test Subject","floor":19.0,"gold_loss":0.0,"damage_taken":0.0,"cards_obtained":["Meteor Strike","Machine Learning"]},{"damage_healed":0,"gold_gain":0,"player_choice":"Ignored","damage_taken":0,"max_hp_gain":0,"max_hp_loss":0,"event_name":"The Mausoleum","floor":25,"gold_loss":0},{"cards_removed":["Defend_B"],"damage_healed":0,"gold_gain":0,"player_choice":"Removed Skill","damage_taken":0,"max_hp_gain":0,"max_hp_loss":0,"event_name":"Falling","floor":36,"gold_loss":0},{"damage_healed":0,"gold_gain":0,"player_choice":"Ignored","damage_taken":0,"max_hp_gain":0,"max_hp_loss":0,"event_name":"Tomb of Lord Red Mask","floor":37,"gold_loss":0}],"is_beta":true,"boss_relics":[{"not_picked":["Ectoplasm","Astrolabe"],"picked":"Snecko Eye"},{"not_picked":["Tiny House","Runic Pyramid"],"picked":"Nuclear Battery"}],"items_purged_floors":[10,39],"is_endless":false,"potions_floor_spawned":[7,8,11,14,16,18,23,30,31,38,42,44,45],"killed_by":"The Heart","ascension_level":20}