{"gold_per_floor":[112,112,132,152,152,152,152,178,178,178,178,191,210,227,227,227],"floor_reached":16,"playtime":795,"items_purged":[],"score":204,"play_id":"0c017831-31d8-4530-aca3-457f26e3198f","local_time":"20201107115153","is_ascension_mode":true,"campfire_choices":[{"data":"Loop","floor":7,"key":"SMITH"},{"data":"Cold Snap","floor":11,"key":"SMITH"},{"floor":15,"key":"REST"}],"neow_cost":"NONE","seed_source_timestamp":2027928476971700,"circlet_count":0,"master_deck":["AscendersBane","Strike_B","Strike_B","Strike_B","Strike_B","Defend_B","Defend_B","Defend_B","Defend_B","Zap+1","Dualcast","Loop+1","Coolheaded","Cold Snap+1","Seek","Sweeping Beam","Cold Snap"],"relics":["Cracked Core","CaptainsWheel","Singing Bowl"],"potions_floor_usage":[12,13],"damage_taken":[{"damage":7,"enemies":"Small Slimes","floor":1,"turns":3},{"damage":2,"enemies":"2 Louse","floor":3,"turns":3},{"damage":0,"enemies":"Cultist","floor":4,"turns":4},{"damage":43,"enemies":"Gremlin Nob","floor":8,"turns":5},{"damage":6,"enemies":"Exordium Wildlife","floor":12,"turns":5},{"damage":16,"enemies":"Exordium Thugs","floor":13,"turns":5},{"damage":10,"enemies":"3 Louse","floor":14,"turns":3},{"damage":51,"enemies":"The Guardian","floor":16,"turns":13}],"seed_played":"-1790873920654745576","potions_obtained":[{"floor":1,"key":"Dexterity Potion"},{"floor":10,"key":"Fire Potion"},{"floor":10,"key":"Regen Potion"}],"is_trial":false,"path_per_floor":["M","$","M","M","?","?","R","E","T","?","R","M","M","M","R","B"],"character_chosen":"DEFECT","items_purchased":[],"campfire_rested":1,"item_purchase_floors":[],"current_hp_per_floor":[64,64,62,62,67,67,67,24,24,24,24,34,18,8,33,0],"gold":227,"neow_bonus":"TEN_PERCENT_HP_BONUS","is_prod":false,"is_daily":false,"chose_seed":false,"campfire_upgraded":2,"win_rate":0,"timestamp":1604778713,"path_taken":["M","$","M","M","?","?","R","E","T","?","R","M","M","?","R","BOSS"],"build_version":"2020-07-30","purchased_purges":0,"victory":false,"max_hp_per_floor":[78,78,78,78,83,83,83,83,83,83,83,85,85,85,85,85],"card_choices":[{"not_picked":["Consume","Reinforced Body"],"picked":"Loop","floor":1},{"not_picked":["Redo","Auto Shields"],"picked":"Coolheaded","floor":3},{"not_picked":["Streamline","Glacier"],"picked":"Cold Snap","floor":4},{"not_picked":["Consume","Steam"],"picked":"Seek","floor":8},{"not_picked":["Loop","Auto Shields","Streamline"],"picked":"Singing Bowl","floor":12},{"not_picked":["Stack","Skim"],"picked":"Sweeping Beam","floor":13},{"not_picked":["Leap","Rebound"],"picked":"Cold Snap","floor":14}],"player_experience":2676303,"relics_obtained":[{"floor":8,"key":"CaptainsWheel"},{"floor":9,"key":"Singing Bowl"}],"event_choices":[{"damage_healed":0,"gold_gain":0,"player_choice":"Donut","damage_taken":0,"max_hp_gain":5,"max_hp_loss":0,"event_name":"Big Fish","floor":5,"gold_loss":0},{"damage_healed":0,"gold_gain":0,"player_choice":"Grow","damage_taken":0,"max_hp_gain":0,"max_hp_loss":0,"event_name":"Living Wall","floor":6,"gold_loss":0,"cards_upgraded":["Zap"]},{"damage_healed":0,"gold_gain":0,"player_choice":"Got Potions","damage_taken":0,"max_hp_gain":0,"max_hp_loss":0,"event_name":"Lab","floor":10,"gold_loss":0}],"is_beta":true,"boss_relics":[],"items_purged_floors":[],"is_endless":false,"potions_floor_spawned":[1],"killed_by":"The Guardian","ascension_level":20}