{"gold_per_floor":[113,163,176,187,197,197,212,247,247,0,0,0,12,37,37,111,111,131,149,49,61,81,81,113,126,150,150,178,178],"floor_reached":29,"playtime":1908,"items_purged":["Strike_B","Strike_B"],"score":554,"play_id":"229d886d-620e-4def-bc05-40deb1767dcc","local_time":"20201103003659","is_ascension_mode":true,"campfire_choices":[{"data":"Sweeping Beam","floor":6,"key":"SMITH"},{"floor":11,"key":"REST"},{"data":"Static Discharge","floor":15,"key":"SMITH"},{"floor":27,"key":"REST"}],"neow_cost":"NONE","seed_source_timestamp":1640717101274900,"circlet_count":0,"master_deck":["AscendersBane","Strike_B","Defend_B","Defend_B","Defend_B","Defend_B","Zap","Dualcast","Rip and Tear","Sweeping Beam","Sweeping Beam+1","Glacier","Cold Snap","Static Discharge+1","Compile Driver","Genetic Algorithm","Core Surge","Coolheaded+1","Conserve Battery+1","Capacitor"],"relics":["Cracked Core","Lantern","Bag of Preparation","Turnip","Orrery","Velvet Choker","WingedGreaves","Omamori","Thread and Needle"],"potions_floor_usage":[8,14,16,24],"damage_taken":[{"damage":8,"enemies":"Small Slimes","floor":1,"turns":3},{"damage":0,"enemies":"Cultist","floor":3,"turns":3},{"damage":3,"enemies":"2 Louse","floor":4,"turns":2},{"damage":0,"enemies":"Lots of Slimes","floor":5,"turns":1},{"damage":6,"enemies":"Looter","floor":7,"turns":2},{"damage":20,"enemies":"Lagavulin","floor":8,"turns":7},{"damage":4,"enemies":"Large Slime","floor":13,"turns":5},{"damage":11,"enemies":"Gremlin Nob","floor":14,"turns":4},{"damage":25,"enemies":"Hexaghost","floor":16,"turns":9},{"damage":0,"enemies":"Spheric Guardian","floor":18,"turns":3},{"damage":1,"enemies":"Chosen","floor":19,"turns":5},{"damage":11,"enemies":"Centurion and Healer","floor":21,"turns":12},{"damage":5,"enemies":"Chosen and Byrds","floor":22,"turns":5},{"damage":31,"enemies":"Slavers","floor":24,"turns":5},{"damage":5,"enemies":"Shelled Parasite and Fungi","floor":25,"turns":8},{"damage":13,"enemies":"Book of Stabbing","floor":28,"turns":5},{"damage":0,"enemies":"Colosseum Slavers","floor":29,"turns":5},{"damage":16,"enemies":"Colosseum Nobs","floor":29,"turns":4}],"seed_played":"-7486700365825416408","potions_obtained":[{"floor":3,"key":"Energy Potion"},{"floor":4,"key":"DuplicationPotion"},{"floor":7,"key":"LiquidBronze"},{"floor":13,"key":"Ancient Potion"},{"floor":19,"key":"Weak Potion"},{"floor":28,"key":"Ancient Potion"}],"is_trial":false,"path_per_floor":["M","?","M","M","M","R","M","E","T","$","R","?","M","E","R","B",null,"M","M","$","M","M","?","E","M","T","R","E","?"],"character_chosen":"DEFECT","items_purchased":["Orrery"],"campfire_rested":2,"item_purchase_floors":[10],"current_hp_per_floor":[56,56,56,53,53,53,47,27,27,27,48,48,44,33,33,8,55,55,54,54,43,38,38,7,2,2,23,10,0],"gold":178,"neow_bonus":"RANDOM_COMMON_RELIC","is_prod":false,"is_daily":false,"chose_seed":false,"campfire_upgraded":2,"win_rate":0,"timestamp":1604392619,"path_taken":["M","?","?","?","M","R","M","E","T","$","R","?","M","E","R","BOSS","M","M","?","M","M","?","E","M","T","R","E","?"],"build_version":"2020-07-30","purchased_purges":2,"victory":false,"max_hp_per_floor":[71,71,71,71,71,71,71,71,71,71,71,71,71,71,71,71,71,71,71,71,71,71,71,71,71,71,71,71,71],"card_choices":[{"not_picked":["Turbo","Chill"],"picked":"Rip and Tear","floor":1},{"not_picked":["Coolheaded","Redo"],"picked":"Sweeping Beam","floor":3},{"not_picked":["Rebound","Stack"],"picked":"Sweeping Beam","floor":4},{"not_picked":["Stack","Rip and Tear","Melter"],"picked":"SKIP","floor":5},{"not_picked":["Streamline","Rebound","Hologram"],"picked":"SKIP","floor":7},{"not_picked":["Beam Cell","Hologram","Steam"],"picked":"SKIP","floor":8},{"not_picked":["Sunder","Compile Driver"],"picked":"Glacier","floor":10},{"not_picked":["Heatsinks","Thunder Strike"],"picked":"Cold Snap","floor":10},{"not_picked":["Chill","Steam Power"],"picked":"Static Discharge","floor":10},{"not_picked":["Storm","Stack"],"picked":"Compile Driver","floor":10},{"not_picked":["Force Field","Steam","Go for the Eyes"],"picked":"SKIP","floor":13},{"not_picked":["Darkness","Force Field"],"picked":"Genetic Algorithm","floor":14},{"not_picked":["Creative AI","Meteor Strike"],"picked":"Core Surge","floor":16},{"not_picked":["Beam Cell","Conserve Battery"],"picked":"Coolheaded+1","floor":18},{"not_picked":["Darkness","Barrage+1"],"picked":"Conserve Battery+1","floor":19},{"not_picked":["Turbo","Steam","Coolheaded"],"picked":"SKIP","floor":21},{"not_picked":["Turbo","Sweeping Beam","Stack"],"picked":"SKIP","floor":22},{"not_picked":["Hello World","Conserve Battery","Cold Snap"],"picked":"SKIP","floor":24},{"not_picked":["Sweeping Beam","Heatsinks","Chill"],"picked":"SKIP","floor":25},{"not_picked":["Go for the Eyes","White Noise"],"picked":"Capacitor","floor":28}],"player_experience":2632782,"relics_obtained":[{"floor":8,"key":"Bag of Preparation"},{"floor":9,"key":"Turnip"},{"floor":24,"key":"WingedGreaves"},{"floor":26,"key":"Omamori"},{"floor":28,"key":"Thread and Needle"}],"event_choices":[{"damage_healed":0,"gold_gain":50,"player_choice":"Pray","damage_taken":0,"max_hp_gain":0,"max_hp_loss":0,"event_name":"Golden Shrine","floor":2,"gold_loss":0},{"cards_removed":["Strike_B"],"damage_healed":0,"gold_gain":0,"player_choice":"Purged","damage_taken":0,"max_hp_gain":0,"max_hp_loss":0,"event_name":"Purifier","floor":12,"gold_loss":0},{"damage_healed":0,"gold_gain":0,"player_choice":"Ignored","damage_taken":0,"max_hp_gain":0,"max_hp_loss":0,"event_name":"Cursed Tome","floor":23,"gold_loss":0},{"damage_healed":0,"gold_gain":0,"player_choice":"Fight","damage_taken":0,"max_hp_gain":0,"max_hp_loss":0,"event_name":"Colosseum","floor":29,"gold_loss":0},{"damage_healed":0,"gold_gain":0,"player_choice":"Fought Nobs","damage_taken":0,"max_hp_gain":0,"max_hp_loss":0,"event_name":"Colosseum","floor":29,"gold_loss":0}],"is_beta":true,"boss_relics":[{"not_picked":["SlaversCollar","Fusion Hammer"],"picked":"Velvet Choker"}],"items_purged_floors":[10,20],"is_endless":false,"potions_floor_spawned":[3,4,7,13,19,28,29],"killed_by":"Colosseum Nobs","ascension_level":20}