{"gold_per_floor":[117,128,128,19,19,19,54,54,54,54,104,121,147,166,166,243,243,254,179,196,196,3,29,29,66,90,99,125,225,225,248,257,337,337,357,366,395,304,304],"floor_reached":39,"playtime":2763,"items_purged":["Strike_B+1"],"score":846,"play_id":"8ef77e91-eefb-4ced-800c-b53c5b79b9ea","local_time":"20201108105114","is_ascension_mode":true,"campfire_choices":[{"data":"Barrage","floor":6,"key":"SMITH"},{"data":"Chaos","floor":8,"key":"SMITH"},{"floor":10,"key":"REST"},{"data":"Defragment","floor":15,"key":"SMITH"},{"data":"Reinforced Body","floor":24,"key":"SMITH"},{"floor":27,"key":"REST"},{"floor":32,"key":"REST"}],"neow_cost":"NONE","seed_source_timestamp":2108720735125600,"circlet_count":0,"master_deck":["AscendersBane","Strike_B+1","Defend_B+1","Defend_B+1","Defend_B+1","Defend_B+1","Zap+1","Dualcast","Barrage+1","Chaos+1","Coolheaded+1","Barrage+1","Sweeping Beam+1","Defragment+1","Go for the Eyes+1","Echo Form","Sunder+1","Master of Strategy","Reinforced Body+1","Coolheaded+1","Compile Driver+1","Force Field+1","Fission","Electrodynamics","Stack","Cold Snap+1","Cold Snap+1"],"relics":["Cracked Core","Dream Catcher","Centennial Puzzle","Molten Egg 2","Thread and Needle","Nuclear Battery","Dead Branch","CeramicFish","Omamori","Regal Pillow","Unceasing Top","StrikeDummy","Snecko Eye"],"potions_floor_usage":[7,13,16,23,29],"damage_taken":[{"damage":4,"enemies":"2 Louse","floor":1,"turns":2},{"damage":1,"enemies":"Cultist","floor":2,"turns":3},{"damage":44,"enemies":"Gremlin Nob","floor":7,"turns":4},{"damage":5,"enemies":"Jaw Worm","floor":12,"turns":2},{"damage":13,"enemies":"Lagavulin","floor":13,"turns":5},{"damage":0,"enemies":"3 Louse","floor":14,"turns":3},{"damage":4,"enemies":"The Guardian","floor":16,"turns":9},{"damage":0,"enemies":"Spheric Guardian","floor":18,"turns":4},{"damage":3,"enemies":"2 Thieves","floor":20,"turns":3},{"damage":5,"enemies":"Slavers","floor":23,"turns":4},{"damage":13,"enemies":"Book of Stabbing","floor":25,"turns":4},{"damage":8,"enemies":"Colosseum Slavers","floor":29,"turns":2},{"damage":1,"enemies":"Colosseum Nobs","floor":29,"turns":4},{"damage":0,"enemies":"Centurion and Healer","floor":31,"turns":5},{"damage":21,"enemies":"Automaton","floor":33,"turns":10},{"damage":0,"enemies":"Orb Walker","floor":35,"turns":4},{"damage":0,"enemies":"3 Shapes","floor":37,"turns":2},{"damage":91,"enemies":"Transient","floor":39,"turns":6}],"seed_played":"8622331325394544361","potions_obtained":[{"floor":2,"key":"Dexterity Potion"},{"floor":7,"key":"SkillPotion"},{"floor":12,"key":"PowerPotion"},{"floor":16,"key":"FearPotion"},{"floor":23,"key":"Energy Potion"}],"is_trial":false,"path_per_floor":["M","M","?","$","?","R","E","R","T","R","?","M","E","M","R","B",null,"M","?","M","?","$","E","R","E","T","R","T","?","?","M","R","B",null,"M","?","M","$","M"],"character_chosen":"DEFECT","items_purchased":["Coolheaded","AttackPotion","Master of Strategy","Cold Snap+1"],"campfire_rested":3,"item_purchase_floors":[4,4,22,38],"current_hp_per_floor":[60,59,59,59,59,59,15,15,15,36,29,24,11,11,11,7,55,55,55,52,52,52,47,47,34,34,55,55,46,46,46,71,50,66,66,66,66,66,0],"gold":304,"neow_bonus":"RANDOM_COMMON_RELIC","is_prod":false,"is_daily":false,"chose_seed":false,"campfire_upgraded":4,"win_rate":0,"timestamp":1604861474,"path_taken":["M","M","?","?","?","R","E","R","T","R","?","M","E","?","R","BOSS","M","?","M","?","$","E","R","E","T","R","?","?","?","M","R","BOSS","M","?","?","$","M"],"build_version":"2020-07-30","purchased_purges":1,"victory":false,"max_hp_per_floor":[71,71,71,71,71,71,71,71,71,71,71,71,71,71,71,71,71,71,71,71,71,71,71,71,71,71,71,71,71,71,71,71,71,71,71,71,71,71,71],"card_choices":[{"not_picked":["Conserve Battery","Leap"],"picked":"Barrage","floor":1},{"not_picked":["Barrage","Rebound"],"picked":"Chaos","floor":2},{"not_picked":["Turbo","Streamline","Gash"],"picked":"SKIP","floor":7},{"not_picked":["Turbo","Rebound+1"],"picked":"Barrage+1","floor":10},{"not_picked":["Barrage+1","Compile Driver+1"],"picked":"Sweeping Beam+1","floor":12},{"not_picked":["Core Surge+1","All For One+1"],"picked":"Defragment","floor":13},{"not_picked":["Streamline+1","Compile Driver+1"],"picked":"Go for the Eyes+1","floor":14},{"not_picked":["Reboot","Buffer"],"picked":"Echo Form","floor":16},{"not_picked":["Leap","Streamline+1"],"picked":"Sunder+1","floor":18},{"not_picked":["Rebound+1","Go for the Eyes+1","Streamline+1"],"picked":"SKIP","floor":20},{"not_picked":["Barrage+1","Turbo"],"picked":"Reinforced Body","floor":23},{"not_picked":["Rebound+1","Hologram"],"picked":"Coolheaded+1","floor":25},{"not_picked":["White Noise","Hello World"],"picked":"Compile Driver+1","floor":27},{"not_picked":["Coolheaded","Consume"],"picked":"Force Field+1","floor":31},{"not_picked":["Go for the Eyes+1","Auto Shields"],"picked":"Fission","floor":32},{"not_picked":["Buffer","Rainbow"],"picked":"Electrodynamics","floor":33},{"not_picked":["Melter+1","Leap","Lockon+1"],"picked":"SKIP","floor":35},{"not_picked":["Leap","Aggregate"],"picked":"Cold Snap+1","floor":37}],"player_experience":2708552,"relics_obtained":[{"floor":7,"key":"Centennial Puzzle"},{"floor":9,"key":"Molten Egg 2"},{"floor":13,"key":"Thread and Needle"},{"floor":23,"key":"Dead Branch"},{"floor":25,"key":"CeramicFish"},{"floor":26,"key":"Omamori"},{"floor":28,"key":"Regal Pillow"},{"floor":29,"key":"Unceasing Top"},{"floor":29,"key":"StrikeDummy"}],"event_choices":[{"damage_healed":0,"gold_gain":0,"player_choice":"Upgraded","damage_taken":0,"max_hp_gain":0,"max_hp_loss":0,"event_name":"Upgrade Shrine","floor":3,"gold_loss":0,"cards_upgraded":["Zap"]},{"damage_healed":0,"gold_gain":0,"player_choice":"Ignored","damage_taken":0,"max_hp_gain":0,"max_hp_loss":0,"event_name":"Liars Game","floor":5,"gold_loss":0},{"damage_healed":0,"gold_gain":50,"player_choice":"Touch","damage_taken":7,"max_hp_gain":0,"max_hp_loss":0,"event_name":"FaceTrader","floor":11,"gold_loss":0},{"cards_removed":["Strike_B"],"damage_healed":0,"gold_gain":0,"player_choice":"Gave Gold","damage_taken":0,"max_hp_gain":0,"max_hp_loss":0,"event_name":"Beggar","floor":19,"gold_loss":75},{"damage_healed":0,"gold_gain":0,"player_choice":"Simplicity","damage_taken":0,"max_hp_gain":0,"max_hp_loss":0,"event_name":"Back to Basics","floor":21,"gold_loss":0,"cards_upgraded":["Strike_B","Strike_B","Strike_B","Defend_B","Defend_B","Defend_B","Defend_B"]},{"damage_healed":0,"gold_gain":0,"player_choice":"Fight","damage_taken":0,"max_hp_gain":0,"max_hp_loss":0,"event_name":"Colosseum","floor":29,"gold_loss":0},{"damage_healed":0,"gold_gain":0,"player_choice":"Fought Nobs","damage_taken":0,"max_hp_gain":0,"max_hp_loss":0,"event_name":"Colosseum","floor":29,"gold_loss":0},{"damage_healed":0,"gold_gain":0,"player_choice":"Upgraded","damage_taken":0,"max_hp_gain":0,"max_hp_loss":0,"event_name":"Upgrade Shrine","floor":30,"gold_loss":0,"cards_upgraded":["Coolheaded"]},{"damage_healed":0,"gold_gain":0,"cards_transformed":["Strike_B"],"player_choice":"Transformed","damage_taken":0,"max_hp_gain":0,"max_hp_loss":0,"event_name":"Transmorgrifier","floor":36,"gold_loss":0,"cards_obtained":["Stack"]}],"is_beta":true,"boss_relics":[{"not_picked":["Cursed Key","Calling Bell"],"picked":"Nuclear Battery"},{"not_picked":["Inserter","SacredBark"],"picked":"Snecko Eye"}],"items_purged_floors":[38],"is_endless":false,"potions_floor_spawned":[2,7,12,16,23,29],"killed_by":"Transient","ascension_level":20}