{"gold_per_floor":[361,381,381,37,112,112,130,130,130,130,150,150,232,252,252,324,324,359,359,372,415,415,415,415],"floor_reached":24,"playtime":1316,"items_purged":[],"score":392,"play_id":"19f9e12e-b353-494e-99be-210a1cc2b407","local_time":"20201109164743","is_ascension_mode":true,"campfire_choices":[{"data":"HandOfGreed","floor":6,"key":"SMITH"},{"data":"Zap","floor":8,"key":"SMITH"},{"data":"Core Surge","floor":10,"key":"SMITH"},{"floor":12,"key":"REST"},{"data":"Sweeping Beam","floor":15,"key":"SMITH"},{"data":"Ghostly","floor":23,"key":"SMITH"}],"neow_cost":"CURSE","seed_source_timestamp":0,"circlet_count":0,"master_deck":["AscendersBane","Strike_B","Strike_B","Strike_B","Strike_B","Defend_B","Defend_B","Defend_B","Defend_B","Zap+1","Dualcast","Consume","HandOfGreed+1","Core Surge+1","Ball Lightning","Sweeping Beam+1","Cold Snap","Seek","Conserve Battery+1","Undo+1","Ghostly+1","Ghostly","Ghostly"],"special_seed":0,"relics":["Cracked Core","Dream Catcher","Bronze Scales","Inserter"],"potions_floor_usage":[13,16,20,21],"damage_taken":[{"damage":7,"enemies":"Jaw Worm","floor":1,"turns":3},{"damage":10,"enemies":"Small Slimes","floor":2,"turns":3},{"damage":7,"enemies":"Cultist","floor":7,"turns":5},{"damage":0,"enemies":"Large Slime","floor":11,"turns":3},{"damage":10,"enemies":"3 Sentries","floor":13,"turns":4},{"damage":3,"enemies":"Blue Slaver","floor":14,"turns":2},{"damage":29,"enemies":"Hexaghost","floor":16,"turns":9},{"damage":18,"enemies":"Spheric Guardian","floor":18,"turns":5},{"damage":10,"enemies":"Chosen","floor":20,"turns":5},{"damage":23,"enemies":"Sentry and Sphere","floor":21,"turns":5},{"damage":3,"enemies":"Gremlin Leader","floor":24,"turns":1}],"seed_played":"-2352328980411199639","potions_obtained":[{"floor":7,"key":"SteroidPotion"},{"floor":13,"key":"SpeedPotion"},{"floor":19,"key":"DistilledChaos"},{"floor":19,"key":"CultistPotion"},{"floor":20,"key":"BlessingOfTheForge"}],"is_trial":false,"path_per_floor":["M","M","?","$","?","R","M","R","T","R","M","R","E","M","R","B",null,"M","?","M","M","?","R","E"],"character_chosen":"DEFECT","items_purchased":["HandOfGreed","Core Surge","Ball Lightning"],"campfire_rested":1,"item_purchase_floors":[4,4,4],"current_hp_per_floor":[57,47,40,40,29,29,22,22,22,22,22,43,33,30,30,1,54,36,36,26,3,3,3,0],"gold":415,"neow_bonus":"TWO_FIFTY_GOLD","is_prod":false,"is_daily":false,"chose_seed":false,"campfire_upgraded":5,"win_rate":0,"timestamp":1604969263,"path_taken":["M","M","?","$","?","R","M","R","T","R","M","R","E","M","R","BOSS","M","?","M","?","?","R","E"],"build_version":"2020-07-30","purchased_purges":0,"victory":false,"max_hp_per_floor":[71,71,71,71,71,71,71,71,71,71,71,71,71,71,71,71,71,71,71,71,71,35,35,35],"relic_stats":{"Dream Catcher":1,"Inserter":[8],"counters":[11,45],"Bronze Scales":[67],"obtain_stats":[{"Dream Catcher":9,"Inserter":17,"Bronze Scales":13,"Cracked Core":0},{"Dream Catcher":3,"Inserter":7,"Bronze Scales":5,"Cracked Core":0},{"Dream Catcher":11,"Inserter":29,"Bronze Scales":18,"Cracked Core":0}]},"card_choices":[{"not_picked":["Conserve Battery","Heatsinks"],"picked":"Consume","floor":1},{"not_picked":["White Noise","Skim","Reprogram"],"picked":"SKIP","floor":2},{"not_picked":["Heatsinks","Beam Cell","Gash"],"picked":"SKIP","floor":7},{"not_picked":["Rebound","Turbo","Redo"],"picked":"SKIP","floor":11},{"not_picked":["Barrage","Stack"],"picked":"Sweeping Beam","floor":12},{"not_picked":["Steam Power","Sunder","Hello World"],"picked":"SKIP","floor":13},{"not_picked":["Scrape","Undo"],"picked":"Cold Snap","floor":14},{"not_picked":["Reboot","Fission"],"picked":"Seek","floor":16},{"not_picked":["Ball Lightning","Aggregate"],"picked":"Conserve Battery+1","floor":18},{"not_picked":["Sweeping Beam","Turbo","Tempest+1"],"picked":"SKIP","floor":20},{"not_picked":["Cold Snap","Static Discharge"],"picked":"Undo+1","floor":21}],"player_experience":2742946,"relics_obtained":[{"floor":9,"key":"Dream Catcher"},{"floor":13,"key":"Bronze Scales"}],"event_choices":[{"cards_removed":["Writhe"],"damage_healed":0,"gold_gain":0,"player_choice":"Card Removal","damage_taken":7,"max_hp_gain":0,"max_hp_loss":0,"event_name":"Golden Wing","floor":3,"gold_loss":0},{"damage_healed":0,"gold_gain":75,"player_choice":"Gather Gold","damage_taken":11,"max_hp_gain":0,"max_hp_loss":0,"event_name":"World of Goop","floor":5,"gold_loss":0},{"damage_healed":0,"gold_gain":0,"player_choice":"Got Potions","damage_taken":0,"max_hp_gain":0,"max_hp_loss":0,"event_name":"Lab","floor":19,"gold_loss":0},{"damage_healed":0,"gold_gain":0,"player_choice":"Became a Ghost","damage_taken":0,"max_hp_gain":0,"max_hp_loss":36,"event_name":"Ghosts","floor":22,"gold_loss":0,"cards_obtained":["Ghostly","Ghostly","Ghostly"]}],"is_beta":true,"boss_relics":[{"not_picked":["FrozenCore","Pandora\u0027s Box"],"picked":"Inserter"}],"items_purged_floors":[],"is_endless":false,"potions_floor_spawned":[7,13,20],"killed_by":"Gremlin Leader","ascension_level":20}