{"gold_per_floor":[219,234,234,253,9,9,36,60,60,94,64,84,84,104,104,176,176,191,209,209,209,222,253,253,253,253,278,66,66,66,93,93,172,172,191,1190,1190,628,628,657,209,234,259,279,38,38,38,64,64,64,64,64,64,24,51,51],"floor_reached":57,"playtime":4073,"items_purged":["Strike_B","Normality","Normality"],"score":3454,"play_id":"5bc9f284-d5f1-4eb0-aa70-1cec2cae9031","local_time":"20210520104230","is_ascension_mode":true,"campfire_choices":[{"data":"Apotheosis","floor":6.0,"key":"SMITH"},{"data":"Defragment","floor":13.0,"key":"SMITH"},{"data":"Defragment","floor":15.0,"key":"SMITH"},{"floor":24.0,"key":"REST"},{"floor":25.0,"key":"REST"},{"floor":29,"key":"RECALL"},{"data":"Capacitor","floor":32,"key":"SMITH"},{"data":"Secret Technique","floor":49,"key":"SMITH"},{"data":"Fission","floor":53,"key":"SMITH"}],"neow_cost":"NONE","seed_source_timestamp":1815598502697400,"circlet_count":0,"master_deck":["AscendersBane","Zap","Dualcast","Darkness+1","Compile Driver","Genetic Algorithm","Apotheosis+1","Go for the Eyes","Cold Snap","Self Repair","Sunder","Leap","Defragment+1","Defragment+1","Fission+1","Chill+1","White Noise","White Noise+1","Rainbow","Capacitor+1","Coolheaded","Biased Cognition","BootSequence","Skim","Streamline","Capacitor","Machine Learning","Steam Power","Glacier","Glacier","Master of Strategy","Coolheaded","Loop","Decay","Stack","Coolheaded","Fission","Conserve Battery+1","Secret Technique+1","Turbo","Dark Shackles","Master of Strategy","Master of Strategy","Undo","Loop","Barrage+1"],"special_seed":0,"relics":["Cracked Core","Cables","Odd Mushroom","Ornamental Fan","Mummified Hand","Black Star","Pear","WingedGreaves","War Paint","Bag of Marbles","Juzu Bracelet","MealTicket","Letter Opener","Pandora\u0027s Box","DataDisk","Meat on the Bone","Toy Ornithopter","Gremlin Horn","Molten Egg 2","White Beast Statue","Dream Catcher","Centennial Puzzle","Kunai","Oddly Smooth Stone"],"potions_floor_usage":[27,56,56],"damage_taken":[{"damage":2.0,"enemies":"Jaw Worm","floor":1.0,"turns":4.0},{"damage":0.0,"enemies":"Small Slimes","floor":2.0,"turns":2.0},{"damage":7.0,"enemies":"2 Louse","floor":4.0,"turns":3.0},{"damage":8.0,"enemies":"Lagavulin","floor":7.0,"turns":6.0},{"damage":4.0,"enemies":"The Mushroom Lair","floor":8.0,"turns":5.0},{"damage":14.0,"enemies":"3 Sentries","floor":10.0,"turns":7.0},{"damage":16.0,"enemies":"Exordium Thugs","floor":11.0,"turns":5.0},{"damage":0.0,"enemies":"Lots of Slimes","floor":12.0,"turns":3.0},{"damage":0.0,"enemies":"2 Fungi Beasts","floor":14.0,"turns":3.0},{"damage":0.0,"enemies":"Slime Boss","floor":16.0,"turns":6.0},{"damage":4.0,"enemies":"Chosen","floor":18.0,"turns":4.0},{"damage":4.0,"enemies":"Shell Parasite","floor":19.0,"turns":5.0},{"damage":6.0,"enemies":"3 Cultists","floor":22.0,"turns":5.0},{"damage":40.0,"enemies":"Gremlin Leader","floor":23.0,"turns":7.0},{"damage":6,"enemies":"Slavers","floor":27,"turns":4},{"damage":0,"enemies":"Gremlin Leader","floor":31,"turns":5},{"damage":23,"enemies":"Automaton","floor":33,"turns":12},{"damage":0,"enemies":"Orb Walker","floor":35,"turns":3},{"damage":0,"enemies":"Nemesis","floor":40,"turns":5},{"damage":0,"enemies":"Giant Head","floor":42,"turns":4},{"damage":0,"enemies":"3 Shapes","floor":44,"turns":7},{"damage":0,"enemies":"Reptomancer","floor":48,"turns":3},{"damage":13,"enemies":"Time Eater","floor":50,"turns":10},{"damage":0,"enemies":"Donu and Deca","floor":51,"turns":9},{"damage":0,"enemies":"Shield and Spear","floor":55,"turns":6},{"damage":3,"enemies":"The Heart","floor":56,"turns":13}],"seed_played":"-501007867872450849","potions_obtained":[{"floor":2.0,"key":"Weak Potion"},{"floor":7.0,"key":"Dexterity Potion"},{"floor":11.0,"key":"Weak Potion"},{"floor":16.0,"key":"FocusPotion"},{"floor":23.0,"key":"FocusPotion"},{"floor":33,"key":"Dexterity Potion"},{"floor":42,"key":"DuplicationPotion"}],"is_trial":false,"path_per_floor":["M","M","?","M","$","R","E","?","T","E","M","M","R","M","R","B",null,"M","M","?","?","M","E","R","R","T","E","$","R","$","E","R","B",null,"M","?","?","$","?","E","$","E","T","M","$","?","?","E","R","B","B",null,"R","$","E","B",null],"character_chosen":"DEFECT","items_purchased":["Apotheosis","Go for the Eyes","Capacitor","Coolheaded","DataDisk","Master of Strategy","Coolheaded","Loop","Coolheaded","Gremlin Horn","Secret Technique","Turbo","Loop"],"campfire_rested":2,"item_purchase_floors":[5,5,28,28,38,38,38,38,41,41,45,45,54],"current_hp_per_floor":[62,62,67,60,60,60,52,48,48,44,38,48,48,48,48,58,72,68,71,71,49,53,33,60,87,87,91,91,91,91,91,91,78,88,91,91,86,86,86,86,86,86,86,86,86,76,76,83,83,80,86,86,86,86,86,86],"gold":51,"neow_bonus":"HUNDRED_GOLD","is_prod":false,"is_daily":false,"chose_seed":false,"campfire_upgraded":6,"win_rate":0,"timestamp":1621532550,"path_taken":["M","M","?","M","$","R","E","?","T","E","M","M","R","M","R","BOSS","M","M","?","?","?","E","R","R","T","E","?","R","$","E","R","BOSS","M","?","?","$","?","E","$","E","T","M","$","?","?","E","R","BOSS","BOSS","R","$","E","BOSS"],"build_version":"2020-12-18","purchased_purges":3,"victory":true,"max_hp_per_floor":[71,71,76,76,76,76,76,76,76,76,76,76,76,76,76,76,76,76,76,76,81,81,91,91,91,91,91,91,91,91,91,91,91,91,91,91,86,86,86,86,86,86,86,86,86,86,86,86,86,86,86,86,86,86,86,86],"relic_stats":{"Gremlin Horn":[8,10],"counters":[26,146],"Juzu Bracelet":1,"Letter Opener":[369],"War Paint":["Defend_B","Darkness"],"Cables":[119,38,50,31,0],"Dream Catcher":0,"Centennial Puzzle":[3],"Ornamental Fan":[96],"Mummified Hand":[154],"MealTicket":0,"Pandora\u0027s Box":["BootSequence","Skim","Streamline","Capacitor","Machine Learning","Steam Power","Glacier"],"Black Star":7,"Kunai":[1],"obtain_stats":[{"Pear":23,"Gremlin Horn":41,"Oddly Smooth Stone":55,"Juzu Bracelet":27,"Letter Opener":31,"Odd Mushroom":8,"War Paint":26,"White Beast Statue":42,"Cables":7,"DataDisk":38,"Dream Catcher":48,"Centennial Puzzle":48,"Ornamental Fan":9,"Mummified Hand":10,"MealTicket":31,"Pandora\u0027s Box":34,"Molten Egg 2":42,"WingedGreaves":23,"Black Star":17,"Bag of Marbles":27,"Kunai":55,"Cracked Core":0,"Toy Ornithopter":40,"Meat on the Bone":40},{"Pear":14,"Gremlin Horn":19,"Oddly Smooth Stone":25,"Juzu Bracelet":15,"Letter Opener":16,"Odd Mushroom":5,"War Paint":14,"White Beast Statue":20,"Cables":4,"DataDisk":18,"Dream Catcher":22,"Centennial Puzzle":22,"Ornamental Fan":5,"Mummified Hand":6,"MealTicket":16,"Pandora\u0027s Box":17,"Molten Egg 2":20,"WingedGreaves":14,"Black Star":10,"Bag of Marbles":15,"Kunai":25,"Cracked Core":0,"Toy Ornithopter":19,"Meat on the Bone":19},{"Pear":65,"Gremlin Horn":94,"Oddly Smooth Stone":133,"Juzu Bracelet":69,"Letter Opener":74,"Odd Mushroom":20,"War Paint":65,"White Beast Statue":98,"Cables":15,"DataDisk":89,"Dream Catcher":108,"Centennial Puzzle":108,"Ornamental Fan":20,"Mummified Hand":27,"MealTicket":74,"Pandora\u0027s Box":86,"Molten Egg 2":98,"WingedGreaves":65,"Black Star":44,"Bag of Marbles":69,"Kunai":133,"Cracked Core":0,"Toy Ornithopter":94,"Meat on the Bone":94}],"Toy Ornithopter":0,"Meat on the Bone":0},"card_choices":[{"not_picked":["Steam","Leap"],"picked":"Darkness","floor":1.0},{"not_picked":["Skim","Recycle"],"picked":"Compile Driver","floor":2.0},{"not_picked":["Skim","Hello World"],"picked":"Genetic Algorithm","floor":4.0},{"not_picked":["Creative AI","Conserve Battery"],"picked":"Cold Snap","floor":7.0},{"not_picked":["Steam","Beam Cell"],"picked":"Self Repair","floor":8.0},{"not_picked":["Chaos","Hologram"],"picked":"Sunder","floor":10.0},{"not_picked":["Go for the Eyes","Steam"],"picked":"Leap","floor":11.0},{"not_picked":["Hologram","Compile Driver"],"picked":"Defragment","floor":12.0},{"not_picked":["Electrodynamics","Steam Power"],"picked":"Defragment","floor":14.0},{"not_picked":["Meteor Strike","All For One"],"picked":"Fission","floor":16.0},{"not_picked":["Barrage+1","Loop"],"picked":"Chill+1","floor":18.0},{"not_picked":["Stack","Hello World"],"picked":"White Noise","floor":19.0},{"not_picked":["Stack","Redo+1"],"picked":"White Noise+1","floor":22.0},{"not_picked":["Go for the Eyes","Gash","Streamline"],"picked":"SKIP","floor":23.0},{"not_picked":["Conserve Battery","Compile Driver"],"picked":"Rainbow","floor":27},{"not_picked":["Gash","All For One"],"picked":"FTL+1","floor":31},{"not_picked":["Multi-Cast","Rainbow"],"picked":"Biased Cognition","floor":33},{"not_picked":["Streamline+1","Rebound"],"picked":"Glacier","floor":35},{"not_picked":["Ball Lightning","Barrage"],"picked":"Stack","floor":40},{"not_picked":["Chaos+1","Ball Lightning+1"],"picked":"Fission","floor":42},{"not_picked":["Hologram","Steam"],"picked":"Conserve Battery+1","floor":44},{"not_picked":["Panacea","Deep Breath"],"picked":"Dark Shackles","floor":46},{"not_picked":["Jack Of All Trades","PanicButton"],"picked":"Master of Strategy","floor":46},{"not_picked":["PanicButton","Bandage Up"],"picked":"Master of Strategy","floor":46},{"not_picked":["Steam+1","Cold Snap+1"],"picked":"Undo","floor":48},{"not_picked":["Darkness","Sunder+1"],"picked":"Barrage+1","floor":55}],"player_experience":3725972,"relics_obtained":[{"floor":7.0,"key":"Cables"},{"floor":8.0,"key":"Odd Mushroom"},{"floor":9.0,"key":"Ornamental Fan"},{"floor":10.0,"key":"Mummified Hand"},{"floor":23.0,"key":"Pear"},{"floor":23.0,"key":"WingedGreaves"},{"floor":26.0,"key":"War Paint"},{"floor":27,"key":"Bag of Marbles"},{"floor":27,"key":"Juzu Bracelet"},{"floor":31,"key":"MealTicket"},{"floor":31,"key":"Letter Opener"},{"floor":40,"key":"Meat on the Bone"},{"floor":40,"key":"Toy Ornithopter"},{"floor":42,"key":"Molten Egg 2"},{"floor":42,"key":"White Beast Statue"},{"floor":48,"key":"Dream Catcher"},{"floor":48,"key":"Centennial Puzzle"},{"floor":55,"key":"Kunai"},{"floor":55,"key":"Oddly Smooth Stone"}],"event_choices":[{"damage_healed":0.0,"max_hp_gain":5.0,"max_hp_loss":0.0,"gold_gain":0.0,"event_name":"Big Fish","player_choice":"Donut","floor":3.0,"gold_loss":0.0,"damage_taken":0.0},{"damage_healed":0.0,"max_hp_gain":0.0,"max_hp_loss":0.0,"gold_gain":0.0,"event_name":"Mushrooms","player_choice":"Fought Mushrooms","floor":8.0,"gold_loss":0.0,"damage_taken":0.0},{"damage_healed":0.0,"max_hp_gain":0.0,"max_hp_loss":0.0,"gold_gain":0.0,"event_name":"The Mausoleum","player_choice":"Ignored","floor":20.0,"gold_loss":0.0,"damage_taken":0.0},{"damage_healed":0.0,"max_hp_gain":5.0,"max_hp_loss":0.0,"gold_gain":0.0,"event_name":"Forgotten Altar","player_choice":"Shed Blood","floor":21.0,"gold_loss":0.0,"damage_taken":27.0},{"damage_healed":0,"gold_gain":999,"player_choice":"Gold","damage_taken":0,"max_hp_gain":0,"max_hp_loss":0,"event_name":"MindBloom","floor":36,"gold_loss":0,"cards_obtained":["Normality","Normality"]},{"damage_healed":0,"gold_gain":0,"player_choice":"Max HP","damage_taken":0,"max_hp_gain":0,"max_hp_loss":5,"event_name":"Winding Halls","floor":37,"gold_loss":0},{"damage_healed":0,"gold_gain":0,"player_choice":"Cursed","damage_taken":0,"max_hp_gain":0,"max_hp_loss":0,"event_name":"Wheel of Change","floor":39,"gold_loss":0,"cards_obtained":["Decay"]},{"damage_healed":0,"gold_gain":0,"player_choice":"Memory 3","damage_taken":10,"max_hp_gain":0,"max_hp_loss":0,"event_name":"SensoryStone","floor":46,"gold_loss":0},{"cards_removed":["FTL"],"damage_healed":0,"gold_gain":0,"player_choice":"Removed Attack","damage_taken":0,"max_hp_gain":0,"max_hp_loss":0,"event_name":"Falling","floor":47,"gold_loss":0}],"is_beta":true,"boss_relics":[{"not_picked":["Tiny House","Busted Crown"],"picked":"Black Star"},{"not_picked":["Runic Pyramid","Velvet Choker"],"picked":"Pandora\u0027s Box"}],"items_purged_floors":[28,38,41],"is_endless":false,"potions_floor_spawned":[2,7,8,11,16,23,33,42,44,48,55],"ascension_level":20}