{"gold_per_floor":[359,369,66,78,78,78,78,78,105,124,124,164,216,251,251,346,346,361,375,375,50,50,50,86,86,86,86,120,145,189,204,204,295,295,315,51,70,83,108,108,152,152,152,152],"floor_reached":44,"playtime":3777,"items_purged":["Strike_B+1","Strike_B+1"],"score":968,"play_id":"6cf275d0-2da0-43ce-ab3a-522d58421a64","local_time":"20210524130847","is_ascension_mode":true,"campfire_choices":[{"data":"Doom and Gloom","floor":6.0,"key":"SMITH"},{"floor":8.0,"key":"REST"},{"data":"Ball Lightning","floor":11.0,"key":"SMITH"},{"data":"Defragment","floor":15.0,"key":"SMITH"},{"data":"Electrodynamics","floor":23.0,"key":"SMITH"},{"data":"Coolheaded","floor":25.0,"key":"SMITH"},{"data":"Coolheaded","floor":27.0,"key":"SMITH"},{"data":"Dualcast","floor":32.0,"key":"SMITH"},{"data":"Fission","floor":40,"key":"SMITH"},{"data":"Defragment","floor":42,"key":"SMITH"}],"neow_cost":"PERCENT_DAMAGE","seed_source_timestamp":0,"circlet_count":0,"master_deck":["AscendersBane","Strike_B+1","Strike_B+1","Defend_B+1","Defend_B+1","Defend_B+1","Defend_B+1","Zap","Dualcast+1","Coolheaded+1","Self Repair","Doom and Gloom+1","Ball Lightning+1","White Noise","Defragment+1","Electrodynamics+1","Cold Snap","Hologram+1","Conserve Battery+1","Loop+1","Ball Lightning","Coolheaded+1","Compile Driver","Compile Driver","Skim","Stack+1","Fission+1","Defragment+1","Compile Driver"],"special_seed":0,"relics":["Cracked Core","OrangePellets","Anchor","Golden Idol","Pen Nib","Pocketwatch","Centennial Puzzle","Lantern","SlaversCollar","Orrery","Bottled Tornado","Regal Pillow","Red Mask","Strawberry","Inserter","Orichalcum"],"potions_floor_usage":[44],"damage_taken":[{"damage":2.0,"enemies":"2 Louse","floor":1.0,"turns":4.0},{"damage":5.0,"enemies":"Jaw Worm","floor":2.0,"turns":4.0},{"damage":10.0,"enemies":"Small Slimes","floor":4.0,"turns":4.0},{"damage":0.0,"enemies":"3 Louse","floor":10.0,"turns":2.0},{"damage":8.0,"enemies":"3 Sentries","floor":12.0,"turns":5.0},{"damage":8.0,"enemies":"Gremlin Nob","floor":14.0,"turns":3.0},{"damage":3.0,"enemies":"The Guardian","floor":16.0,"turns":9.0},{"damage":0.0,"enemies":"3 Byrds","floor":18.0,"turns":3.0},{"damage":11.0,"enemies":"Spheric Guardian","floor":19.0,"turns":4.0},{"damage":23.0,"enemies":"Gremlin Leader","floor":24.0,"turns":7.0},{"damage":0.0,"enemies":"Masked Bandits","floor":28.0,"turns":2.0},{"damage":10.0,"enemies":"Snake Plant","floor":29.0,"turns":3.0},{"damage":2.0,"enemies":"Book of Stabbing","floor":30.0,"turns":4.0},{"damage":6.0,"enemies":"Shelled Parasite and Fungi","floor":31.0,"turns":6.0},{"damage":16.0,"enemies":"Collector","floor":33.0,"turns":7.0},{"damage":7.0,"enemies":"3 Shapes","floor":35.0,"turns":5.0},{"damage":14,"enemies":"Orb Walker","floor":37,"turns":5},{"damage":15,"enemies":"3 Darklings","floor":38,"turns":5},{"damage":8,"enemies":"Maw","floor":39,"turns":7},{"damage":16,"enemies":"Nemesis","floor":41,"turns":5},{"damage":38,"enemies":"Giant Head","floor":44,"turns":8}],"seed_played":"4691755960577519562","potions_obtained":[{"floor":4.0,"key":"ColorlessPotion"},{"floor":12.0,"key":"EssenceOfDarkness"},{"floor":16.0,"key":"Strength Potion"},{"floor":19.0,"key":"Block Potion"},{"floor":28.0,"key":"GamblersBrew"},{"floor":29.0,"key":"Strength Potion"},{"floor":30.0,"key":"Weak Potion"},{"floor":37,"key":"FearPotion"},{"floor":39,"key":"ColorlessPotion"}],"is_trial":false,"path_per_floor":["M","M","$","M","?","R","?","R","T","M","R","E","T","E","R","B",null,"M","M","?","$","?","R","E","R","T","R","?","M","E","M","R","B",null,"M","$","M","M","M","R","E","R","T","E"],"character_chosen":"DEFECT","items_purchased":["OrangePellets","Doom and Gloom","PowerPotion","Orrery","Coolheaded","Compile Driver","Defragment","Compile Driver","Energy Potion"],"campfire_rested":1,"item_purchase_floors":[3,3,3,21,21,21,36,36,36],"current_hp_per_floor":[44,39,39,36,18,18,18,37,37,44,44,43,43,42,42,53,61,61,57,57,57,57,57,41,41,41,41,41,38,43,44,44,35,62,62,62,55,47,46,46,37,37,37,0],"gold":152,"neow_bonus":"TWO_FIFTY_GOLD","is_prod":false,"is_daily":false,"chose_seed":false,"campfire_upgraded":9,"win_rate":0,"timestamp":1621886927,"path_taken":["M","M","$","M","?","R","?","R","T","M","R","E","?","E","R","BOSS","M","M","?","$","?","R","E","R","T","R","?","M","E","M","R","BOSS","M","$","M","M","M","R","E","R","T","E"],"build_version":"2020-12-18","purchased_purges":2,"victory":false,"max_hp_per_floor":[71,71,71,71,71,71,64,64,64,64,64,64,64,64,64,64,64,64,64,64,64,64,64,64,64,64,64,64,64,71,71,71,71,71,71,71,71,71,71,71,71,71,71,71],"relic_stats":{"OrangePellets":[5],"Centennial Puzzle":[42],"Regal Pillow":0,"Inserter":[17],"counters":[21,102],"Golden Idol":118,"Pen Nib":[11],"Orichalcum":[12],"obtain_stats":[{"Lantern":14,"Regal Pillow":26,"Inserter":34,"Golden Idol":7,"Pen Nib":9,"Bottled Tornado":24,"Orichalcum":41,"OrangePellets":3,"SlaversCollar":17,"Anchor":5,"Centennial Puzzle":13,"Strawberry":30,"Orrery":21,"Red Mask":28,"Cracked Core":0,"Pocketwatch":12},{"Lantern":6,"Regal Pillow":10,"Inserter":15,"Golden Idol":3,"Pen Nib":3,"Bottled Tornado":10,"Orichalcum":20,"OrangePellets":2,"SlaversCollar":7,"Anchor":3,"Centennial Puzzle":5,"Strawberry":13,"Orrery":9,"Red Mask":11,"Cracked Core":0,"Pocketwatch":5},{"Lantern":22,"Regal Pillow":45,"Inserter":67,"Golden Idol":12,"Pen Nib":12,"Bottled Tornado":45,"Orichalcum":94,"OrangePellets":8,"SlaversCollar":31,"Anchor":12,"Centennial Puzzle":19,"Strawberry":54,"Orrery":38,"Red Mask":47,"Cracked Core":0,"Pocketwatch":19}],"Pocketwatch":[63]},"card_choices":[{"not_picked":["Leap","Hologram"],"picked":"Coolheaded","floor":1.0},{"not_picked":["Gash","Storm"],"picked":"Self Repair","floor":2.0},{"not_picked":["Auto Shields","Redo","Recycle"],"picked":"SKIP","floor":4.0},{"not_picked":["Fusion","Gash"],"picked":"Ball Lightning","floor":10.0},{"not_picked":["Undo","Rip and Tear"],"picked":"White Noise","floor":12.0},{"not_picked":["Gash","Sweeping Beam"],"picked":"Defragment","floor":14.0},{"not_picked":["Buffer","Machine Learning"],"picked":"Electrodynamics","floor":16.0},{"not_picked":["Redo","Aggregate"],"picked":"Cold Snap","floor":18.0},{"not_picked":["Redo+1","Aggregate"],"picked":"Hologram+1","floor":19.0},{"not_picked":["Capacitor","All For One"],"picked":"Conserve Battery+1","floor":21.0},{"not_picked":["Storm+1","Chill"],"picked":"Loop+1","floor":21.0},{"not_picked":["Streamline+1","Lockon"],"picked":"Ball Lightning","floor":21.0},{"not_picked":["Melter","Electrodynamics","Cold Snap"],"picked":"SKIP","floor":24.0},{"not_picked":["Rebound","Tempest"],"picked":"Compile Driver","floor":28.0},{"not_picked":["Melter","Sweeping Beam","Chaos"],"picked":"SKIP","floor":29.0},{"not_picked":["Aggregate","Barrage"],"picked":"Skim","floor":30.0},{"not_picked":["Darkness+1","Gash"],"picked":"Stack+1","floor":31.0},{"not_picked":["Reboot","All For One"],"picked":"Fission","floor":33.0},{"not_picked":["Leap+1","Compile Driver","Fusion"],"picked":"SKIP","floor":35.0},{"not_picked":["Redo","Rebound","BootSequence"],"picked":"SKIP","floor":37},{"not_picked":["Rebound","Ball Lightning","Multi-Cast"],"picked":"SKIP","floor":38},{"not_picked":["Stack","Redo","Ball Lightning"],"picked":"SKIP","floor":39},{"not_picked":["Electrodynamics","BootSequence","Cold Snap"],"picked":"SKIP","floor":41}],"player_experience":3782997,"relics_obtained":[{"floor":9.0,"key":"Pen Nib"},{"floor":12.0,"key":"Pocketwatch"},{"floor":13.0,"key":"Centennial Puzzle"},{"floor":14.0,"key":"Lantern"},{"floor":24.0,"key":"Bottled Tornado"},{"floor":26.0,"key":"Regal Pillow"},{"floor":28.0,"key":"Red Mask"},{"floor":30.0,"key":"Strawberry"},{"floor":41,"key":"Orichalcum"}],"event_choices":[{"damage_healed":0.0,"max_hp_gain":0.0,"max_hp_loss":0.0,"gold_gain":0.0,"event_name":"Scrap Ooze","player_choice":"Success","floor":5.0,"gold_loss":0.0,"damage_taken":18.0,"relics_obtained":["Anchor"]},{"damage_healed":0.0,"max_hp_gain":0.0,"max_hp_loss":7.0,"gold_gain":0.0,"event_name":"Golden Idol","player_choice":"Lose Max HP","floor":7.0,"gold_loss":0.0,"damage_taken":0.0,"relics_obtained":["Golden Idol"]},{"damage_healed":0.0,"max_hp_gain":0.0,"max_hp_loss":0.0,"gold_gain":0.0,"event_name":"Back to Basics","player_choice":"Simplicity","floor":20.0,"gold_loss":0.0,"damage_taken":0.0,"cards_upgraded":["Strike_B","Strike_B","Strike_B","Strike_B","Defend_B","Defend_B","Defend_B","Defend_B"]},{"damage_healed":0.0,"max_hp_gain":0.0,"max_hp_loss":0.0,"gold_gain":0.0,"event_name":"The Mausoleum","player_choice":"Ignored","floor":22.0,"gold_loss":0.0,"damage_taken":0.0},{"damage_healed":0.0,"max_hp_gain":0.0,"max_hp_loss":0.0,"gold_gain":0.0,"event_name":"Masked Bandits","player_choice":"Fought Bandits","floor":28.0,"gold_loss":0.0,"damage_taken":0.0}],"is_beta":true,"boss_relics":[{"not_picked":["SacredBark","Runic Pyramid"],"picked":"SlaversCollar"},{"not_picked":["Sozu","Snecko Eye"],"picked":"Inserter"}],"items_purged_floors":[21,36],"is_endless":false,"potions_floor_spawned":[4,10,12,16,19,28,29,30,31,37,39],"killed_by":"Giant Head","ascension_level":20}