{"gold_per_floor":[116,116,127,141,159,159,159,191,216,216,216,250,263,290,290,362,362,377,391,441,441,458,458],"floor_reached":23,"playtime":1046,"items_purged":[],"score":422,"play_id":"adca13e4-9106-48f4-b536-a20af13f9181","local_time":"20210520152647","is_ascension_mode":true,"campfire_choices":[{"data":"Barrage","floor":6,"key":"SMITH"},{"data":"Thunder Strike","floor":10,"key":"SMITH"},{"data":"Capacitor","floor":15,"key":"SMITH"}],"neow_cost":"NONE","seed_source_timestamp":1835881185659500,"circlet_count":0,"master_deck":["AscendersBane","Strike_B","Strike_B","Defend_B","Defend_B","Defend_B","Defend_B","Zap+1","Dualcast","Coolheaded+1","Barrage+1","Thunder Strike+1","Cold Snap","Coolheaded","Capacitor+1","Conserve Battery","Compile Driver","Echo Form","BootSequence+1","Necronomicurse","Compile Driver"],"relics":["Cracked Core","Oddly Smooth Stone","Bag of Marbles","Boot","PreservedInsect","Black Star","Necronomicon"],"potions_floor_usage":[8,12,16,19,23],"damage_taken":[{"damage":0,"enemies":"Small Slimes","floor":1,"turns":3},{"damage":0,"enemies":"Cultist","floor":3,"turns":3},{"damage":0,"enemies":"Jaw Worm","floor":4,"turns":4},{"damage":2,"enemies":"Blue Slaver","floor":5,"turns":4},{"damage":13,"enemies":"3 Sentries","floor":8,"turns":6},{"damage":4,"enemies":"Gremlin Nob","floor":12,"turns":3},{"damage":7,"enemies":"Gremlin Gang","floor":13,"turns":4},{"damage":14,"enemies":"3 Sentries","floor":14,"turns":7},{"damage":10,"enemies":"Hexaghost","floor":16,"turns":8},{"damage":21,"enemies":"Shell Parasite","floor":18,"turns":6},{"damage":10,"enemies":"Chosen","floor":19,"turns":5},{"damage":4,"enemies":"Snecko","floor":22,"turns":5},{"damage":1,"enemies":"Slavers","floor":23,"turns":2}],"seed_played":"-3487271640472253607","potions_obtained":[{"floor":3,"key":"Fire Potion"},{"floor":5,"key":"Energy Potion"},{"floor":14,"key":"PowerPotion"},{"floor":16,"key":"AttackPotion"},{"floor":18,"key":"Weak Potion"}],"is_trial":false,"path_per_floor":["M","?","M","M","M","R","?","E","T","R","?","E","M","E","R","B",null,"M","M","?","?","M","E"],"character_chosen":"DEFECT","items_purchased":[],"campfire_rested":0,"item_purchase_floors":[],"current_hp_per_floor":[64,64,64,64,62,62,62,49,49,49,49,45,38,24,24,14,57,36,26,26,5,1,0],"gold":458,"neow_bonus":"UPGRADE_CARD","is_prod":false,"is_daily":false,"chose_seed":false,"campfire_upgraded":3,"win_rate":0,"timestamp":1621549607,"path_taken":["M","?","M","M","?","R","?","E","T","R","?","E","?","E","R","BOSS","M","?","?","?","M","E"],"build_version":"2020-12-18","purchased_purges":0,"victory":false,"max_hp_per_floor":[71,71,71,71,71,71,71,71,71,71,71,71,71,71,71,71,71,71,71,71,71,71,71],"relic_stats":{"counters":[13,60],"PreservedInsect":42,"Black Star":0,"Necronomicon":[2],"Boot":[5],"obtain_stats":[{"Oddly Smooth Stone":8,"PreservedInsect":14,"Bag of Marbles":9,"Black Star":17,"Necronomicon":21,"Cracked Core":0,"Boot":12},{"Oddly Smooth Stone":5,"PreservedInsect":8,"Bag of Marbles":5,"Black Star":9,"Necronomicon":11,"Cracked Core":0,"Boot":6},{"Oddly Smooth Stone":20,"PreservedInsect":34,"Bag of Marbles":20,"Black Star":42,"Necronomicon":53,"Cracked Core":0,"Boot":23}]},"card_choices":[{"not_picked":["Rebound","Chill"],"picked":"Coolheaded","floor":1},{"not_picked":["Turbo","Hologram"],"picked":"Barrage","floor":3},{"not_picked":["Steam","Aggregate"],"picked":"Thunder Strike","floor":4},{"not_picked":["Stack","Beam Cell"],"picked":"Cold Snap","floor":5},{"not_picked":["Conserve Battery","Sweeping Beam"],"picked":"Capacitor","floor":8},{"not_picked":["Coolheaded","Rip and Tear","Loop"],"picked":"SKIP","floor":12},{"not_picked":["Leap","Rip and Tear"],"picked":"Conserve Battery","floor":13},{"not_picked":["Leap","Aggregate"],"picked":"Compile Driver","floor":14},{"not_picked":["Thunder Strike","Amplify"],"picked":"Echo Form","floor":16},{"not_picked":["Ball Lightning","Rebound"],"picked":"BootSequence+1","floor":18},{"not_picked":["Gash","Auto Shields+1","Hello World"],"picked":"SKIP","floor":19},{"not_picked":["Double Energy","Coolheaded"],"picked":"Compile Driver","floor":22}],"player_experience":3734001,"relics_obtained":[{"floor":8,"key":"Oddly Smooth Stone"},{"floor":9,"key":"Bag of Marbles"},{"floor":12,"key":"Boot"},{"floor":14,"key":"PreservedInsect"},{"floor":21,"key":"Necronomicon"}],"event_choices":[{"damage_healed":0,"gold_gain":0,"player_choice":"Upgraded","damage_taken":0,"max_hp_gain":0,"max_hp_loss":0,"event_name":"Upgrade Shrine","floor":2,"gold_loss":0,"cards_upgraded":["Coolheaded"]},{"damage_healed":0,"gold_gain":0,"cards_transformed":["Strike_B"],"player_choice":"Change","damage_taken":0,"max_hp_gain":0,"max_hp_loss":0,"event_name":"Living Wall","floor":7,"gold_loss":0,"cards_obtained":["Coolheaded"]},{"cards_removed":["Strike_B"],"damage_healed":0,"gold_gain":0,"player_choice":"Offered Basic","damage_taken":0,"max_hp_gain":0,"max_hp_loss":0,"event_name":"Bonfire Elementals","floor":11,"gold_loss":0},{"damage_healed":0,"gold_gain":50,"player_choice":"Stole From Cult","damage_taken":0,"max_hp_gain":0,"max_hp_loss":0,"event_name":"Nest","floor":20,"gold_loss":0},{"damage_healed":0,"gold_gain":0,"player_choice":"Obtained Book","damage_taken":21,"max_hp_gain":0,"max_hp_loss":0,"event_name":"Cursed Tome","floor":21,"gold_loss":0}],"is_beta":true,"boss_relics":[{"not_picked":["Tiny House","Astrolabe"],"picked":"Black Star"}],"items_purged_floors":[],"is_endless":false,"potions_floor_spawned":[3,5,14,16,18],"killed_by":"Slavers","ascension_level":20}