{"gold_per_floor":[115,115,126,142,0,0,13,42,42,59,59,90,90,109,109,184,184,203,203,203,203,203,203,223,25,97,97,125,31,66,66,66,66],"floor_reached":33,"playtime":1991,"items_purged":["Strike_B"],"score":582,"play_id":"9b7a6d72-9940-467b-a0b4-ba54be9e1983","local_time":"20210522113437","is_ascension_mode":true,"campfire_choices":[{"data":"Doom and Gloom","floor":6,"key":"SMITH"},{"data":"Defragment","floor":11,"key":"SMITH"},{"data":"Darkness","floor":13,"key":"SMITH"},{"data":"Hologram","floor":15,"key":"SMITH"},{"data":"Defragment","floor":23,"key":"SMITH"},{"floor":27,"key":"REST"},{"data":"Defragment","floor":32,"key":"SMITH"}],"neow_cost":"NONE","seed_source_timestamp":118684589121200,"circlet_count":0,"master_deck":["AscendersBane","Strike_B","Defend_B","Defend_B","Defend_B","Defend_B","Zap","Dualcast","Hologram+1","Doom and Gloom+1","Steam","Defragment+1","Coolheaded","Darkness+1","Core Surge","Cold Snap","Multi-Cast","Conserve Battery","RitualDagger","Blizzard","Turbo","Defragment+1","Creative AI","Defragment+1","Chill","Core Surge","Ghostly","Ghostly","Ghostly"],"relics":["Cracked Core","Potion Belt","The Courier","Letter Opener","Meat on the Bone","Nuclear Battery","Centennial Puzzle","Bottled Tornado","Pen Nib","Lantern"],"potions_floor_usage":[8,12,16,24,28,28,28,33],"damage_taken":[{"damage":0,"enemies":"2 Louse","floor":1,"turns":3},{"damage":10,"enemies":"Small Slimes","floor":3,"turns":3},{"damage":0,"enemies":"Jaw Worm","floor":4,"turns":3},{"damage":13,"enemies":"Large Slime","floor":7,"turns":5},{"damage":10,"enemies":"3 Sentries","floor":8,"turns":6},{"damage":7,"enemies":"2 Fungi Beasts","floor":10,"turns":2},{"damage":16,"enemies":"Lagavulin","floor":12,"turns":6},{"damage":5,"enemies":"Exordium Wildlife","floor":14,"turns":4},{"damage":3,"enemies":"The Guardian","floor":16,"turns":9},{"damage":16,"enemies":"Shell Parasite","floor":18,"turns":4},{"damage":10,"enemies":"3 Byrds","floor":24,"turns":2},{"damage":16,"enemies":"Slavers","floor":28,"turns":4},{"damage":33,"enemies":"Book of Stabbing","floor":30,"turns":6},{"damage":41,"enemies":"Automaton","floor":33,"turns":8}],"seed_played":"-2352173286098482233","potions_obtained":[{"floor":4,"key":"ColorlessPotion"},{"floor":8,"key":"LiquidBronze"},{"floor":10,"key":"DuplicationPotion"},{"floor":14,"key":"DistilledChaos"},{"floor":16,"key":"Strength Potion"},{"floor":24,"key":"Explosive Potion"},{"floor":30,"key":"EssenceOfDarkness"}],"is_trial":false,"path_per_floor":["M","?","M","M","$","R","M","E","T","M","R","E","R","M","R","B",null,"M","?","?","?","?","R","M","$","T","R","E","$","E","?","R","B"],"character_chosen":"DEFECT","items_purchased":["Defragment","Fire Potion","Centennial Puzzle","Defragment","Chill"],"campfire_rested":1,"item_purchase_floors":[5,5,25,29,29],"current_hp_per_floor":[64,69,59,59,59,59,46,36,36,29,29,13,13,20,20,29,64,48,42,42,42,42,42,44,44,44,66,50,50,29,29,29,0],"gold":66,"neow_bonus":"RANDOM_COMMON_RELIC","is_prod":false,"is_daily":false,"chose_seed":false,"campfire_upgraded":6,"win_rate":0,"timestamp":1621708477,"path_taken":["M","?","M","M","$","R","M","E","T","M","R","E","R","M","R","BOSS","M","?","?","?","?","R","M","$","T","R","E","$","E","?","R","BOSS"],"build_version":"2020-12-18","purchased_purges":1,"victory":false,"max_hp_per_floor":[71,76,76,76,76,76,76,76,76,76,76,76,76,76,76,76,76,76,76,76,76,76,76,76,76,76,76,76,76,76,38,38,38],"relic_stats":{"Centennial Puzzle":[9],"counters":[14,65],"Pen Nib":[1],"Letter Opener":[129],"obtain_stats":[{"Potion Belt":0,"Centennial Puzzle":25,"Lantern":30,"The Courier":8,"Pen Nib":28,"Letter Opener":9,"Bottled Tornado":26,"Cracked Core":0,"Meat on the Bone":12,"Nuclear Battery":17},{"Potion Belt":0,"Centennial Puzzle":11,"Lantern":13,"The Courier":5,"Pen Nib":12,"Letter Opener":5,"Bottled Tornado":11,"Cracked Core":0,"Meat on the Bone":7,"Nuclear Battery":9},{"Potion Belt":0,"Centennial Puzzle":47,"Lantern":57,"The Courier":20,"Pen Nib":51,"Letter Opener":20,"Bottled Tornado":47,"Cracked Core":0,"Meat on the Bone":28,"Nuclear Battery":41}],"Meat on the Bone":48},"card_choices":[{"not_picked":["Aggregate","Turbo"],"picked":"Hologram","floor":1},{"not_picked":["Streamline","Turbo"],"picked":"Doom and Gloom","floor":3},{"not_picked":["Redo","Consume"],"picked":"Steam","floor":4},{"not_picked":["White Noise","Leap"],"picked":"Coolheaded","floor":7},{"not_picked":["Cold Snap","Rebound"],"picked":"Darkness","floor":8},{"not_picked":["Reprogram","Barrage"],"picked":"Core Surge","floor":10},{"not_picked":["Fusion","Steam","Go for the Eyes"],"picked":"SKIP","floor":12},{"not_picked":["Reprogram","Conserve Battery"],"picked":"Cold Snap","floor":14},{"not_picked":["Thunder Strike","Rainbow"],"picked":"Multi-Cast","floor":16},{"not_picked":["Steam","Stack"],"picked":"Conserve Battery","floor":18},{"not_picked":["Storm","Streamline","Sweeping Beam"],"picked":"SKIP","floor":24},{"not_picked":["Meteor Strike","Barrage"],"picked":"Creative AI","floor":28},{"not_picked":["All For One","Sweeping Beam"],"picked":"Core Surge","floor":30}],"player_experience":3752697,"relics_obtained":[{"floor":8,"key":"The Courier"},{"floor":9,"key":"Letter Opener"},{"floor":12,"key":"Meat on the Bone"},{"floor":26,"key":"Bottled Tornado"},{"floor":28,"key":"Pen Nib"},{"floor":30,"key":"Lantern"}],"event_choices":[{"damage_healed":0,"gold_gain":0,"player_choice":"Donut","damage_taken":0,"max_hp_gain":5,"max_hp_loss":0,"event_name":"Big Fish","floor":2,"gold_loss":0},{"damage_healed":0,"gold_gain":0,"player_choice":"Joined the Cult","damage_taken":6,"max_hp_gain":0,"max_hp_loss":0,"event_name":"Nest","floor":19,"gold_loss":0,"cards_obtained":["RitualDagger"]},{"damage_healed":0,"gold_gain":0,"cards_transformed":["Strike_B","Strike_B"],"player_choice":"Became Test Subject","damage_taken":0,"max_hp_gain":0,"max_hp_loss":0,"event_name":"Drug Dealer","floor":20,"gold_loss":0,"cards_obtained":["Blizzard","Turbo"]},{"damage_healed":0,"gold_gain":0,"player_choice":"Ignored","damage_taken":0,"max_hp_gain":0,"max_hp_loss":0,"event_name":"The Mausoleum","floor":21,"gold_loss":0},{"damage_healed":0,"gold_gain":0,"player_choice":"Read","damage_taken":0,"max_hp_gain":0,"max_hp_loss":0,"event_name":"The Library","floor":22,"gold_loss":0,"cards_obtained":["Defragment"]},{"damage_healed":0,"gold_gain":0,"player_choice":"Became a Ghost","damage_taken":0,"max_hp_gain":0,"max_hp_loss":38,"event_name":"Ghosts","floor":31,"gold_loss":0,"cards_obtained":["Ghostly","Ghostly","Ghostly"]}],"is_beta":true,"boss_relics":[{"not_picked":["Busted Crown","SlaversCollar"],"picked":"Nuclear Battery"}],"items_purged_floors":[25],"is_endless":false,"potions_floor_spawned":[4,8,10,14,16,24,30],"killed_by":"Automaton","ascension_level":20}