{"gold_per_floor":[109,50,50,116,131,131,162,175,175,175,245,275,339,354,354,432,432,450,466,516,566,189,189,24,24,24,24,59,59,109,179,179,255,255,265,315,333,397,176,176,196,214,285,37,53,85,85,116,116,116,116,116,116,43,73,73],"floor_reached":57,"playtime":4416,"items_purged":["Strike_B"],"score":2780,"play_id":"812dc5a3-01f0-402e-8a8e-11fede8f7014","local_time":"20210522124956","is_ascension_mode":true,"campfire_choices":[{"data":"Barrage","floor":6.0,"key":"SMITH"},{"floor":10.0,"key":"REST"},{"data":"Chaos","floor":15.0,"key":"SMITH"},{"data":"Ghostly","floor":23.0,"key":"SMITH"},{"data":"Ghostly","floor":25.0,"key":"SMITH"},{"data":"Ghostly","floor":27.0,"key":"SMITH"},{"floor":29.0,"key":"REST"},{"data":"Creative AI","floor":32,"key":"SMITH"},{"floor":40,"key":"RECALL"},{"data":"Biased Cognition","floor":47,"key":"SMITH"},{"floor":49,"key":"REST"},{"data":"Coolheaded","floor":53,"key":"SMITH"}],"neow_cost":"TEN_PERCENT_HP_LOSS","seed_source_timestamp":120725997517400,"circlet_count":0,"master_deck":["AscendersBane","Strike_B","Strike_B","Strike_B","Defend_B","Defend_B","Defend_B","Defend_B","Zap","Dualcast","Biased Cognition+1","Conserve Battery","Cold Snap","Barrage+1","Chaos+1","Beam Cell","Skim","Sweeping Beam","Compile Driver","Creative AI+1","Self Repair","Coolheaded","Ghostly+1","Ghostly+1","Ghostly+1","Capacitor","Reboot","Conserve Battery+1","Coolheaded+1","Coolheaded","Skim+1","Cold Snap","Loop","Hologram+1","Glacier","Seek"],"special_seed":0,"relics":["Cracked Core","SsserpentHead","Bronze Scales","StrikeDummy","Calipers","Runic Dome","Incense Burner","DataDisk","Thread and Needle","Happy Flower","Inserter","Lantern","Membership Card","MealTicket","HornCleat"],"potions_floor_usage":[33,45,51,56,56],"damage_taken":[{"damage":11.0,"enemies":"Small Slimes","floor":1.0,"turns":4.0},{"damage":0.0,"enemies":"Cultist","floor":4.0,"turns":3.0},{"damage":0.0,"enemies":"Jaw Worm","floor":5.0,"turns":2.0},{"damage":34.0,"enemies":"3 Sentries","floor":7.0,"turns":8.0},{"damage":7.0,"enemies":"Large Slime","floor":8.0,"turns":4.0},{"damage":13.0,"enemies":"Gremlin Gang","floor":11.0,"turns":4.0},{"damage":7.0,"enemies":"Gremlin Nob","floor":12.0,"turns":3.0},{"damage":0.0,"enemies":"2 Fungi Beasts","floor":13.0,"turns":3.0},{"damage":14.0,"enemies":"Hexaghost","floor":16.0,"turns":6.0},{"damage":0.0,"enemies":"3 Byrds","floor":18.0,"turns":3.0},{"damage":24.0,"enemies":"Shell Parasite","floor":19.0,"turns":5.0},{"damage":15.0,"enemies":"Slavers","floor":28.0,"turns":7.0},{"damage":6,"enemies":"Sentry and Sphere","floor":31,"turns":7},{"damage":25,"enemies":"Collector","floor":33,"turns":8},{"damage":13,"enemies":"Orb Walker","floor":35,"turns":6},{"damage":0,"enemies":"3 Darklings","floor":37,"turns":6},{"damage":1,"enemies":"Transient","floor":38,"turns":6},{"damage":0,"enemies":"Jaw Worm Horde","floor":41,"turns":6},{"damage":0,"enemies":"Maw","floor":42,"turns":9},{"damage":24,"enemies":"Spire Growth","floor":45,"turns":9},{"damage":10,"enemies":"Nemesis","floor":46,"turns":11},{"damage":11,"enemies":"Reptomancer","floor":48,"turns":7},{"damage":0,"enemies":"Donu and Deca","floor":50,"turns":11},{"damage":4,"enemies":"Awakened One","floor":51,"turns":20},{"damage":17,"enemies":"Shield and Spear","floor":55,"turns":11},{"damage":5,"enemies":"The Heart","floor":56,"turns":11}],"seed_played":"4836882912512737066","potions_obtained":[{"floor":4.0,"key":"Explosive Potion"},{"floor":11.0,"key":"Strength Potion"},{"floor":12.0,"key":"EssenceOfSteel"},{"floor":18.0,"key":"Fire Potion"},{"floor":19.0,"key":"FocusPotion"},{"floor":31,"key":"PowerPotion"},{"floor":36,"key":"PotionOfCapacity"},{"floor":46,"key":"Fire Potion"},{"floor":55,"key":"PowerPotion"}],"is_trial":false,"path_per_floor":["M","$","?","M","M","R","E","M","T","R","M","E","M","?","R","B",null,"M","M","?","?","$","R","$","R","T","R","E","R","?","M","R","B",null,"M","?","M","M","$","R","M","M","T","$","M","E","R","E","R","B","B",null,"R","$","E","B",null],"character_chosen":"DEFECT","items_purchased":["Cold Snap","Incense Burner","Capacitor","DataDisk","Coolheaded","Lantern","Membership Card","Loop","Glacier","FocusPotion"],"campfire_rested":3,"item_purchase_floors":[2,22,22,24,39,39,44,44,54,54],"current_hp_per_floor":[53,53,53,53,53,53,19,12,12,31,18,11,11,27,27,13,51,51,34,17,17,17,17,17,17,17,17,9,19,44,44,44,26,40,34,34,41,44,44,44,44,44,44,44,27,24,24,13,26,33,29,40,40,44,34,36],"gold":73,"neow_bonus":"THREE_RARE_CARDS","is_prod":false,"is_daily":false,"chose_seed":false,"campfire_upgraded":8,"win_rate":0,"timestamp":1621712996,"path_taken":["M","$","?","?","M","R","E","M","T","R","?","E","?","?","R","BOSS","M","M","?","?","?","R","$","R","T","R","E","R","?","?","R","BOSS","M","?","M","?","$","R","M","M","T","$","M","E","R","E","R","BOSS","BOSS","R","$","E","BOSS"],"build_version":"2020-12-18","purchased_purges":1,"victory":true,"max_hp_per_floor":[64,64,64,64,64,64,64,64,64,64,64,64,64,64,64,64,64,64,64,69,34,34,34,34,34,34,34,34,34,44,44,44,44,44,44,44,44,44,44,44,44,44,44,44,44,44,44,44,44,44,44,44,44,44,44,44],"relic_stats":{"SsserpentHead":550,"Inserter":[51],"Happy Flower":[42],"counters":[26,180],"Bronze Scales":[684],"MealTicket":4,"obtain_stats":[{"Lantern":39,"Calipers":12,"Inserter":34,"Happy Flower":28,"Thread and Needle":26,"Incense Burner":22,"SsserpentHead":3,"Runic Dome":17,"DataDisk":24,"HornCleat":55,"Bronze Scales":7,"MealTicket":48,"Membership Card":44,"Cracked Core":0,"StrikeDummy":9},{"Lantern":17,"Calipers":7,"Inserter":14,"Happy Flower":12,"Thread and Needle":11,"Incense Burner":11,"SsserpentHead":1,"Runic Dome":9,"DataDisk":11,"HornCleat":25,"Bronze Scales":4,"MealTicket":22,"Membership Card":19,"Cracked Core":0,"StrikeDummy":5},{"Lantern":85,"Calipers":28,"Inserter":67,"Happy Flower":52,"Thread and Needle":45,"Incense Burner":45,"SsserpentHead":4,"Runic Dome":37,"DataDisk":45,"HornCleat":169,"Bronze Scales":17,"MealTicket":127,"Membership Card":100,"Cracked Core":0,"StrikeDummy":21}]},"card_choices":[{"not_picked":["Amplify","Echo Form"],"picked":"Biased Cognition","floor":0.0},{"not_picked":["Leap","Gash"],"picked":"Conserve Battery","floor":1.0},{"not_picked":["Gash","Reprogram"],"picked":"Barrage","floor":4.0},{"not_picked":["Rebound","Hologram"],"picked":"Chaos","floor":5.0},{"not_picked":["Gash","Recycle"],"picked":"Beam Cell","floor":7.0},{"not_picked":["Chaos","Gash"],"picked":"Skim","floor":8.0},{"not_picked":["Darkness","Force Field"],"picked":"Sweeping Beam","floor":11.0},{"not_picked":["Melter","Turbo"],"picked":"Fission","floor":12.0},{"not_picked":["Doom and Gloom","Gash"],"picked":"Compile Driver","floor":13.0},{"not_picked":["Reboot","Meteor Strike"],"picked":"Creative AI","floor":16.0},{"not_picked":["Double Energy","Streamline"],"picked":"Self Repair","floor":18.0},{"not_picked":["Skim","Blizzard"],"picked":"Coolheaded","floor":19.0},{"not_picked":["Go for the Eyes","Streamline+1","Beam Cell"],"picked":"SKIP","floor":28.0},{"not_picked":["Stack","Double Energy","Consume"],"picked":"SKIP","floor":31},{"not_picked":["Multi-Cast","All For One"],"picked":"Reboot","floor":33},{"not_picked":["Sunder","Reprogram+1"],"picked":"Conserve Battery+1","floor":35},{"not_picked":["Steam","Tempest+1","Blizzard"],"picked":"SKIP","floor":37},{"not_picked":["Gash","Chaos"],"picked":"Coolheaded","floor":38},{"not_picked":["Redo","Turbo"],"picked":"Skim+1","floor":41},{"not_picked":["Steam Power","Doom and Gloom"],"picked":"Cold Snap","floor":42},{"not_picked":["Skim+1","White Noise","Hello World"],"picked":"SKIP","floor":45},{"not_picked":["Coolheaded","Undo"],"picked":"Hologram+1","floor":46},{"not_picked":["Rebound+1","Barrage","Beam Cell"],"picked":"SKIP","floor":48},{"not_picked":["Gash","Sunder"],"picked":"Seek","floor":55}],"player_experience":3754688,"relics_obtained":[{"floor":7.0,"key":"Bronze Scales"},{"floor":9.0,"key":"StrikeDummy"},{"floor":12.0,"key":"Calipers"},{"floor":26.0,"key":"Thread and Needle"},{"floor":28.0,"key":"Happy Flower"},{"floor":48,"key":"MealTicket"},{"floor":55,"key":"HornCleat"}],"event_choices":[{"damage_healed":0.0,"max_hp_gain":0.0,"max_hp_loss":0.0,"gold_gain":0.0,"event_name":"FaceTrader","player_choice":"Trade","floor":3.0,"gold_loss":0.0,"damage_taken":0.0,"relics_obtained":["SsserpentHead"]},{"damage_healed":16.0,"max_hp_gain":0.0,"max_hp_loss":0.0,"gold_gain":0.0,"event_name":"The Cleric","player_choice":"Healed","floor":14.0,"gold_loss":35.0,"damage_taken":0.0},{"damage_healed":0.0,"max_hp_gain":5.0,"max_hp_loss":0.0,"gold_gain":0.0,"event_name":"Forgotten Altar","player_choice":"Shed Blood","floor":20.0,"gold_loss":0.0,"damage_taken":22.0},{"damage_healed":0.0,"max_hp_gain":0.0,"max_hp_loss":35.0,"gold_gain":0.0,"event_name":"Ghosts","player_choice":"Became a Ghost","floor":21.0,"gold_loss":0.0,"damage_taken":0.0,"cards_obtained":["Ghostly","Ghostly","Ghostly"]},{"cards_removed":["Fission"],"damage_healed":15,"gold_gain":0,"player_choice":"Offered Rare","damage_taken":0,"max_hp_gain":10,"max_hp_loss":0,"event_name":"Bonfire Elementals","floor":30,"gold_loss":0},{"damage_healed":0,"gold_gain":0,"player_choice":"Got Potions","damage_taken":0,"max_hp_gain":0,"max_hp_loss":0,"event_name":"Lab","floor":36,"gold_loss":0}],"is_beta":true,"boss_relics":[{"not_picked":["Ectoplasm","FrozenCore"],"picked":"Runic Dome"},{"not_picked":["Empty Cage","Philosopher\u0027s Stone"],"picked":"Inserter"}],"items_purged_floors":[44],"is_endless":false,"potions_floor_spawned":[4,11,12,18,19,31,38,42,46,55],"ascension_level":20}