{"gold_per_floor":[115,126,201,201,211,211,240,240,240,240,258,258,270,305,305,305],"floor_reached":16,"playtime":841,"items_purged":[],"score":220,"play_id":"144a623e-4ae0-49d0-8e09-a0938e1839b0","local_time":"20210518170648","is_ascension_mode":true,"campfire_choices":[{"floor":6.0,"key":"REST"},{"data":"Sunder","floor":8.0,"key":"SMITH"},{"data":"Beam Cell","floor":12.0,"key":"SMITH"},{"data":"Sunder","floor":15.0,"key":"SMITH"}],"neow_cost":"NONE","seed_source_timestamp":1669202108771500,"circlet_count":0,"master_deck":["AscendersBane","Strike_B+1","Strike_B","Strike_B","Defend_B","Defend_B","Defend_B","Defend_B+1","Zap","Dualcast","Ball Lightning","Sunder+1","Sunder+1","Cold Snap","Beam Cell+1","Chill","Hologram"],"special_seed":0,"relics":["Velvet Choker","Darkstone Periapt","Pear","Bottled Flame"],"potions_floor_usage":[16],"damage_taken":[{"damage":2.0,"enemies":"Jaw Worm","floor":1.0,"turns":4.0},{"damage":4.0,"enemies":"Small Slimes","floor":2.0,"turns":3.0},{"damage":0.0,"enemies":"2 Louse","floor":5.0,"turns":2.0},{"damage":8.0,"enemies":"Gremlin Nob","floor":7.0,"turns":3.0},{"damage":11.0,"enemies":"Blue Slaver","floor":11.0,"turns":3.0},{"damage":8.0,"enemies":"Large Slime","floor":13.0,"turns":3.0},{"damage":4.0,"enemies":"3 Sentries","floor":14.0,"turns":5.0},{"damage":19,"enemies":"The Guardian","floor":16,"turns":9}],"seed_played":"7531369491570722108","potions_obtained":[{"floor":5.0,"key":"Weak Potion"},{"floor":11.0,"key":"SteroidPotion"}],"is_trial":false,"path_per_floor":["M","M","?","?","M","R","E","R","T","?","M","R","M","E","R","B"],"character_chosen":"DEFECT","items_purchased":[],"campfire_rested":1,"item_purchase_floors":[],"current_hp_per_floor":[62,58,47,26,26,47,39,39,49,42,31,31,23,19,19,0],"gold":305,"neow_bonus":"BOSS_RELIC","is_prod":false,"is_daily":false,"chose_seed":false,"campfire_upgraded":3,"win_rate":0,"timestamp":1621382808,"path_taken":["M","M","?","?","M","R","E","R","T","?","M","R","?","E","R","BOSS"],"build_version":"2020-12-18","purchased_purges":0,"victory":false,"max_hp_per_floor":[71,71,71,71,71,71,71,71,81,81,81,81,81,81,81,81],"relic_stats":{"Darkstone Periapt":0,"counters":[8,32],"obtain_stats":[{"Darkstone Periapt":7,"Bottled Flame":14,"Pear":9,"Velvet Choker":0,"Cracked Core":0},{"Darkstone Periapt":4,"Bottled Flame":7,"Pear":4,"Velvet Choker":0,"Cracked Core":0},{"Darkstone Periapt":12,"Bottled Flame":23,"Pear":12,"Velvet Choker":0,"Cracked Core":0}]},"card_choices":[{"not_picked":["Hologram","Darkness"],"picked":"Ball Lightning","floor":1.0},{"not_picked":["Recycle","Turbo"],"picked":"Sunder","floor":2.0},{"not_picked":["Force Field","Fusion"],"picked":"Sunder","floor":5.0},{"not_picked":["Chill","Blizzard"],"picked":"Cold Snap","floor":7.0},{"not_picked":["Force Field","Reprogram"],"picked":"Beam Cell","floor":11.0},{"not_picked":["Streamline","Aggregate"],"picked":"Chill","floor":13.0},{"not_picked":["Steam","Reprogram"],"picked":"Hologram","floor":14.0}],"player_experience":3698002,"relics_obtained":[{"floor":7.0,"key":"Darkstone Periapt"},{"floor":9.0,"key":"Pear"},{"floor":14.0,"key":"Bottled Flame"}],"event_choices":[{"damage_healed":0.0,"max_hp_gain":0.0,"max_hp_loss":0.0,"gold_gain":75.0,"event_name":"World of Goop","player_choice":"Gather Gold","floor":3.0,"gold_loss":0.0,"damage_taken":11.0},{"damage_healed":0.0,"max_hp_gain":0.0,"max_hp_loss":0.0,"gold_gain":0.0,"event_name":"Shining Light","player_choice":"Entered Light","floor":4.0,"gold_loss":0.0,"damage_taken":21.0,"cards_upgraded":["Defend_B","Strike_B"]},{"cards_removed":["Strike_B"],"damage_healed":0.0,"max_hp_gain":0.0,"max_hp_loss":0.0,"gold_gain":0.0,"event_name":"Golden Wing","player_choice":"Card Removal","floor":10.0,"gold_loss":0.0,"damage_taken":7.0}],"is_beta":true,"boss_relics":[],"items_purged_floors":[],"is_endless":false,"potions_floor_spawned":[5,11,14],"killed_by":"The Guardian","ascension_level":20}