{"gold_per_floor":[119,119,119,133,152,152,171,171,171,215,238,273,288,311,311,401,401,414,414,414,435,448,448,492,492,519,162,162,200,200,225,225,321,321,337,360,360,5,5,44,57,57,82,95,136,136,169,184,184,184,184,184,184,12,45,45],"floor_reached":56,"playtime":5625,"items_purged":["Strike_B","Writhe"],"score":2099,"play_id":"8b8214b3-7062-47aa-8702-611ef6b3b99c","local_time":"20210519110241","is_ascension_mode":true,"campfire_choices":[{"data":"Sweeping Beam","floor":6,"key":"SMITH"},{"floor":8,"key":"REST"},{"floor":15,"key":"REST"},{"data":"Sunder","floor":23,"key":"SMITH"},{"data":"Biased Cognition","floor":25,"key":"SMITH"},{"data":"Thunder Strike","floor":28,"key":"SMITH"},{"data":"Defragment","floor":32,"key":"SMITH"},{"floor":42,"key":"RECALL"},{"floor":46,"key":"REST"},{"floor":49,"key":"REST"},{"floor":53,"key":"REST"}],"neow_cost":"NONE","seed_source_timestamp":1729052197340600,"circlet_count":0,"master_deck":["AscendersBane","Strike_B+1","Strike_B+1","Strike_B+1","Defend_B+1","Defend_B+1","Defend_B+1","Defend_B+1","Zap","Dualcast","Sweeping Beam+1","Hologram","Ball Lightning","Seek","Cold Snap","Streamline","Recycle","Thunder Strike+1","Glacier","Sunder+1","Glacier","Biased Cognition+1","Defragment+1","Tempest","Creative AI","Turbo+1","Heatsinks+1","Double Energy","Skim","All For One","Sweeping Beam+1","Coolheaded","Capacitor","Force Field","Consume","Scrape+1","Glacier","Reboot","Reinforced Body+1","Meteor Strike","Hologram"],"relics":["Snecko Eye","Golden Idol","Gambling Chip","Dead Branch","Mango","Sozu","Letter Opener","Gremlin Horn","Blood Vial","Sundial","Vajra","Fusion Hammer","Orrery","Unceasing Top","Strawberry","Darkstone Periapt","Bottled Tornado","Shuriken"],"potions_floor_usage":[10,12,14,55],"damage_taken":[{"damage":0,"enemies":"2 Louse","floor":1,"turns":3},{"damage":2,"enemies":"Jaw Worm","floor":4,"turns":3},{"damage":19,"enemies":"Small Slimes","floor":5,"turns":4},{"damage":16,"enemies":"Looter","floor":7,"turns":4},{"damage":8,"enemies":"Gremlin Nob","floor":10,"turns":3},{"damage":4,"enemies":"3 Louse","floor":11,"turns":2},{"damage":10,"enemies":"Lagavulin","floor":12,"turns":5},{"damage":29,"enemies":"Exordium Thugs","floor":13,"turns":6},{"damage":8,"enemies":"Large Slime","floor":14,"turns":2},{"damage":7,"enemies":"The Guardian","floor":16,"turns":9},{"damage":0,"enemies":"Spheric Guardian","floor":18,"turns":3},{"damage":1,"enemies":"Chosen","floor":21,"turns":3},{"damage":0,"enemies":"Shelled Parasite and Fungi","floor":22,"turns":2},{"damage":8,"enemies":"Gremlin Leader","floor":24,"turns":8},{"damage":2,"enemies":"Slavers","floor":29,"turns":4},{"damage":0,"enemies":"Cultist and Chosen","floor":31,"turns":4},{"damage":14,"enemies":"Champ","floor":33,"turns":9},{"damage":0,"enemies":"Orb Walker","floor":35,"turns":3},{"damage":0,"enemies":"3 Shapes","floor":36,"turns":2},{"damage":0,"enemies":"Giant Head","floor":40,"turns":3},{"damage":8,"enemies":"Jaw Worm Horde","floor":41,"turns":3},{"damage":0,"enemies":"4 Shapes","floor":44,"turns":1},{"damage":0,"enemies":"Reptomancer","floor":45,"turns":4},{"damage":7,"enemies":"Giant Head","floor":47,"turns":7},{"damage":0,"enemies":"Transient","floor":48,"turns":6},{"damage":4,"enemies":"Donu and Deca","floor":50,"turns":7},{"damage":13,"enemies":"Awakened One","floor":51,"turns":11},{"damage":37,"enemies":"Shield and Spear","floor":55,"turns":7},{"damage":79,"enemies":"The Heart","floor":56,"turns":3}],"seed_played":"8917884299462170149","potions_obtained":[{"floor":5,"key":"Fire Potion"},{"floor":11,"key":"SkillPotion"},{"floor":13,"key":"FearPotion"},{"floor":16,"key":"Energy Potion"}],"is_trial":false,"path_per_floor":["M","?","?","M","M","R","M","R","T","E","M","E","M","M","R","B",null,"M","?","?","M","M","R","E","R","T","$","R","E","?","M","R","B",null,"M","M","?","$","T","E","M","R","T","M","E","R","E","M","R","B","B",null,"R","$","E","B"],"character_chosen":"DEFECT","items_purchased":["Sundial","Orrery","Capacitor","Meteor Strike"],"campfire_rested":5,"item_purchase_floors":[27,38,38,54],"current_hp_per_floor":[64,64,64,62,43,43,27,46,46,38,34,38,9,1,24,17,63,63,63,63,62,62,62,54,54,54,54,54,54,54,56,56,44,70,72,74,63,63,63,65,59,59,66,68,70,85,78,80,85,81,70,81,85,85,48,0],"gold":45,"neow_bonus":"BOSS_RELIC","is_prod":false,"is_daily":false,"chose_seed":false,"campfire_upgraded":5,"win_rate":0,"timestamp":1621447361,"path_taken":["M","?","?","M","M","R","M","R","T","E","M","E","?","M","R","BOSS","M","?","?","M","?","R","E","R","T","$","R","E","?","M","R","BOSS","M","M","?","$","?","E","M","R","T","M","E","R","E","M","R","BOSS","BOSS","R","$","E","BOSS"],"build_version":"2020-12-18","purchased_purges":2,"victory":false,"max_hp_per_floor":[71,64,64,64,64,64,64,64,64,64,64,78,78,78,78,78,78,78,78,78,78,78,78,78,78,78,78,78,78,78,78,78,78,78,78,78,78,78,78,78,78,78,85,85,85,85,85,85,85,85,85,85,85,85,85,85],"relic_stats":{"Darkstone Periapt":0,"Gremlin Horn":[19,19],"counters":[29,131],"Golden Idol":194,"Dead Branch":[125],"Letter Opener":[512],"Sozu":6,"Blood Vial":24,"Sundial":[12],"Shuriken":[2],"Gambling Chip":[113],"Snecko Eye":[291,314,301,290],"obtain_stats":[{"Darkstone Periapt":45,"Gremlin Horn":24,"Golden Idol":2,"Dead Branch":10,"Vajra":29,"Mango":12,"Letter Opener":19,"Bottled Tornado":47,"Sozu":17,"Blood Vial":26,"Sundial":27,"Shuriken":55,"Gambling Chip":9,"Strawberry":43,"Snecko Eye":0,"Orrery":38,"Fusion Hammer":34,"Cracked Core":0,"Unceasing Top":40},{"Darkstone Periapt":23,"Gremlin Horn":14,"Golden Idol":1,"Dead Branch":5,"Vajra":15,"Mango":7,"Letter Opener":11,"Bottled Tornado":24,"Sozu":10,"Blood Vial":14,"Sundial":14,"Shuriken":28,"Gambling Chip":4,"Strawberry":21,"Snecko Eye":0,"Orrery":19,"Fusion Hammer":17,"Cracked Core":0,"Unceasing Top":20},{"Darkstone Periapt":90,"Gremlin Horn":57,"Golden Idol":3,"Dead Branch":17,"Vajra":61,"Mango":24,"Letter Opener":44,"Bottled Tornado":97,"Sozu":41,"Blood Vial":57,"Sundial":57,"Shuriken":128,"Gambling Chip":14,"Strawberry":85,"Snecko Eye":0,"Orrery":79,"Fusion Hammer":74,"Cracked Core":0,"Unceasing Top":82}],"Unceasing Top":[2]},"card_choices":[{"not_picked":["Stack","Turbo","Beam Cell"],"picked":"SKIP","floor":1},{"not_picked":["Stack","Streamline"],"picked":"Sweeping Beam","floor":4},{"not_picked":["Go for the Eyes","Hello World"],"picked":"Hologram","floor":5},{"not_picked":["Gash","Cold Snap"],"picked":"Ball Lightning","floor":7},{"not_picked":["Rebound","Gash"],"picked":"Seek","floor":10},{"not_picked":["Force Field","Hello World","Redo"],"picked":"SKIP","floor":11},{"not_picked":["Ball Lightning","Turbo"],"picked":"Cold Snap","floor":12},{"not_picked":["Steam","Reboot"],"picked":"Streamline","floor":13},{"not_picked":["Go for the Eyes","Streamline"],"picked":"Recycle","floor":14},{"not_picked":["Buffer","Biased Cognition"],"picked":"Thunder Strike","floor":16},{"not_picked":["Sweeping Beam","Gash"],"picked":"Glacier","floor":18},{"not_picked":["Doom and Gloom","Chaos"],"picked":"Sunder","floor":21},{"not_picked":["Turbo","Heatsinks"],"picked":"Glacier","floor":22},{"not_picked":["Ball Lightning","Static Discharge"],"picked":"Biased Cognition","floor":24},{"not_picked":["Cold Snap+1","Capacitor"],"picked":"Defragment","floor":29},{"not_picked":["Ball Lightning","White Noise"],"picked":"Tempest","floor":31},{"not_picked":["Hyperbeam","Buffer"],"picked":"Creative AI","floor":33},{"not_picked":["Go for the Eyes+1","Rebound"],"picked":"Turbo+1","floor":35},{"not_picked":["Rip and Tear","Stack+1"],"picked":"Heatsinks+1","floor":36},{"not_picked":["Beam Cell","Consume"],"picked":"Double Energy","floor":38},{"not_picked":["Leap","Turbo"],"picked":"Skim","floor":38},{"not_picked":["Capacitor","Conserve Battery+1"],"picked":"All For One","floor":38},{"not_picked":["Go for the Eyes","FTL"],"picked":"Sweeping Beam+1","floor":38},{"not_picked":["Turbo","Stack"],"picked":"Coolheaded","floor":38},{"not_picked":["Lockon","Rebound+1"],"picked":"Force Field","floor":40},{"not_picked":["Ball Lightning","Barrage"],"picked":"Consume","floor":41},{"not_picked":["Turbo","Reprogram"],"picked":"Scrape+1","floor":44},{"not_picked":["Conserve Battery","Sweeping Beam"],"picked":"Glacier","floor":45},{"not_picked":["Go for the Eyes","Rip and Tear"],"picked":"Reboot","floor":47},{"not_picked":["Double Energy","Force Field"],"picked":"Reinforced Body+1","floor":48},{"not_picked":["Beam Cell","Turbo"],"picked":"Hologram","floor":55}],"player_experience":3712837,"relics_obtained":[{"floor":9,"key":"Gambling Chip"},{"floor":10,"key":"Dead Branch"},{"floor":12,"key":"Mango"},{"floor":24,"key":"Gremlin Horn"},{"floor":26,"key":"Blood Vial"},{"floor":29,"key":"Vajra"},{"floor":40,"key":"Unceasing Top"},{"floor":43,"key":"Strawberry"},{"floor":45,"key":"Darkstone Periapt"},{"floor":47,"key":"Bottled Tornado"},{"floor":55,"key":"Shuriken"}],"event_choices":[{"damage_healed":0,"gold_gain":0,"player_choice":"Lose Max HP","damage_taken":0,"relics_obtained":["Golden Idol"],"max_hp_gain":0,"max_hp_loss":7,"event_name":"Golden Idol","floor":2,"gold_loss":0},{"damage_healed":0,"gold_gain":0,"player_choice":"Ignored","damage_taken":0,"max_hp_gain":0,"max_hp_loss":0,"event_name":"Liars Game","floor":3,"gold_loss":0},{"damage_healed":0,"gold_gain":0,"player_choice":"Opened","damage_taken":0,"relics_obtained":["Letter Opener"],"max_hp_gain":0,"max_hp_loss":0,"event_name":"The Mausoleum","floor":19,"gold_loss":0,"cards_obtained":["Writhe"]},{"damage_healed":0,"gold_gain":0,"player_choice":"Ignored","damage_taken":0,"max_hp_gain":0,"max_hp_loss":0,"event_name":"N\u0027loth","floor":20,"gold_loss":0},{"damage_healed":0,"gold_gain":0,"player_choice":"Simplicity","damage_taken":0,"max_hp_gain":0,"max_hp_loss":0,"event_name":"Back to Basics","floor":30,"gold_loss":0,"cards_upgraded":["Strike_B","Strike_B","Strike_B","Defend_B","Defend_B","Defend_B","Defend_B"]},{"damage_healed":0,"gold_gain":0,"player_choice":"Damaged","damage_taken":11,"max_hp_gain":0,"max_hp_loss":0,"event_name":"Wheel of Change","floor":37,"gold_loss":0}],"is_beta":true,"boss_relics":[{"not_picked":["Velvet Choker","SacredBark"],"picked":"Sozu"},{"not_picked":["Tiny House","Empty Cage"],"picked":"Fusion Hammer"}],"items_purged_floors":[27,38],"is_endless":false,"potions_floor_spawned":[5,11,13,16,18,24,33,35,36,40],"killed_by":"The Heart","ascension_level":20}