{"gold_per_floor":[111,125,125,138,155,155,186,186,186,204,204,31,31,31],"floor_reached":14,"playtime":419,"items_purged":[],"score":180,"play_id":"6dfea0a5-4499-4e2c-848e-f6f32a4770f5","local_time":"20210520122617","is_ascension_mode":true,"campfire_choices":[{"floor":6,"key":"REST"},{"data":"Defragment","floor":11,"key":"SMITH"},{"floor":13,"key":"REST"}],"neow_cost":"TEN_PERCENT_HP_LOSS","seed_source_timestamp":1825678452523200,"circlet_count":0,"master_deck":["AscendersBane","Strike_B","Strike_B","Defend_B","Defend_B","Defend_B","Defend_B","Zap","Dualcast","Fusion","Redo","Barrage","Ball Lightning","Static Discharge","Sweeping Beam","Defragment+1","Cold Snap","Steam","Ball Lightning"],"relics":["Cracked Core","Peace Pipe","Ginger","Dream Catcher"],"potions_floor_usage":[5,7,14],"damage_taken":[{"damage":15,"enemies":"Small Slimes","floor":1,"turns":4},{"damage":1,"enemies":"Cultist","floor":2,"turns":3},{"damage":13,"enemies":"2 Louse","floor":4,"turns":2},{"damage":13,"enemies":"Blue Slaver","floor":5,"turns":3},{"damage":20,"enemies":"3 Sentries","floor":7,"turns":4},{"damage":9,"enemies":"Red Slaver","floor":10,"turns":4},{"damage":34,"enemies":"Gremlin Nob","floor":14,"turns":3}],"seed_played":"-5959768500375722709","potions_obtained":[{"floor":1,"key":"LiquidMemories"},{"floor":5,"key":"DistilledChaos"},{"floor":10,"key":"Strength Potion"}],"is_trial":false,"path_per_floor":["M","M","?","M","M","R","E","?","T","M","R","$","R","E"],"character_chosen":"DEFECT","items_purchased":["Dream Catcher"],"campfire_rested":2,"item_purchase_floors":[12],"current_hp_per_floor":[49,48,48,35,22,41,21,21,21,12,12,12,31,0],"gold":31,"neow_bonus":"TRANSFORM_TWO_CARDS","is_prod":false,"is_daily":false,"chose_seed":false,"campfire_upgraded":1,"win_rate":0,"timestamp":1621538777,"path_taken":["M","M","?","?","M","R","E","?","T","M","R","$","R","E"],"build_version":"2020-12-18","purchased_purges":0,"victory":false,"max_hp_per_floor":[64,64,64,64,64,64,64,64,64,64,64,64,64,64],"relic_stats":{"Peace Pipe":0,"Dream Catcher":1,"counters":[7,23],"Ginger":[0],"obtain_stats":[{"Peace Pipe":7,"Dream Catcher":12,"Ginger":9,"Cracked Core":0},{"Peace Pipe":5,"Dream Catcher":6,"Ginger":5,"Cracked Core":0},{"Peace Pipe":16,"Dream Catcher":20,"Ginger":16,"Cracked Core":0}]},"card_choices":[{"not_picked":["Reinforced Body","Hologram"],"picked":"Barrage","floor":1},{"not_picked":["Stack","Chill"],"picked":"Ball Lightning","floor":2},{"not_picked":["Go for the Eyes","Force Field"],"picked":"Sweeping Beam","floor":4},{"not_picked":["Undo","Capacitor"],"picked":"Defragment","floor":5},{"not_picked":["Reinforced Body","Steam"],"picked":"Cold Snap","floor":7},{"not_picked":["Streamline","Auto Shields"],"picked":"Steam","floor":10},{"not_picked":["Auto Shields","Turbo"],"picked":"Ball Lightning","floor":13}],"player_experience":3730609,"relics_obtained":[{"floor":7,"key":"Peace Pipe"},{"floor":9,"key":"Ginger"}],"event_choices":[{"damage_healed":0,"gold_gain":0,"player_choice":"1 cards matched","damage_taken":0,"max_hp_gain":0,"max_hp_loss":0,"event_name":"Match and Keep!","floor":3,"gold_loss":0,"cards_obtained":["Static Discharge"]},{"damage_healed":0,"gold_gain":0,"player_choice":"1 cards matched","damage_taken":0,"max_hp_gain":0,"max_hp_loss":0,"event_name":"Match and Keep!","floor":3,"gold_loss":0,"cards_obtained":["Static Discharge"]},{"damage_healed":0,"gold_gain":0,"player_choice":"Ignored","damage_taken":0,"max_hp_gain":0,"max_hp_loss":0,"event_name":"Liars Game","floor":8,"gold_loss":0}],"is_beta":true,"boss_relics":[],"items_purged_floors":[],"is_endless":false,"potions_floor_spawned":[1,5,10],"killed_by":"Gremlin Nob","ascension_level":20}