{"gold_per_floor":[361,14,24,43,8,35,35,60,60,60],"floor_reached":10,"playtime":479,"items_purged":["Pain"],"score":152,"play_id":"689513cb-60fa-4538-ac7d-db2a0ee3d3cf","local_time":"20210522203205","is_ascension_mode":true,"campfire_choices":[{"floor":7,"key":"REST"}],"neow_cost":"CURSE","seed_source_timestamp":152445531450300,"circlet_count":0,"master_deck":["AscendersBane","Strike_B","Strike_B","Strike_B","Strike_B","Defend_B","Defend_B","Defend_B","Defend_B","Zap","Dualcast","Coolheaded","Beam Cell+1","Steam","Streamline+1","Reboot+1"],"relics":["Cracked Core","Molten Egg 2","Question Card","Toxic Egg 2","The Courier"],"potions_floor_usage":[8],"damage_taken":[{"damage":9,"enemies":"Jaw Worm","floor":1,"turns":4},{"damage":8,"enemies":"2 Louse","floor":3,"turns":2},{"damage":0,"enemies":"Cultist","floor":4,"turns":4},{"damage":33,"enemies":"Lagavulin","floor":6,"turns":9},{"damage":14,"enemies":"Gremlin Nob","floor":8,"turns":3},{"damage":38,"enemies":"Lagavulin","floor":10,"turns":11}],"seed_played":"-494548704513227177","potions_obtained":[{"floor":3,"key":"GamblersBrew"}],"is_trial":false,"path_per_floor":["M","$","M","M","?","E","R","E","T","E"],"character_chosen":"DEFECT","items_purchased":["Molten Egg 2"],"campfire_rested":1,"item_purchase_floors":[2],"current_hp_per_floor":[55,55,47,47,64,31,52,38,38,0],"gold":60,"neow_bonus":"TWO_FIFTY_GOLD","is_prod":false,"is_daily":false,"chose_seed":false,"campfire_upgraded":0,"win_rate":0,"timestamp":1621740725,"path_taken":["M","$","M","M","?","E","R","E","T","E"],"build_version":"2020-12-18","purchased_purges":1,"victory":false,"max_hp_per_floor":[71,71,71,71,71,71,71,71,71,71],"relic_stats":{"counters":[6,33],"Question Card":1,"obtain_stats":[{"Molten Egg 2":2,"The Courier":9,"Toxic Egg 2":8,"Cracked Core":0,"Question Card":6},{"Molten Egg 2":1,"The Courier":5,"Toxic Egg 2":5,"Cracked Core":0,"Question Card":4},{"Molten Egg 2":4,"The Courier":22,"Toxic Egg 2":22,"Cracked Core":0,"Question Card":19}]},"card_choices":[{"not_picked":["Chaos","Scrape"],"picked":"Coolheaded","floor":1},{"not_picked":["Hologram","Coolheaded"],"picked":"Beam Cell+1","floor":3},{"not_picked":["Loop","Redo"],"picked":"Steam","floor":4},{"not_picked":["Blizzard+1","White Noise"],"picked":"Streamline+1","floor":6},{"not_picked":["Auto Shields+1","Storm","Streamline+1"],"picked":"Reboot+1","floor":8}],"player_experience":3768596,"relics_obtained":[{"floor":6,"key":"Question Card"},{"floor":8,"key":"Toxic Egg 2"},{"floor":9,"key":"The Courier"}],"event_choices":[{"damage_healed":17,"gold_gain":0,"player_choice":"Healed","damage_taken":0,"max_hp_gain":0,"max_hp_loss":0,"event_name":"The Cleric","floor":5,"gold_loss":35}],"is_beta":true,"boss_relics":[],"items_purged_floors":[2],"is_endless":false,"potions_floor_spawned":[3],"killed_by":"Lagavulin","ascension_level":20}