{"gold_per_floor":[109,109,10,24,35,35,47,79,118,160,184,196,208,230,242,328,340,368,380,392,417,448,460,38,38,38,68,78,98,132,57,57,131,131,147,164,164,64,82,414,414,449,449,449,474,500,514,531,531,531,531],"floor_reached":51,"playtime":3880,"items_purged":["Strike_B","Strike_B"],"score":1724,"play_id":"8bc7574b-cc25-45ad-ace5-eba3a1715156","local_time":"20210518235703","is_ascension_mode":true,"campfire_choices":[{"data":"Beam Cell","floor":6,"key":"SMITH"},{"floor":13,"key":"REST"},{"data":"Fission","floor":15,"key":"SMITH"},{"data":"Biased Cognition","floor":23,"key":"SMITH"},{"floor":25,"key":"REST"},{"floor":32,"key":"REST"},{"floor":41,"key":"REST"},{"floor":44,"key":"RECALL"},{"floor":49,"key":"REST"}],"neow_cost":"NONE","seed_source_timestamp":1690861623692200,"circlet_count":0,"master_deck":["AscendersBane","Strike_B+1","Strike_B+1","Defend_B","Defend_B","Defend_B","Defend_B","Zap+1","Dualcast","Beam Cell+1","Reinforced Body","Sweeping Beam+1","Fission+1","Ball Lightning","White Noise","Seek","Skim","Biased Cognition+1","Compile Driver","Glacier","Conserve Battery","Coolheaded","Cold Snap","Steam","Genetic Algorithm","Stack+1","Biased Cognition","Reinforced Body","Defragment","Loop","Hologram+1","Regret","Hologram+1","FTL","White Noise"],"relics":["Cracked Core","Oddly Smooth Stone","MawBank","Whetstone","Ancient Tea Set","Cursed Key","Letter Opener","Shuriken","Happy Flower","PreservedInsect","Black Star","Old Coin","InkBottle","Cables","Toy Ornithopter","Thread and Needle","Eternal Feather","Frozen Egg 2"],"potions_floor_usage":[8,16,18,27,30,33,40,40,47,50],"damage_taken":[{"damage":0,"enemies":"Cultist","floor":1,"turns":3},{"damage":0,"enemies":"2 Louse","floor":4,"turns":4},{"damage":6,"enemies":"Jaw Worm","floor":5,"turns":3},{"damage":0,"enemies":"Large Slime","floor":7,"turns":5},{"damage":12,"enemies":"Lagavulin","floor":8,"turns":7},{"damage":16,"enemies":"3 Sentries","floor":10,"turns":6},{"damage":0,"enemies":"2 Fungi Beasts","floor":11,"turns":2},{"damage":0,"enemies":"Looter","floor":14,"turns":3},{"damage":0,"enemies":"The Guardian","floor":16,"turns":11},{"damage":0,"enemies":"3 Byrds","floor":18,"turns":1},{"damage":6,"enemies":"Shell Parasite","floor":21,"turns":4},{"damage":24,"enemies":"Snake Plant","floor":22,"turns":3},{"damage":20,"enemies":"Slavers","floor":27,"turns":5},{"damage":0,"enemies":"Snecko","floor":28,"turns":5},{"damage":0,"enemies":"Centurion and Healer","floor":29,"turns":5},{"damage":0,"enemies":"Book of Stabbing","floor":30,"turns":5},{"damage":48,"enemies":"Collector","floor":33,"turns":13},{"damage":0,"enemies":"Orb Walker","floor":35,"turns":4},{"damage":21,"enemies":"3 Darklings","floor":36,"turns":9},{"damage":17,"enemies":"Spire Growth","floor":39,"turns":5},{"damage":0,"enemies":"Reptomancer","floor":40,"turns":3},{"damage":2,"enemies":"Giant Head","floor":42,"turns":8},{"damage":0,"enemies":"Mind Bloom Boss Battle","floor":45,"turns":2},{"damage":7,"enemies":"Nemesis","floor":46,"turns":7},{"damage":21,"enemies":"Jaw Worm Horde","floor":47,"turns":3},{"damage":5,"enemies":"Maw","floor":48,"turns":7},{"damage":58,"enemies":"Awakened One","floor":50,"turns":19},{"damage":21,"enemies":"Time Eater","floor":51,"turns":8}],"seed_played":"1211719025429544900","potions_obtained":[{"floor":5,"key":"FocusPotion"},{"floor":10,"key":"Fire Potion"},{"floor":16,"key":"LiquidBronze"},{"floor":21,"key":"Energy Potion"},{"floor":22,"key":"FocusPotion"},{"floor":30,"key":"EssenceOfSteel"},{"floor":36,"key":"Swift Potion"},{"floor":39,"key":"Swift Potion"},{"floor":42,"key":"FairyPotion"},{"floor":45,"key":"PowerPotion"},{"floor":47,"key":"CultistPotion"}],"is_trial":false,"path_per_floor":["M","?","$","M","M","R","M","E","T","E","M","?","R","M","R","B",null,"M","?","?","M","M","R","$","R","T","E","M","M","E","?","R","B",null,"M","M","?","$","M","E","R","E","T","R","?","E","M","M","R","B","B"],"character_chosen":"DEFECT","items_purchased":["FearPotion","Reinforced Body","Letter Opener","Coolheaded","Cold Snap"],"campfire_rested":5,"item_purchase_floors":[3,3,24,24,24],"current_hp_per_floor":[64,64,64,64,58,58,58,46,46,30,30,9,30,30,30,30,61,61,61,61,55,31,31,31,52,52,32,32,32,32,32,53,5,55,55,34,34,34,17,17,38,36,36,36,36,29,13,8,50,21,0],"gold":531,"neow_bonus":"RANDOM_COMMON_RELIC","is_prod":false,"is_daily":false,"chose_seed":false,"campfire_upgraded":3,"win_rate":0,"timestamp":1621407423,"path_taken":["M","?","$","M","M","R","M","E","T","E","M","?","R","M","R","BOSS","M","?","?","M","M","R","$","R","T","E","M","M","E","?","R","BOSS","M","M","?","$","M","E","R","E","T","R","?","E","M","M","R","BOSS","BOSS"],"build_version":"2020-12-18","purchased_purges":2,"victory":false,"max_hp_per_floor":[71,71,71,71,71,71,71,71,71,71,71,71,71,71,71,71,71,71,71,71,71,71,71,71,71,71,71,71,71,71,71,71,71,71,71,71,71,71,71,71,71,71,71,71,71,71,71,71,71,71,71],"relic_stats":{"Happy Flower":[34],"counters":[28,160],"Eternal Feather":21,"PreservedInsect":240,"Whetstone":["Strike_B","Sweeping Beam"],"Letter Opener":[464],"MawBank":192,"Cursed Key":2,"Cables":[42,22,20,0,0],"Shuriken":[35],"Black Star":3,"obtain_stats":[{"Happy Flower":27,"Oddly Smooth Stone":0,"Thread and Needle":45,"Eternal Feather":46,"PreservedInsect":30,"Whetstone":9,"Letter Opener":24,"Frozen Egg 2":46,"MawBank":8,"Ancient Tea Set":10,"Cursed Key":17,"Old Coin":40,"Cables":42,"Shuriken":26,"Black Star":34,"Cracked Core":0,"InkBottle":40,"Toy Ornithopter":42},{"Happy Flower":13,"Oddly Smooth Stone":0,"Thread and Needle":23,"Eternal Feather":24,"PreservedInsect":16,"Whetstone":5,"Letter Opener":12,"Frozen Egg 2":24,"MawBank":5,"Ancient Tea Set":6,"Cursed Key":9,"Old Coin":21,"Cables":22,"Shuriken":12,"Black Star":17,"Cracked Core":0,"InkBottle":21,"Toy Ornithopter":22},{"Happy Flower":57,"Oddly Smooth Stone":0,"Thread and Needle":116,"Eternal Feather":123,"PreservedInsect":72,"Whetstone":22,"Letter Opener":52,"Frozen Egg 2":123,"MawBank":22,"Ancient Tea Set":28,"Cursed Key":44,"Old Coin":106,"Cables":114,"Shuriken":52,"Black Star":85,"Cracked Core":0,"InkBottle":106,"Toy Ornithopter":114}],"InkBottle":[29],"Toy Ornithopter":10},"card_choices":[{"not_picked":["Heatsinks","Barrage"],"picked":"Beam Cell","floor":1},{"not_picked":["Tempest","Streamline"],"picked":"Sweeping Beam","floor":4},{"not_picked":["Redo","Beam Cell"],"picked":"Fission","floor":5},{"not_picked":["Hello World","Beam Cell","Fusion"],"picked":"SKIP","floor":7},{"not_picked":["Blizzard","Streamline"],"picked":"Ball Lightning","floor":8},{"not_picked":["Consume","Streamline"],"picked":"White Noise","floor":10},{"not_picked":["Consume","Aggregate"],"picked":"Seek","floor":11},{"not_picked":["Stack","Recycle"],"picked":"Skim","floor":14},{"not_picked":["Hyperbeam","Creative AI"],"picked":"Biased Cognition","floor":16},{"not_picked":["Steam Power","Rebound"],"picked":"Compile Driver","floor":18},{"not_picked":["Rebound","Redo","Go for the Eyes"],"picked":"SKIP","floor":21},{"not_picked":["Lockon","Compile Driver"],"picked":"Conserve Battery","floor":22},{"not_picked":["Force Field","Recycle"],"picked":"Steam","floor":27},{"not_picked":["Chill","Double Energy","Rip and Tear"],"picked":"SKIP","floor":28},{"not_picked":["Reinforced Body","Beam Cell"],"picked":"Genetic Algorithm","floor":29},{"not_picked":["Storm+1","Blizzard+1"],"picked":"Stack+1","floor":30},{"not_picked":["Multi-Cast","Reboot"],"picked":"Biased Cognition","floor":33},{"not_picked":["Scrape","Stack+1"],"picked":"Reinforced Body","floor":35},{"not_picked":["Reprogram","Consume"],"picked":"Defragment","floor":36},{"not_picked":["Go for the Eyes","Coolheaded+1"],"picked":"Loop","floor":39},{"not_picked":["Beam Cell","Steam"],"picked":"Hologram+1","floor":40},{"not_picked":["Doom and Gloom+1","Ball Lightning","Hello World"],"picked":"SKIP","floor":42},{"not_picked":["Streamline+1","Genetic Algorithm"],"picked":"Hologram+1","floor":46},{"not_picked":["Rebound","Hologram"],"picked":"FTL","floor":47},{"not_picked":["Conserve Battery+1","Sunder"],"picked":"White Noise","floor":48}],"player_experience":3708957,"relics_obtained":[{"floor":8,"key":"MawBank"},{"floor":9,"key":"Whetstone"},{"floor":10,"key":"Ancient Tea Set"},{"floor":26,"key":"Shuriken"},{"floor":27,"key":"Happy Flower"},{"floor":30,"key":"PreservedInsect"},{"floor":40,"key":"Old Coin"},{"floor":40,"key":"InkBottle"},{"floor":42,"key":"Cables"},{"floor":42,"key":"Toy Ornithopter"},{"floor":45,"key":"Thread and Needle"},{"floor":46,"key":"Eternal Feather"},{"floor":46,"key":"Frozen Egg 2"}],"event_choices":[{"damage_healed":0,"gold_gain":0,"player_choice":"Leave","damage_taken":0,"max_hp_gain":0,"max_hp_loss":0,"event_name":"The Cleric","floor":2,"gold_loss":0},{"damage_healed":0,"gold_gain":0,"player_choice":"Entered Light","damage_taken":21,"max_hp_gain":0,"max_hp_loss":0,"event_name":"Shining Light","floor":12,"gold_loss":0,"cards_upgraded":["Strike_B","Zap"]},{"damage_healed":0,"gold_gain":0,"player_choice":"Read","damage_taken":0,"max_hp_gain":0,"max_hp_loss":0,"event_name":"The Library","floor":19,"gold_loss":0,"cards_obtained":["Glacier"]},{"damage_healed":0,"gold_gain":0,"player_choice":"Ignored","damage_taken":0,"max_hp_gain":0,"max_hp_loss":0,"event_name":"The Mausoleum","floor":20,"gold_loss":0},{"cards_removed":["Decay"],"damage_healed":0,"gold_gain":0,"player_choice":"Gave Gold","damage_taken":0,"max_hp_gain":0,"max_hp_loss":0,"event_name":"Beggar","floor":31,"gold_loss":75},{"damage_healed":0,"gold_gain":0,"player_choice":"Ignored","damage_taken":0,"max_hp_gain":0,"max_hp_loss":0,"event_name":"Tomb of Lord Red Mask","floor":37,"gold_loss":0},{"damage_healed":0,"gold_gain":0,"player_choice":"Fight","damage_taken":0,"max_hp_gain":0,"max_hp_loss":0,"event_name":"MindBloom","floor":45,"gold_loss":0}],"is_beta":true,"boss_relics":[{"not_picked":["Coffee Dripper","Runic Dome"],"picked":"Cursed Key"},{"not_picked":["Sozu","FrozenCore"],"picked":"Black Star"}],"items_purged_floors":[24,38],"is_endless":false,"potions_floor_spawned":[5,10,14,16,21,22,30,36,39,42,45,47],"killed_by":"Time Eater","ascension_level":20}