{"gold_per_floor":[112,130,205,216,231,231,21,48,129,129,129,129,155,173,173,244,244,254,179,194,194,210,210,237,237,315,326,326,46,46,81,93,179,191,220,245,257,22,35,67,67,81,81,81,93,93,125,125,125,125,125,125,125,17,50,50],"floor_reached":56,"playtime":4567,"items_purged":["Strike_B"],"score":1956,"play_id":"a86ea79d-e57e-44a2-813b-fd959d8996f5","local_time":"20210522215610","is_ascension_mode":true,"campfire_choices":[{"data":"Beam Cell","floor":6.0,"key":"SMITH"},{"data":"Hologram","floor":11.0,"key":"SMITH"},{"data":"Doom and Gloom","floor":15.0,"key":"SMITH"},{"floor":23.0,"key":"REST"},{"floor":25.0,"key":"REST"},{"floor":30.0,"key":"REST"},{"floor":32.0,"key":"REST"},{"floor":41,"key":"REST"},{"floor":46,"key":"REST"},{"floor":49,"key":"RECALL"},{"floor":53,"key":"REST"}],"neow_cost":"NONE","seed_source_timestamp":153380501239200,"circlet_count":0,"master_deck":["AscendersBane","Strike_B","Defend_B","Defend_B","Defend_B","Defend_B","Dualcast","Undo","Beam Cell+1","Cold Snap","Gash","Compile Driver","Defragment+1","Hologram+1","Doom and Gloom+1","Capacitor","Rainbow","Skim","Compile Driver","Apotheosis","Sunder","Consume+1","All For One","Sweeping Beam+1","Defragment+1","Glacier+1","Coolheaded","Rainbow","Hologram+1","Skim","Turbo"],"special_seed":0,"relics":["Cracked Core","Pocketwatch","StrikeDummy","Orichalcum","Snecko Eye","Vajra","Bronze Scales","MawBank","Black Star","DollysMirror","Symbiotic Virus","Mercury Hourglass","TungstenRod","Boot","Potion Belt","Cables","War Paint"],"potions_floor_usage":[47,55,55,56,56,56],"damage_taken":[{"damage":0.0,"enemies":"Small Slimes","floor":1.0,"turns":3.0},{"damage":0.0,"enemies":"2 Louse","floor":2.0,"turns":3.0},{"damage":0.0,"enemies":"Jaw Worm","floor":4.0,"turns":3.0},{"damage":8.0,"enemies":"Blue Slaver","floor":5.0,"turns":3.0},{"damage":12.0,"enemies":"Lagavulin","floor":8.0,"turns":6.0},{"damage":0.0,"enemies":"Gremlin Nob","floor":13.0,"turns":3.0},{"damage":2.0,"enemies":"Looter","floor":14.0,"turns":4.0},{"damage":9.0,"enemies":"Slime Boss","floor":16.0,"turns":6.0},{"damage":10.0,"enemies":"Shell Parasite","floor":18.0,"turns":4.0},{"damage":0.0,"enemies":"Chosen","floor":20.0,"turns":3.0},{"damage":10.0,"enemies":"Snake Plant","floor":22.0,"turns":3.0},{"damage":45.0,"enemies":"Slavers","floor":24.0,"turns":4.0},{"damage":21.0,"enemies":"Centurion and Healer","floor":27.0,"turns":5.0},{"damage":6.0,"enemies":"Book of Stabbing","floor":31.0,"turns":4.0},{"damage":9,"enemies":"Automaton","floor":33,"turns":8},{"damage":0,"enemies":"3 Darklings","floor":35,"turns":3},{"damage":14,"enemies":"3 Shapes","floor":36,"turns":8},{"damage":20,"enemies":"Spire Growth","floor":39,"turns":6},{"damage":3,"enemies":"Giant Head","floor":40,"turns":5},{"damage":11,"enemies":"4 Shapes","floor":42,"turns":4},{"damage":28,"enemies":"Writhing Mass","floor":45,"turns":8},{"damage":20,"enemies":"Nemesis","floor":47,"turns":5},{"damage":44,"enemies":"Awakened One","floor":50,"turns":16},{"damage":4,"enemies":"Donu and Deca","floor":51,"turns":4},{"damage":57,"enemies":"Shield and Spear","floor":55,"turns":9},{"damage":70,"enemies":"The Heart","floor":56,"turns":3}],"seed_played":"7688946579457705840","potions_obtained":[{"floor":1.0,"key":"SkillPotion"},{"floor":4.0,"key":"Energy Potion"},{"floor":14.0,"key":"Strength Potion"},{"floor":20.0,"key":"DuplicationPotion"},{"floor":22.0,"key":"FairyPotion"},{"floor":27.0,"key":"FearPotion"},{"floor":45,"key":"SkillPotion"},{"floor":55,"key":"Block Potion"}],"is_trial":false,"path_per_floor":["M","M","?","M","M","R","$","E","T","?","R","?","E","M","R","B",null,"M","?","M","T","M","R","E","R","T","M","?","$","R","E","R","B",null,"M","M","?","$","M","E","R","M","T","?","M","R","E","?","R","B","B",null,"R","$","E","B"],"character_chosen":"DEFECT","items_purchased":["Defragment","Hologram","Apotheosis","Sunder","DollysMirror","Glacier","EntropicBrew"],"campfire_rested":7,"item_purchase_floors":[7,7,29,29,38,38,54],"current_hp_per_floor":[64,64,53,53,45,45,45,33,33,33,33,33,33,31,31,22,59,49,49,49,49,39,60,15,36,36,15,15,15,36,30,51,42,64,64,50,50,50,30,27,48,37,37,37,9,30,10,58,58,14,10,46,58,58,1,0],"gold":50,"neow_bonus":"TRANSFORM_CARD","is_prod":false,"is_daily":false,"chose_seed":false,"campfire_upgraded":3,"win_rate":0,"timestamp":1621745770,"path_taken":["M","M","?","M","M","R","$","E","T","?","R","?","E","M","R","BOSS","M","?","M","?","M","R","E","R","T","M","?","$","R","E","R","BOSS","M","M","?","$","M","E","R","M","T","?","M","R","E","?","R","BOSS","BOSS","R","$","E","BOSS"],"build_version":"2020-12-18","purchased_purges":1,"victory":false,"max_hp_per_floor":[71,71,71,71,71,71,71,71,71,71,71,71,71,71,71,71,71,71,71,71,71,71,71,71,71,71,71,71,71,71,71,71,71,71,71,71,71,71,71,71,71,71,71,71,71,71,71,58,58,58,58,58,58,58,58,58],"relic_stats":{"counters":[26,133],"Orichalcum":[168],"War Paint":["Glacier","Consume"],"MawBank":84,"Boot":[5],"Mercury Hourglass":[164],"Cables":[2,1,0,1,0],"Bronze Scales":[306],"Snecko Eye":[241,210,239,243],"Black Star":3,"obtain_stats":[{"Potion Belt":47,"Vajra":21,"Orichalcum":13,"War Paint":55,"MawBank":31,"Boot":47,"Mercury Hourglass":40,"Cables":55,"DollysMirror":38,"Bronze Scales":24,"Snecko Eye":17,"Black Star":34,"Cracked Core":0,"StrikeDummy":9,"Symbiotic Virus":40,"TungstenRod":43,"Pocketwatch":8},{"Potion Belt":22,"Vajra":10,"Orichalcum":6,"War Paint":25,"MawBank":14,"Boot":22,"Mercury Hourglass":19,"Cables":25,"DollysMirror":17,"Bronze Scales":12,"Snecko Eye":8,"Black Star":15,"Cracked Core":0,"StrikeDummy":5,"Symbiotic Virus":19,"TungstenRod":20,"Pocketwatch":5},{"Potion Belt":101,"Vajra":38,"Orichalcum":21,"War Paint":130,"MawBank":54,"Boot":101,"Mercury Hourglass":84,"Cables":130,"DollysMirror":73,"Bronze Scales":45,"Snecko Eye":31,"Black Star":62,"Cracked Core":0,"StrikeDummy":18,"Symbiotic Virus":84,"TungstenRod":88,"Pocketwatch":18}],"TungstenRod":28,"Pocketwatch":[105]},"card_choices":[{"not_picked":["Steam Power","Conserve Battery"],"picked":"Beam Cell","floor":1.0},{"not_picked":["Auto Shields","Conserve Battery"],"picked":"Cold Snap","floor":2.0},{"not_picked":["Lockon","Conserve Battery"],"picked":"Gash","floor":4.0},{"not_picked":["Sweeping Beam","Cold Snap"],"picked":"Compile Driver","floor":5.0},{"not_picked":["Steam Power","Blizzard","Redo"],"picked":"SKIP","floor":8.0},{"not_picked":["FTL","Leap"],"picked":"Doom and Gloom","floor":13.0},{"not_picked":["Streamline","Multi-Cast"],"picked":"Capacitor","floor":14.0},{"not_picked":["Seek","Creative AI"],"picked":"Rainbow","floor":16.0},{"not_picked":["Loop","Steam","Conserve Battery"],"picked":"SKIP","floor":18.0},{"not_picked":["Stack","Hologram"],"picked":"Skim","floor":20.0},{"not_picked":["Reprogram","Conserve Battery","Beam Cell+1"],"picked":"SKIP","floor":22.0},{"not_picked":["Melter","Static Discharge","Genetic Algorithm"],"picked":"SKIP","floor":24.0},{"not_picked":["Sweeping Beam","Ball Lightning"],"picked":"Compile Driver","floor":27.0},{"not_picked":["Heatsinks","Ball Lightning"],"picked":"Consume","floor":31.0},{"not_picked":["Hyperbeam","Thunder Strike"],"picked":"All For One","floor":33},{"not_picked":["Steam","Streamline"],"picked":"Sweeping Beam+1","floor":35},{"not_picked":["Rebound","Streamline","Leap"],"picked":"SKIP","floor":36},{"not_picked":["Chill+1","Gash"],"picked":"Coolheaded","floor":39},{"not_picked":["Sweeping Beam","Rip and Tear","Chill"],"picked":"SKIP","floor":40},{"not_picked":["Stack","Cold Snap"],"picked":"Rainbow","floor":42},{"not_picked":["Redo","Cold Snap+1"],"picked":"Hologram+1","floor":45},{"not_picked":["BootSequence","Blizzard"],"picked":"Skim","floor":47},{"not_picked":["Doom and Gloom","Compile Driver"],"picked":"Turbo","floor":55}],"player_experience":3769394,"relics_obtained":[{"floor":8.0,"key":"Pocketwatch"},{"floor":9.0,"key":"StrikeDummy"},{"floor":13.0,"key":"Orichalcum"},{"floor":21.0,"key":"Vajra"},{"floor":24.0,"key":"Bronze Scales"},{"floor":31.0,"key":"MawBank"},{"floor":40,"key":"Symbiotic Virus"},{"floor":40,"key":"Mercury Hourglass"},{"floor":43,"key":"TungstenRod"},{"floor":47,"key":"Boot"},{"floor":47,"key":"Potion Belt"},{"floor":55,"key":"Cables"},{"floor":55,"key":"War Paint"}],"event_choices":[{"damage_healed":0.0,"max_hp_gain":0.0,"max_hp_loss":0.0,"gold_gain":75.0,"event_name":"World of Goop","player_choice":"Gather Gold","floor":3.0,"gold_loss":0.0,"damage_taken":11.0},{"damage_healed":0.0,"max_hp_gain":0.0,"max_hp_loss":0.0,"gold_gain":0.0,"event_name":"Living Wall","player_choice":"Grow","floor":10.0,"gold_loss":0.0,"damage_taken":0.0,"cards_upgraded":["Defragment"]},{"damage_healed":0.0,"max_hp_gain":0.0,"max_hp_loss":0.0,"gold_gain":0.0,"event_name":"Golden Wing","player_choice":"Ignored","floor":12.0,"gold_loss":0.0,"damage_taken":0.0},{"cards_removed":["Strike_B"],"damage_healed":0.0,"max_hp_gain":0.0,"max_hp_loss":0.0,"gold_gain":0.0,"event_name":"Beggar","player_choice":"Gave Gold","floor":19.0,"gold_loss":75.0,"damage_taken":0.0},{"damage_healed":0.0,"max_hp_gain":0.0,"max_hp_loss":0.0,"gold_gain":0.0,"event_name":"Cursed Tome","player_choice":"Ignored","floor":28.0,"gold_loss":0.0,"damage_taken":0.0},{"damage_healed":0,"gold_gain":0,"player_choice":"Ignored","damage_taken":0,"max_hp_gain":0,"max_hp_loss":0,"event_name":"Tomb of Lord Red Mask","floor":37,"gold_loss":0},{"cards_removed":["Zap"],"damage_healed":0,"gold_gain":0,"player_choice":"Removed Skill","damage_taken":0,"max_hp_gain":0,"max_hp_loss":0,"event_name":"Falling","floor":44,"gold_loss":0},{"damage_healed":58,"gold_gain":0,"player_choice":"Heal","damage_taken":0,"max_hp_gain":0,"max_hp_loss":13,"event_name":"The Moai Head","floor":48,"gold_loss":0}],"is_beta":true,"boss_relics":[{"not_picked":["Pandora\u0027s Box","Empty Cage"],"picked":"Snecko Eye"},{"not_picked":["SacredBark","FrozenCore"],"picked":"Black Star"}],"items_purged_floors":[7],"is_endless":false,"potions_floor_spawned":[1,4,14,20,22,27,33,40,42,45,55],"killed_by":"The Heart","ascension_level":20}