{"gold_per_floor":[116,17,17,35,54,88,100,142,154,185,197,228,269,15,15,87,87,97,112,112,22,42,71,51,51,51,76,89,115,115,127,127,200,200,217,234,234,234,246,246,246],"floor_reached":41,"playtime":2501,"items_purged":["Strike_B","Decay","Strike_B"],"score":942,"play_id":"bf0122b3-44bd-46b0-9f9c-fc1d6e870865","local_time":"20210519124309","is_ascension_mode":true,"campfire_choices":[{"data":"Sunder","floor":7.0,"key":"SMITH"},{"floor":15,"key":"RECALL"},{"floor":25,"key":"REST"},{"floor":30,"key":"REST"},{"floor":32,"key":"REST"},{"data":"Capacitor","floor":40,"key":"SMITH"}],"neow_cost":"NONE","seed_source_timestamp":1738102277616800,"circlet_count":0,"master_deck":["AscendersBane","Strike_B","Strike_B","Defend_B","Defend_B","Defend_B","Defend_B","Zap+1","Dualcast","Cold Snap","Barrage","Self Repair","Sunder+1","Compile Driver","Double Energy+1","Ball Lightning","Sweeping Beam","Consume+1","Apotheosis+1","Electrodynamics","Capacitor+1","Doom and Gloom","Thunder Strike","Chaos+1","Hologram+1","Leap+1","Force Field+1","Creative AI","Steam Power+1","Coolheaded+1","Force Field+1","Meteor Strike","Reinforced Body+1"],"special_seed":0,"relics":["Cracked Core","MawBank","Toxic Egg 2","Smiling Mask","Lantern","Snecko Eye","Pantograph","Bird Faced Urn","HornCleat","TungstenRod","Happy Flower","Nuclear Battery"],"potions_floor_usage":[13,27,29,29,41,41],"damage_taken":[{"damage":1.0,"enemies":"2 Louse","floor":1.0,"turns":3.0},{"damage":0.0,"enemies":"Cultist","floor":4.0,"turns":3.0},{"damage":0.0,"enemies":"Small Slimes","floor":5.0,"turns":4.0},{"damage":28.0,"enemies":"Gremlin Nob","floor":6.0,"turns":4.0},{"damage":3.0,"enemies":"3 Sentries","floor":8.0,"turns":3.0},{"damage":8.0,"enemies":"Exordium Thugs","floor":10.0,"turns":4.0},{"damage":0,"enemies":"Large Slime","floor":12,"turns":2},{"damage":18,"enemies":"Lagavulin","floor":13,"turns":5},{"damage":32,"enemies":"The Guardian","floor":16,"turns":11},{"damage":12,"enemies":"2 Thieves","floor":18,"turns":3},{"damage":0,"enemies":"Spheric Guardian","floor":19,"turns":1},{"damage":10,"enemies":"Snecko","floor":22,"turns":3},{"damage":42,"enemies":"Slavers","floor":23,"turns":3},{"damage":37,"enemies":"Book of Stabbing","floor":27,"turns":4},{"damage":0,"enemies":"Chosen and Byrds","floor":28,"turns":3},{"damage":27,"enemies":"Slavers","floor":29,"turns":5},{"damage":0,"enemies":"Cultist and Chosen","floor":31,"turns":3},{"damage":25,"enemies":"Champ","floor":33,"turns":10},{"damage":10,"enemies":"3 Shapes","floor":35,"turns":4},{"damage":14,"enemies":"Orb Walker","floor":36,"turns":3},{"damage":0,"enemies":"Jaw Worm Horde","floor":39,"turns":4},{"damage":82,"enemies":"Giant Head","floor":41,"turns":7}],"seed_played":"6723132580893179371","potions_obtained":[{"floor":3.0,"key":"Energy Potion"},{"floor":3.0,"key":"LiquidBronze"},{"floor":4.0,"key":"GamblersBrew"},{"floor":6.0,"key":"SneckoOil"},{"floor":8.0,"key":"DuplicationPotion"},{"floor":10.0,"key":"Fire Potion"},{"floor":23,"key":"AttackPotion"},{"floor":24,"key":"FocusPotion"},{"floor":27,"key":"Weak Potion"},{"floor":31,"key":"PowerPotion"},{"floor":35,"key":"Block Potion"}],"is_trial":false,"path_per_floor":["M","$","?","M","M","E","R","E","T","M","?","M","E","$","R","B",null,"M","M","?","$","M","E","?","R","T","E","M","E","R","M","R","B",null,"M","M","T","?","M","R","E"],"character_chosen":"DEFECT","items_purchased":["Barrage","Apotheosis+1","Doom and Gloom"],"campfire_rested":3,"item_purchase_floors":[2,14,21],"current_hp_per_floor":[63,63,63,63,70,49,49,53,53,52,52,52,41,41,41,19,58,53,53,53,53,53,21,21,42,42,19,33,20,41,45,66,56,67,71,59,59,59,71,71,0],"gold":246,"neow_bonus":"UPGRADE_CARD","is_prod":false,"is_daily":false,"chose_seed":false,"campfire_upgraded":2,"win_rate":0,"timestamp":1621453389,"path_taken":["M","$","?","M","M","E","R","E","T","?","?","M","E","?","R","BOSS","M","M","?","?","M","E","?","R","T","E","M","E","R","M","R","BOSS","M","M","?","?","M","R","E"],"build_version":"2020-12-18","purchased_purges":3,"victory":false,"max_hp_per_floor":[71,71,71,71,71,71,71,71,71,71,71,71,71,71,71,71,71,71,71,71,71,71,71,71,71,71,71,71,71,71,71,71,71,71,71,71,71,71,71,71,71],"relic_stats":{"Happy Flower":[10],"counters":[22,92],"Pantograph":5,"Bird Faced Urn":[41],"Snecko Eye":[86,87,102,97],"MawBank":96,"Smiling Mask":125,"obtain_stats":[{"Lantern":13,"HornCleat":26,"Happy Flower":29,"Pantograph":20,"Bird Faced Urn":23,"Snecko Eye":17,"Toxic Egg 2":8,"Cracked Core":0,"MawBank":6,"Smiling Mask":9,"TungstenRod":27,"Nuclear Battery":34},{"Lantern":8,"HornCleat":13,"Happy Flower":16,"Pantograph":11,"Bird Faced Urn":13,"Snecko Eye":9,"Toxic Egg 2":5,"Cracked Core":0,"MawBank":4,"Smiling Mask":5,"TungstenRod":14,"Nuclear Battery":18},{"Lantern":28,"HornCleat":49,"Happy Flower":61,"Pantograph":43,"Bird Faced Urn":49,"Snecko Eye":39,"Toxic Egg 2":17,"Cracked Core":0,"MawBank":14,"Smiling Mask":17,"TungstenRod":53,"Nuclear Battery":74}],"TungstenRod":15},"card_choices":[{"not_picked":["Coolheaded","Capacitor"],"picked":"Cold Snap","floor":1.0},{"not_picked":["Stack","Capacitor"],"picked":"Self Repair","floor":4.0},{"not_picked":["Ball Lightning","Echo Form"],"picked":"Sunder","floor":5.0},{"not_picked":["Rebound","Redo"],"picked":"Compile Driver","floor":6.0},{"not_picked":["All For One","Gash"],"picked":"Double Energy+1","floor":8.0},{"not_picked":["Turbo+1","Redo+1"],"picked":"Ball Lightning","floor":10.0},{"not_picked":["Lockon","Melter"],"picked":"Sweeping Beam","floor":12},{"not_picked":["Fusion+1","Hyperbeam"],"picked":"Consume+1","floor":13},{"not_picked":["Biased Cognition","Seek+1"],"picked":"Electrodynamics","floor":16},{"not_picked":["Redo+1","Rebound","Sweeping Beam"],"picked":"SKIP","floor":18},{"not_picked":["Turbo+1","Gash"],"picked":"Capacitor","floor":19},{"not_picked":["Undo+1","Lockon+1"],"picked":"Thunder Strike","floor":22},{"not_picked":["Hello World+1","Sweeping Beam"],"picked":"Chaos+1","floor":23},{"not_picked":["Electrodynamics","Recycle+1"],"picked":"Hologram+1","floor":27},{"not_picked":["FTL+1","Rebound","Streamline"],"picked":"SKIP","floor":28},{"not_picked":["Steam Power+1","Rebound"],"picked":"Leap+1","floor":29},{"not_picked":["Beam Cell","Undo+1"],"picked":"Force Field+1","floor":31},{"not_picked":["Seek+1","Hyperbeam"],"picked":"Creative AI","floor":33},{"not_picked":["Leap+1","Turbo+1"],"picked":"Steam Power+1","floor":35},{"not_picked":["Cold Snap","Stack+1"],"picked":"Coolheaded+1","floor":36},{"not_picked":["Streamline","Beam Cell"],"picked":"Reinforced Body+1","floor":39}],"player_experience":3718462,"relics_obtained":[{"floor":6.0,"key":"MawBank"},{"floor":8.0,"key":"Toxic Egg 2"},{"floor":9.0,"key":"Smiling Mask"},{"floor":13,"key":"Lantern"},{"floor":23,"key":"Bird Faced Urn"},{"floor":26,"key":"HornCleat"},{"floor":27,"key":"TungstenRod"},{"floor":29,"key":"Happy Flower"}],"event_choices":[{"damage_healed":0.0,"max_hp_gain":0.0,"max_hp_loss":0.0,"gold_gain":0.0,"event_name":"Lab","player_choice":"Got Potions","floor":3.0,"gold_loss":0.0,"damage_taken":0.0},{"damage_healed":0.0,"max_hp_gain":0.0,"max_hp_loss":0.0,"gold_gain":0.0,"event_name":"Wheel of Change","player_choice":"Cursed","floor":11.0,"gold_loss":0.0,"damage_taken":0.0,"cards_obtained":["Decay"]},{"damage_healed":0,"gold_gain":0,"player_choice":"Gave Potion","damage_taken":0,"relics_obtained":["Pantograph"],"max_hp_gain":0,"max_hp_loss":0,"event_name":"WeMeetAgain","floor":20,"gold_loss":0},{"damage_healed":0,"gold_gain":0,"player_choice":"Bought 1 Potion","damage_taken":0,"max_hp_gain":0,"max_hp_loss":0,"event_name":"The Woman in Blue","floor":24,"gold_loss":0},{"damage_healed":0,"gold_gain":0,"player_choice":"2 cards matched","damage_taken":0,"max_hp_gain":0,"max_hp_loss":0,"event_name":"Match and Keep!","floor":38,"gold_loss":0,"cards_obtained":["Force Field","Meteor Strike"]}],"is_beta":true,"boss_relics":[{"not_picked":["Astrolabe","Pandora\u0027s Box"],"picked":"Snecko Eye"},{"not_picked":["Runic Dome","Velvet Choker"],"picked":"Nuclear Battery"}],"items_purged_floors":[2,14,21],"is_endless":false,"potions_floor_spawned":[4,6,8,10,12,23,27,31,35],"killed_by":"Giant Head","ascension_level":20}