{"gold_per_floor":[360,370,1,1,1,28,28,28],"floor_reached":8,"playtime":234,"items_purged":[],"score":108,"play_id":"ce394bca-c632-4d8f-801e-542d887defce","local_time":"20210521164143","is_ascension_mode":true,"campfire_choices":[{"floor":7,"key":"REST"}],"neow_cost":"PERCENT_DAMAGE","seed_source_timestamp":52469637033100,"circlet_count":0,"master_deck":["AscendersBane","Strike_B","Strike_B","Strike_B","Strike_B+1","Defend_B","Defend_B","Defend_B","Defend_B","Zap","Dualcast+1","Compile Driver","Beam Cell","Defragment","Sweeping Beam","Compile Driver","Barrage"],"relics":["Cracked Core","Nunchaku","Matryoshka"],"potions_floor_usage":[6,6],"damage_taken":[{"damage":7,"enemies":"Jaw Worm","floor":1,"turns":2},{"damage":0,"enemies":"Small Slimes","floor":2,"turns":2},{"damage":11,"enemies":"3 Sentries","floor":6,"turns":5},{"damage":32,"enemies":"Gremlin Nob","floor":8,"turns":3}],"seed_played":"-1440062494918706085","potions_obtained":[{"floor":2,"key":"EssenceOfSteel"},{"floor":6,"key":"FocusPotion"}],"is_trial":false,"path_per_floor":["M","M","$","?","?","E","R","E"],"character_chosen":"DEFECT","items_purchased":["Defragment","Sweeping Beam","Nunchaku","Compile Driver","Strength Potion"],"campfire_rested":1,"item_purchase_floors":[3,3,3,3,3],"current_hp_per_floor":[39,39,39,18,18,7,28,0],"gold":28,"neow_bonus":"TWO_FIFTY_GOLD","is_prod":false,"is_daily":false,"chose_seed":false,"campfire_upgraded":0,"win_rate":0,"timestamp":1621640503,"path_taken":["M","M","$","?","?","E","R","E"],"build_version":"2020-12-18","purchased_purges":0,"victory":false,"max_hp_per_floor":[71,71,71,71,71,71,71,71],"relic_stats":{"Nunchaku":[1],"counters":[4,12],"obtain_stats":[{"Nunchaku":3,"Matryoshka":6,"Cracked Core":0},{"Nunchaku":2,"Matryoshka":3,"Cracked Core":0},{"Nunchaku":4,"Matryoshka":9,"Cracked Core":0}]},"card_choices":[{"not_picked":["Steam","Go for the Eyes"],"picked":"Compile Driver","floor":1},{"not_picked":["Aggregate","Stack"],"picked":"Beam Cell","floor":2},{"not_picked":["Steam Power","Hello World"],"picked":"Barrage","floor":6}],"player_experience":3747420,"relics_obtained":[{"floor":6,"key":"Matryoshka"}],"event_choices":[{"damage_healed":0,"gold_gain":0,"player_choice":"Entered Light","damage_taken":21,"max_hp_gain":0,"max_hp_loss":0,"event_name":"Shining Light","floor":4,"gold_loss":0,"cards_upgraded":["Strike_B","Dualcast"]},{"damage_healed":0,"gold_gain":0,"player_choice":"Ignored","damage_taken":0,"max_hp_gain":0,"max_hp_loss":0,"event_name":"Liars Game","floor":5,"gold_loss":0}],"is_beta":true,"boss_relics":[],"items_purged_floors":[],"is_endless":false,"potions_floor_spawned":[2,6],"killed_by":"Gremlin Nob","ascension_level":20}