{"gold_per_floor":[218,15,15,32,32,66,66,66],"floor_reached":8,"playtime":286,"items_purged":[],"score":108,"play_id":"ef72b937-b40b-4e79-bea1-1512c40a4522","local_time":"20210518191101","is_ascension_mode":true,"campfire_choices":[{"floor":7,"key":"REST"}],"neow_cost":"NONE","seed_source_timestamp":1677294797237100,"circlet_count":0,"master_deck":["AscendersBane","Strike_B","Strike_B","Strike_B","Strike_B","Defend_B","Defend_B","Defend_B","Defend_B","Zap","Dualcast","Rebound","Static Discharge","Static Discharge","Beam Cell","Coolheaded"],"relics":["Cracked Core","DollysMirror","Centennial Puzzle","Golden Idol","Toy Ornithopter"],"potions_floor_usage":[],"damage_taken":[{"damage":0,"enemies":"Small Slimes","floor":1,"turns":2},{"damage":7,"enemies":"Jaw Worm","floor":4,"turns":3},{"damage":30,"enemies":"3 Sentries","floor":6,"turns":6},{"damage":38,"enemies":"Gremlin Nob","floor":8,"turns":3}],"seed_played":"3849433240095453301","potions_obtained":[],"is_trial":false,"path_per_floor":["M","$","?","M","?","E","R","E"],"character_chosen":"DEFECT","items_purchased":["Static Discharge","DollysMirror"],"campfire_rested":1,"item_purchase_floors":[2,2],"current_hp_per_floor":[64,64,53,46,46,16,35,0],"gold":66,"neow_bonus":"HUNDRED_GOLD","is_prod":false,"is_daily":false,"chose_seed":false,"campfire_upgraded":0,"win_rate":0,"timestamp":1621390261,"path_taken":["M","$","?","M","?","E","R","E"],"build_version":"2020-12-18","purchased_purges":0,"victory":false,"max_hp_per_floor":[71,71,71,71,64,64,64,64],"relic_stats":{"Centennial Puzzle":[9],"counters":[4,14],"Golden Idol":7,"obtain_stats":[{"Centennial Puzzle":3,"DollysMirror":2,"Golden Idol":5,"Cracked Core":0,"Toy Ornithopter":6},{"Centennial Puzzle":1,"DollysMirror":1,"Golden Idol":2,"Cracked Core":0,"Toy Ornithopter":3},{"Centennial Puzzle":2,"DollysMirror":2,"Golden Idol":5,"Cracked Core":0,"Toy Ornithopter":11}],"Toy Ornithopter":0},"card_choices":[{"not_picked":["Chill","Streamline"],"picked":"Rebound","floor":1},{"not_picked":["Aggregate","Recycle"],"picked":"Beam Cell","floor":4},{"not_picked":["Undo","Rip and Tear"],"picked":"Coolheaded","floor":6}],"player_experience":3700230,"relics_obtained":[{"floor":6,"key":"Toy Ornithopter"}],"event_choices":[{"damage_healed":0,"gold_gain":0,"player_choice":"Success","damage_taken":11,"relics_obtained":["Centennial Puzzle"],"max_hp_gain":0,"max_hp_loss":0,"event_name":"Scrap Ooze","floor":3,"gold_loss":0},{"damage_healed":0,"gold_gain":0,"player_choice":"Lose Max HP","damage_taken":0,"relics_obtained":["Golden Idol"],"max_hp_gain":0,"max_hp_loss":7,"event_name":"Golden Idol","floor":5,"gold_loss":0}],"is_beta":true,"boss_relics":[],"items_purged_floors":[],"is_endless":false,"potions_floor_spawned":[],"killed_by":"Gremlin Nob","ascension_level":20}