{"gold_per_floor":[14,14,26,44,54,54,89,89,89,89,89,89,124,138,138,210,210,220,240,257,14,32,32,75,101,176,176,205,205],"floor_reached":29,"playtime":2288,"items_purged":["Strike_B"],"score":514,"play_id":"ef6d5f88-b8a0-4f65-9079-df8f37d79654","local_time":"20210525164637","is_ascension_mode":true,"campfire_choices":[{"floor":6,"key":"REST"},{"data":"Sweeping Beam","floor":8,"key":"SMITH"},{"floor":11,"key":"REST"},{"data":"Compile Driver","floor":15,"key":"SMITH"},{"floor":23,"key":"REST"},{"data":"Biased Cognition","floor":27,"key":"SMITH"}],"neow_cost":"NO_GOLD","seed_source_timestamp":396306705656100,"circlet_count":0,"master_deck":["AscendersBane","Strike_B","Strike_B","Strike_B","Defend_B","Defend_B","Defend_B","Defend_B","Zap","Dualcast","White Noise","Sweeping Beam+1","Genetic Algorithm","Machine Learning","Glacier","Regret","Compile Driver+1","Gash","Biased Cognition+1","Conserve Battery+1","Compile Driver","Go for the Eyes+1","Cold Snap+1","White Noise","Coolheaded","Capacitor"],"relics":["Cracked Core","Emotion Chip","FaceOfCleric","Blue Candle","Turnip","Incense Burner","Runic Dome","Anchor","CeramicFish","InkBottle"],"potions_floor_usage":[5,16,18,22,24],"damage_taken":[{"damage":0,"enemies":"Small Slimes","floor":1,"turns":3},{"damage":1,"enemies":"Cultist","floor":3,"turns":3},{"damage":4,"enemies":"Jaw Worm","floor":4,"turns":4},{"damage":43,"enemies":"Exordium Thugs","floor":5,"turns":5},{"damage":24,"enemies":"Lagavulin","floor":7,"turns":8},{"damage":6,"enemies":"3 Sentries","floor":13,"turns":2},{"damage":5,"enemies":"3 Louse","floor":14,"turns":4},{"damage":25,"enemies":"Slime Boss","floor":16,"turns":7},{"damage":1,"enemies":"2 Thieves","floor":18,"turns":4},{"damage":3,"enemies":"Shell Parasite","floor":19,"turns":6},{"damage":8,"enemies":"Sentry and Sphere","floor":20,"turns":6},{"damage":28,"enemies":"Cultist and Chosen","floor":22,"turns":8},{"damage":16,"enemies":"Book of Stabbing","floor":24,"turns":5},{"damage":2,"enemies":"Centurion and Healer","floor":25,"turns":7},{"damage":9,"enemies":"Sentry and Sphere","floor":28,"turns":6},{"damage":30,"enemies":"Cultist and Chosen","floor":29,"turns":3}],"seed_played":"-7050093923787958236","potions_obtained":[{"floor":4,"key":"LiquidBronze"},{"floor":13,"key":"PotionOfCapacity"},{"floor":14,"key":"Block Potion"},{"floor":16,"key":"Explosive Potion"},{"floor":19,"key":"FocusPotion"},{"floor":25,"key":"FocusPotion"}],"is_trial":false,"path_per_floor":["M","?","M","M","M","R","E","R","T","?","R","?","E","M","R","B",null,"M","M","M","$","M","R","E","M","T","R","M","M"],"character_chosen":"DEFECT","items_purchased":["Anchor"],"campfire_rested":3,"item_purchase_floors":[21],"current_hp_per_floor":[64,64,64,61,19,41,18,18,18,18,40,40,35,31,31,7,60,60,58,51,51,24,48,33,32,32,32,24,0],"gold":205,"neow_bonus":"ONE_RARE_RELIC","is_prod":false,"is_daily":false,"chose_seed":false,"campfire_upgraded":3,"win_rate":0,"timestamp":1621986397,"path_taken":["M","?","M","M","?","R","E","R","T","?","R","?","E","M","R","BOSS","M","?","M","$","M","R","E","M","T","R","M","?"],"build_version":"2020-12-18","purchased_purges":1,"victory":false,"max_hp_per_floor":[71,71,72,73,74,74,75,75,75,75,75,75,76,77,77,78,78,79,80,81,81,82,82,83,84,84,84,85,85],"relic_stats":{"Emotion Chip":[73,38,35,0,0],"FaceOfCleric":14,"counters":[16,81],"Blue Candle":[14],"CeramicFish":27,"Turnip":[19],"obtain_stats":[{"Runic Dome":17,"Emotion Chip":0,"Anchor":21,"FaceOfCleric":2,"Blue Candle":7,"CeramicFish":24,"Turnip":9,"Incense Burner":13,"Cracked Core":0,"InkBottle":26},{"Runic Dome":8,"Emotion Chip":0,"Anchor":11,"FaceOfCleric":1,"Blue Candle":5,"CeramicFish":13,"Turnip":5,"Incense Burner":6,"Cracked Core":0,"InkBottle":14},{"Runic Dome":36,"Emotion Chip":0,"Anchor":52,"FaceOfCleric":3,"Blue Candle":23,"CeramicFish":65,"Turnip":23,"Incense Burner":25,"Cracked Core":0,"InkBottle":72}],"InkBottle":[4]},"card_choices":[{"not_picked":["Gash","Conserve Battery"],"picked":"White Noise","floor":1},{"not_picked":["Hologram","Go for the Eyes"],"picked":"Sweeping Beam","floor":3},{"not_picked":["Steam Power","Aggregate"],"picked":"Genetic Algorithm","floor":4},{"not_picked":["Double Energy","Turbo"],"picked":"Machine Learning","floor":5},{"not_picked":["Capacitor","Steam"],"picked":"Glacier","floor":7},{"not_picked":["Hologram","Chaos"],"picked":"Compile Driver","floor":13},{"not_picked":["Redo","Aggregate"],"picked":"Gash","floor":14},{"not_picked":["Creative AI","Rainbow"],"picked":"Biased Cognition","floor":16},{"not_picked":["Beam Cell","Hologram"],"picked":"Conserve Battery+1","floor":18},{"not_picked":["Double Energy","Storm"],"picked":"Compile Driver","floor":19},{"not_picked":["Compile Driver","Fusion"],"picked":"Go for the Eyes+1","floor":20},{"not_picked":["Double Energy","Turbo+1"],"picked":"Cold Snap+1","floor":22},{"not_picked":["Reinforced Body","Genetic Algorithm"],"picked":"White Noise","floor":24},{"not_picked":["Stack","Fusion"],"picked":"Coolheaded","floor":25},{"not_picked":["Go for the Eyes","Redo"],"picked":"Capacitor","floor":28}],"player_experience":3794199,"relics_obtained":[{"floor":7,"key":"Blue Candle"},{"floor":9,"key":"Turnip"},{"floor":13,"key":"Incense Burner"},{"floor":24,"key":"CeramicFish"},{"floor":26,"key":"InkBottle"}],"event_choices":[{"damage_healed":0,"gold_gain":0,"player_choice":"Trade","damage_taken":0,"relics_obtained":["FaceOfCleric"],"max_hp_gain":0,"max_hp_loss":0,"event_name":"FaceTrader","floor":2,"gold_loss":0},{"damage_healed":0,"gold_gain":0,"player_choice":"Ignored","damage_taken":0,"max_hp_gain":0,"max_hp_loss":0,"event_name":"Shining Light","floor":10,"gold_loss":0},{"damage_healed":0,"gold_gain":0,"player_choice":"1 cards matched","damage_taken":0,"max_hp_gain":0,"max_hp_loss":0,"event_name":"Match and Keep!","floor":12,"gold_loss":0,"cards_obtained":["Regret"]}],"is_beta":true,"boss_relics":[{"not_picked":["SacredBark","Ectoplasm"],"picked":"Runic Dome"}],"items_purged_floors":[21],"is_endless":false,"potions_floor_spawned":[4,13,14,16,19,20,25],"killed_by":"Cultist and Chosen","ascension_level":20}