{"gold_per_floor":[117,117,129,73,90,90,105,152,177,190,190,24,58,72,72,156,156,174,174,174,52,52,86,97,134,134,160,170,170,179,204,204,287,287,303,303,317,377,394,429,429,429,429,451,41,57,67,105,105,105,105,105,105,26,65,65],"floor_reached":57,"playtime":6119,"items_purged":["Strike_B","Strike_B"],"score":2914,"play_id":"c4b5ddcd-036d-47cf-a1ca-efb3433067d9","local_time":"20210517223840","is_ascension_mode":true,"campfire_choices":[{"data":"Compile Driver","floor":6,"key":"SMITH"},{"data":"Force Field","floor":11,"key":"SMITH"},{"data":"Electrodynamics","floor":15,"key":"SMITH"},{"floor":29,"key":"RECALL"},{"floor":32,"key":"REST"},{"floor":42,"key":"REST"},{"floor":49,"key":"REST"},{"floor":53,"key":"REST"}],"neow_cost":"NONE","seed_source_timestamp":1597503917352600,"circlet_count":0,"master_deck":["AscendersBane","Strike_B","Defend_B","Defend_B","Defend_B","Zap","Dualcast","Cold Snap","Compile Driver+1","Echo Form","Ball Lightning","Compile Driver","Force Field+1","Electrodynamics+1","All For One","Fusion","Creative AI","Genetic Algorithm","Glacier","Reinforced Body","All For One","Glacier","All For One","Apotheosis","Reinforced Body","Consume","Recycle"],"relics":["Snecko Eye","Smiling Mask","Lantern","Toolbox","CeramicFish","Fusion Hammer","Art of War","Question Card","Strawberry","Potion Belt","Inserter","Torii","PreservedInsect","Runic Capacitor","Calipers","Bottled Tornado"],"potions_floor_usage":[8,16,48,48,56,56,56],"damage_taken":[{"damage":11,"enemies":"Jaw Worm","floor":1,"turns":7},{"damage":0,"enemies":"Cultist","floor":3,"turns":3},{"damage":10,"enemies":"Small Slimes","floor":5,"turns":3},{"damage":0,"enemies":"Exordium Wildlife","floor":7,"turns":5},{"damage":6,"enemies":"Gremlin Nob","floor":8,"turns":3},{"damage":3,"enemies":"Blue Slaver","floor":10,"turns":2},{"damage":10,"enemies":"3 Sentries","floor":13,"turns":6},{"damage":4,"enemies":"Looter","floor":14,"turns":3},{"damage":8,"enemies":"Hexaghost","floor":16,"turns":9},{"damage":12,"enemies":"2 Thieves","floor":18,"turns":3},{"damage":2,"enemies":"Book of Stabbing","floor":23,"turns":3},{"damage":0,"enemies":"Spheric Guardian","floor":24,"turns":3},{"damage":0,"enemies":"Gremlin Leader","floor":25,"turns":3},{"damage":1,"enemies":"Slavers","floor":27,"turns":4},{"damage":7,"enemies":"Chosen and Byrds","floor":28,"turns":4},{"damage":13,"enemies":"Cultist and Chosen","floor":31,"turns":4},{"damage":14,"enemies":"Champ","floor":33,"turns":15},{"damage":0,"enemies":"Orb Walker","floor":35,"turns":4},{"damage":0,"enemies":"3 Shapes","floor":37,"turns":5},{"damage":0,"enemies":"2 Orb Walkers","floor":38,"turns":4},{"damage":2,"enemies":"Writhing Mass","floor":39,"turns":11},{"damage":1,"enemies":"Giant Head","floor":40,"turns":8},{"damage":0,"enemies":"4 Shapes","floor":44,"turns":4},{"damage":1,"enemies":"3 Darklings","floor":46,"turns":3},{"damage":11,"enemies":"Maw","floor":47,"turns":7},{"damage":1,"enemies":"Reptomancer","floor":48,"turns":8},{"damage":3,"enemies":"Awakened One","floor":50,"turns":14},{"damage":0,"enemies":"Donu and Deca","floor":51,"turns":9},{"damage":0,"enemies":"Shield and Spear","floor":55,"turns":4},{"damage":1,"enemies":"The Heart","floor":56,"turns":8}],"seed_played":"-2800668422082626564","potions_obtained":[{"floor":7,"key":"ColorlessPotion"},{"floor":13,"key":"Energy Potion"},{"floor":16,"key":"Block Potion"},{"floor":31,"key":"GamblersBrew"},{"floor":33,"key":"BlessingOfTheForge"},{"floor":40,"key":"Weak Potion"},{"floor":46,"key":"FocusPotion"},{"floor":48,"key":"DuplicationPotion"}],"is_trial":false,"path_per_floor":["M","?","M","$","M","R","M","E","T","M","R","$","E","M","R","B",null,"M","?","?","$","?","E","M","E","T","E","M","R","?","M","R","B",null,"M","?","M","?","M","E","?","R","T","M","$","M","M","E","R","B","B",null,"R","$","E","B",null],"character_chosen":"DEFECT","items_purchased":["PowerPotion","Toolbox","Fusion","Apotheosis","Runic Capacitor","Consume"],"campfire_rested":4,"item_purchase_floors":[4,12,21,45,45,54],"current_hp_per_floor":[53,53,53,53,43,43,43,37,37,34,34,34,24,20,20,12,56,44,44,44,44,44,42,42,42,49,48,41,41,41,28,51,37,68,68,68,68,68,66,65,65,74,74,74,74,73,62,61,74,71,71,73,74,74,74,73],"gold":65,"neow_bonus":"BOSS_RELIC","is_prod":false,"is_daily":false,"chose_seed":false,"campfire_upgraded":3,"win_rate":0,"timestamp":1621316320,"path_taken":["M","?","?","$","M","R","M","E","T","M","R","$","E","M","R","BOSS","M","?","?","?","?","E","M","E","T","E","?","R","?","M","R","BOSS","M","?","M","?","?","E","?","R","T","M","$","M","M","E","R","BOSS","BOSS","R","$","E","BOSS"],"build_version":"2020-12-18","purchased_purges":2,"victory":true,"max_hp_per_floor":[71,71,71,71,71,71,71,71,71,71,71,71,71,71,71,71,71,71,71,71,71,71,71,71,71,78,78,78,78,78,78,78,78,78,78,78,78,78,78,78,74,74,74,74,74,74,74,74,74,74,74,74,74,74,74,74],"relic_stats":{"Inserter":[41],"Torii":11,"counters":[30,169],"CeramicFish":126,"Snecko Eye":[346,306,297,306],"PreservedInsect":154,"Art of War":[21],"Smiling Mask":75,"Question Card":14,"obtain_stats":[{"Potion Belt":27,"Lantern":9,"Inserter":34,"Calipers":48,"Torii":38,"CeramicFish":13,"PreservedInsect":40,"Runic Capacitor":45,"Bottled Tornado":55,"Smiling Mask":8,"Question Card":25,"Strawberry":26,"Snecko Eye":0,"Toolbox":12,"Fusion Hammer":17,"Art of War":23,"Cracked Core":0},{"Potion Belt":14,"Lantern":5,"Inserter":17,"Calipers":26,"Torii":20,"CeramicFish":7,"PreservedInsect":22,"Runic Capacitor":23,"Bottled Tornado":29,"Smiling Mask":5,"Question Card":13,"Strawberry":13,"Snecko Eye":0,"Toolbox":6,"Fusion Hammer":9,"Art of War":11,"Cracked Core":0},{"Potion Belt":57,"Lantern":21,"Inserter":80,"Calipers":134,"Torii":93,"CeramicFish":29,"PreservedInsect":112,"Runic Capacitor":116,"Bottled Tornado":161,"Smiling Mask":21,"Question Card":53,"Strawberry":53,"Snecko Eye":0,"Toolbox":23,"Fusion Hammer":41,"Art of War":47,"Cracked Core":0}]},"card_choices":[{"not_picked":["Stack","Turbo"],"picked":"Cold Snap","floor":1},{"not_picked":["Conserve Battery","Gash"],"picked":"Compile Driver","floor":3},{"not_picked":["Blizzard","Doom and Gloom"],"picked":"Echo Form","floor":5},{"not_picked":["Gash","Sweeping Beam"],"picked":"Ball Lightning","floor":7},{"not_picked":["Ball Lightning","Fusion"],"picked":"Compile Driver","floor":8},{"not_picked":["FTL","Darkness"],"picked":"Force Field","floor":10},{"not_picked":["Barrage","Fusion"],"picked":"Electrodynamics","floor":13},{"not_picked":["Coolheaded","Redo","Gash"],"picked":"SKIP","floor":14},{"not_picked":["Core Surge","Amplify"],"picked":"All For One","floor":16},{"not_picked":["Cold Snap","Rebound","FTL"],"picked":"SKIP","floor":18},{"not_picked":["Rip and Tear","Ball Lightning"],"picked":"Creative AI","floor":23},{"not_picked":["Leap","Stack","White Noise+1"],"picked":"SKIP","floor":24},{"not_picked":["Beam Cell","Leap"],"picked":"Genetic Algorithm","floor":25},{"not_picked":["Steam","Streamline","Ball Lightning","Cold Snap"],"picked":"SKIP","floor":27},{"not_picked":["Redo","Coolheaded","Sweeping Beam","Ball Lightning"],"picked":"SKIP","floor":28},{"not_picked":["Conserve Battery","Leap","Undo"],"picked":"Reinforced Body","floor":31},{"not_picked":["Fission","Hyperbeam","Core Surge"],"picked":"All For One","floor":33},{"not_picked":["Ball Lightning+1","Gash","Hologram","Fusion"],"picked":"SKIP","floor":35},{"not_picked":["Steam Power","Go for the Eyes+1","Darkness","Static Discharge"],"picked":"SKIP","floor":37},{"not_picked":["Redo","Hologram","Conserve Battery"],"picked":"Glacier","floor":38},{"not_picked":["Cold Snap","Go for the Eyes","Chaos","White Noise"],"picked":"SKIP","floor":39},{"not_picked":["FTL+1","Steam Power","Coolheaded","Hologram"],"picked":"SKIP","floor":40},{"not_picked":["Self Repair","Coolheaded+1","Skim"],"picked":"All For One","floor":44},{"not_picked":["Streamline","Beam Cell","Steam","Stack"],"picked":"SKIP","floor":46},{"not_picked":["Lockon","Cold Snap","Hologram","Barrage"],"picked":"SKIP","floor":47},{"not_picked":["Chill","Hologram","Go for the Eyes"],"picked":"Reinforced Body","floor":48},{"not_picked":["Gash+1","Sweeping Beam+1","Hyperbeam"],"picked":"Recycle","floor":55}],"player_experience":3691883,"relics_obtained":[{"floor":8,"key":"Smiling Mask"},{"floor":9,"key":"Lantern"},{"floor":13,"key":"CeramicFish"},{"floor":23,"key":"Art of War"},{"floor":25,"key":"Question Card"},{"floor":26,"key":"Strawberry"},{"floor":27,"key":"Potion Belt"},{"floor":38,"key":"Torii"},{"floor":40,"key":"PreservedInsect"},{"floor":48,"key":"Calipers"},{"floor":55,"key":"Bottled Tornado"}],"event_choices":[{"cards_removed":["Strike_B"],"damage_healed":0,"gold_gain":0,"player_choice":"Card Removal","damage_taken":0,"max_hp_gain":0,"max_hp_loss":0,"event_name":"Wheel of Change","floor":2,"gold_loss":0},{"damage_healed":0,"gold_gain":0,"player_choice":"Ignored","damage_taken":0,"max_hp_gain":0,"max_hp_loss":0,"event_name":"The Mausoleum","floor":19,"gold_loss":0},{"damage_healed":0,"gold_gain":0,"player_choice":"Ignored","damage_taken":0,"max_hp_gain":0,"max_hp_loss":0,"event_name":"Vampires","floor":20,"gold_loss":0},{"damage_healed":0,"gold_gain":0,"player_choice":"Read","damage_taken":0,"max_hp_gain":0,"max_hp_loss":0,"event_name":"The Library","floor":30,"gold_loss":0,"cards_obtained":["Glacier"]},{"cards_removed":["Defend_B"],"damage_healed":0,"gold_gain":0,"player_choice":"Removed Skill","damage_taken":0,"max_hp_gain":0,"max_hp_loss":0,"event_name":"Falling","floor":36,"gold_loss":0},{"damage_healed":0,"gold_gain":0,"player_choice":"Fight","damage_taken":0,"max_hp_gain":0,"max_hp_loss":0,"event_name":"Mysterious Sphere","floor":38,"gold_loss":0},{"damage_healed":0,"gold_gain":0,"player_choice":"Max HP","damage_taken":0,"max_hp_gain":0,"max_hp_loss":4,"event_name":"Winding Halls","floor":41,"gold_loss":0}],"is_beta":true,"boss_relics":[{"not_picked":["Astrolabe","Velvet Choker"],"picked":"Fusion Hammer"},{"not_picked":["Calling Bell","Black Star"],"picked":"Inserter"}],"items_purged_floors":[21,45],"is_endless":false,"potions_floor_spawned":[7,13,16,23,24,31,33,37,40,46,48],"ascension_level":20}