{"gold_per_floor":[114,114,124,136,136,136,162,10,10,29,44,74,74,85,85,85],"floor_reached":16,"playtime":678,"items_purged":[],"score":224,"play_id":"8dc11259-735f-4bcc-a560-2b1731ac43b2","local_time":"20210519141026","is_ascension_mode":true,"campfire_choices":[{"data":"Sunder","floor":6,"key":"SMITH"},{"data":"Defragment","floor":13,"key":"SMITH"},{"data":"Rainbow","floor":15,"key":"SMITH"}],"neow_cost":"NONE","seed_source_timestamp":1745268275219500,"circlet_count":0,"master_deck":["AscendersBane","Strike_B","Strike_B","Defend_B","Defend_B","Defend_B","Zap","Dualcast","Reboot+1","Conserve Battery+1","Aggregate+1","Sweeping Beam","Compile Driver","Sunder+1","Doom and Gloom","Rainbow+1","Steam","Defragment+1","FTL","Compile Driver"],"relics":["Astrolabe","Mango","Incense Burner","Bottled Flame"],"potions_floor_usage":[7,12,16,16],"damage_taken":[{"damage":2,"enemies":"Jaw Worm","floor":1,"turns":3},{"damage":0,"enemies":"2 Louse","floor":3,"turns":2},{"damage":1,"enemies":"Cultist","floor":4,"turns":3},{"damage":20,"enemies":"3 Sentries","floor":7,"turns":9},{"damage":0,"enemies":"3 Louse","floor":10,"turns":1},{"damage":19,"enemies":"Gremlin Gang","floor":11,"turns":3},{"damage":13,"enemies":"Lagavulin","floor":12,"turns":6},{"damage":0,"enemies":"Exordium Wildlife","floor":14,"turns":3},{"damage":23,"enemies":"The Guardian","floor":16,"turns":2}],"seed_played":"888636494637663387","potions_obtained":[{"floor":1,"key":"SkillPotion"},{"floor":3,"key":"Swift Potion"},{"floor":5,"key":"CultistPotion"},{"floor":10,"key":"Weak Potion"},{"floor":14,"key":"PowerPotion"}],"is_trial":false,"path_per_floor":["M","?","M","M","?","R","E","$","T","M","M","E","R","M","R","B"],"character_chosen":"DEFECT","items_purchased":["Rainbow"],"campfire_rested":0,"item_purchase_floors":[8],"current_hp_per_floor":[62,62,62,61,61,61,55,55,55,55,36,23,23,23,23,0],"gold":85,"neow_bonus":"BOSS_RELIC","is_prod":false,"is_daily":false,"chose_seed":false,"campfire_upgraded":3,"win_rate":0,"timestamp":1621458626,"path_taken":["M","?","M","M","?","R","E","$","T","?","M","E","R","M","R","BOSS"],"build_version":"2020-12-18","purchased_purges":0,"victory":false,"max_hp_per_floor":[71,71,71,71,71,71,85,85,85,85,85,85,85,85,85,85],"relic_stats":{"counters":[9,32],"Astrolabe":["Reboot","Conserve Battery","Aggregate"],"obtain_stats":[{"Bottled Flame":12,"Astrolabe":0,"Mango":7,"Incense Burner":9,"Cracked Core":0},{"Bottled Flame":7,"Astrolabe":0,"Mango":4,"Incense Burner":4,"Cracked Core":0},{"Bottled Flame":27,"Astrolabe":0,"Mango":17,"Incense Burner":17,"Cracked Core":0}]},"card_choices":[{"not_picked":["Steam Power","Coolheaded"],"picked":"Sweeping Beam","floor":1},{"not_picked":["Tempest","Sweeping Beam"],"picked":"Compile Driver","floor":3},{"not_picked":["Heatsinks","Hologram"],"picked":"Sunder","floor":4},{"not_picked":["Melter","Compile Driver"],"picked":"Doom and Gloom","floor":7},{"not_picked":["Scrape","Doom and Gloom"],"picked":"Steam","floor":10},{"not_picked":["Streamline","Lockon"],"picked":"Defragment","floor":11},{"not_picked":["Thunder Strike","Lockon"],"picked":"FTL","floor":12},{"not_picked":["Go for the Eyes","Blizzard"],"picked":"Compile Driver","floor":14}],"player_experience":3720963,"relics_obtained":[{"floor":7,"key":"Mango"},{"floor":9,"key":"Incense Burner"},{"floor":12,"key":"Bottled Flame"}],"event_choices":[{"damage_healed":0,"gold_gain":0,"player_choice":"Leave","damage_taken":0,"max_hp_gain":0,"max_hp_loss":0,"event_name":"The Cleric","floor":2,"gold_loss":0},{"damage_healed":0,"gold_gain":0,"player_choice":"Got Potions","damage_taken":0,"max_hp_gain":0,"max_hp_loss":0,"event_name":"Lab","floor":5,"gold_loss":0}],"is_beta":true,"boss_relics":[],"items_purged_floors":[],"is_endless":false,"potions_floor_spawned":[1,3,10,14],"killed_by":"The Guardian","ascension_level":20}