{"gold_per_floor":[361,361,375,390,1,39,39,59,59,100,100,141,155,171,171,261,261,284,334,347,368,415,448,448,489,489,527,545,545,545,563,563,658,658,671,671,695,711,13,57,57,0,0,0,26,26,26,41,41,41,41,41,41,41,77,77],"floor_reached":56,"playtime":3437,"items_purged":["Strike_B","Reprogram+1"],"score":1910,"play_id":"ad0d85e0-7edd-4b35-81ac-0d74eb06c035","local_time":"20210520210429","is_ascension_mode":true,"campfire_choices":[{"data":"Electrodynamics","floor":11.0,"key":"SMITH"},{"data":"Sunder","floor":15.0,"key":"SMITH"},{"floor":24.0,"key":"REST"},{"floor":29.0,"key":"REST"},{"floor":32.0,"key":"REST"},{"floor":41.0,"key":"RECALL"},{"floor":47.0,"key":"REST"},{"floor":49.0,"key":"REST"},{"floor":53,"key":"REST"}],"neow_cost":"PERCENT_DAMAGE","seed_source_timestamp":0,"circlet_count":0,"master_deck":["AscendersBane","Defend_B","Defend_B","Defend_B","Zap","Dualcast","Sunder+1","Cold Snap","Ball Lightning","Genetic Algorithm","Electrodynamics+1","Steam","Compile Driver","Seek","Genetic Algorithm","Ball Lightning+1","Static Discharge+1","Biased Cognition+1","Consume","Master of Strategy","Recycle+1","Barrage+1","Conserve Battery+1"],"special_seed":0,"relics":["Cracked Core","Golden Idol","Runic Capacitor","Pen Nib","Orichalcum","Singing Bowl","Pocketwatch","Pear","Snecko Eye","Potion Belt","Blue Candle","Kunai","Bag of Preparation","Astrolabe","Toxic Egg 2","Happy Flower","TheAbacus","Boot","Red Mask","Frozen Egg 2","Regal Pillow","Toy Ornithopter"],"potions_floor_usage":[50,50,50,50,56,56,56],"damage_taken":[{"damage":3.0,"enemies":"2 Louse","floor":1.0,"turns":3.0},{"damage":1.0,"enemies":"Cultist","floor":3.0,"turns":3.0},{"damage":12.0,"enemies":"Jaw Worm","floor":4.0,"turns":3.0},{"damage":8.0,"enemies":"Gremlin Nob","floor":6.0,"turns":3.0},{"damage":4.0,"enemies":"Red Slaver","floor":8.0,"turns":3.0},{"damage":18.0,"enemies":"Lagavulin","floor":10.0,"turns":5.0},{"damage":4.0,"enemies":"3 Sentries","floor":12.0,"turns":3.0},{"damage":10.0,"enemies":"Blue Slaver","floor":13.0,"turns":3.0},{"damage":8.0,"enemies":"Exordium Wildlife","floor":14.0,"turns":2.0},{"damage":24.0,"enemies":"Hexaghost","floor":16.0,"turns":8.0},{"damage":10.0,"enemies":"Shell Parasite","floor":18.0,"turns":2.0},{"damage":15.0,"enemies":"Chosen","floor":20.0,"turns":5.0},{"damage":6.0,"enemies":"Snake Plant","floor":21.0,"turns":3.0},{"damage":7.0,"enemies":"Slavers","floor":23.0,"turns":3.0},{"damage":25.0,"enemies":"Gremlin Leader","floor":25.0,"turns":6.0},{"damage":23.0,"enemies":"Slavers","floor":27.0,"turns":4.0},{"damage":3.0,"enemies":"Snecko","floor":28.0,"turns":3.0},{"damage":0.0,"enemies":"Centurion and Healer","floor":31.0,"turns":4.0},{"damage":51.0,"enemies":"Automaton","floor":33.0,"turns":8.0},{"damage":7.0,"enemies":"3 Darklings","floor":35.0,"turns":2.0},{"damage":0.0,"enemies":"3 Shapes","floor":37.0,"turns":2.0},{"damage":2.0,"enemies":"Maw","floor":38.0,"turns":6.0},{"damage":26.0,"enemies":"Nemesis","floor":40.0,"turns":5.0},{"damage":24.0,"enemies":"Spire Growth","floor":48.0,"turns":4.0},{"damage":25,"enemies":"Time Eater","floor":50,"turns":9},{"damage":63,"enemies":"Donu and Deca","floor":51,"turns":5},{"damage":30,"enemies":"Shield and Spear","floor":55,"turns":4},{"damage":110,"enemies":"The Heart","floor":56,"turns":5}],"seed_played":"5031810703797890959","potions_obtained":[{"floor":1.0,"key":"EssenceOfDarkness"},{"floor":3.0,"key":"FearPotion"},{"floor":12.0,"key":"GamblersBrew"},{"floor":13.0,"key":"ColorlessPotion"},{"floor":14.0,"key":"Dexterity Potion"},{"floor":21.0,"key":"FearPotion"},{"floor":23.0,"key":"SpeedPotion"},{"floor":28.0,"key":"Energy Potion"},{"floor":33.0,"key":"SteroidPotion"},{"floor":37.0,"key":"SteroidPotion"},{"floor":38.0,"key":"EntropicBrew"},{"floor":48.0,"key":"DuplicationPotion"}],"is_trial":false,"path_per_floor":["M","?","M","M","$","E","?","M","T","E","R","E","M","M","R","B",null,"M","?","M","M","T","E","R","E","T","E","M","R","?","M","R","B",null,"M","?","M","M","$","E","R","?","T","?","T","$","R","M","R","B","B",null,"R","$","E","B"],"character_chosen":"DEFECT","items_purchased":["Runic Capacitor","Pen Nib","Toxic Egg 2","Happy Flower","TheAbacus"],"campfire_rested":6,"item_purchase_floors":[5,5,39,39,39],"current_hp_per_floor":[43,43,42,30,30,22,64,60,60,42,42,50,40,34,34,10,61,51,51,38,34,34,29,54,31,31,8,7,33,33,35,62,13,72,65,59,61,61,61,35,35,35,35,35,35,35,80,56,100,75,12,78,100,100,70,0],"gold":77,"neow_bonus":"TWO_FIFTY_GOLD","is_prod":false,"is_daily":false,"chose_seed":false,"campfire_upgraded":2,"win_rate":0,"timestamp":1621569869,"path_taken":["M","?","M","M","$","E","?","?","T","E","R","E","M","M","R","BOSS","M","?","M","M","?","E","R","E","T","E","?","R","?","M","R","BOSS","M","?","M","M","$","E","R","?","T","?","?","$","R","M","R","BOSS","BOSS","R","$","E","BOSS"],"build_version":"2020-12-18","purchased_purges":2,"victory":false,"max_hp_per_floor":[71,64,64,64,64,64,64,64,64,64,64,76,76,78,78,78,78,78,78,80,82,82,84,84,86,86,86,88,88,88,90,90,92,92,92,96,98,100,100,100,100,100,100,100,100,100,100,100,100,100,100,100,100,100,100,100],"relic_stats":{"Regal Pillow":29,"Singing Bowl":26,"Happy Flower":[10],"counters":[28,116],"Golden Idol":188,"Blue Candle":[0],"Astrolabe":["Static Discharge","Reprogram","Biased Cognition"],"Pen Nib":[16],"Bag of Preparation":[24],"Orichalcum":[222],"Boot":[0],"TheAbacus":[84],"Snecko Eye":[166,151,166,192],"Kunai":[16],"obtain_stats":[{"Potion Belt":23,"Regal Pillow":45,"Pear":12,"Singing Bowl":9,"Happy Flower":39,"Golden Idol":2,"Blue Candle":25,"Astrolabe":34,"Pen Nib":5,"Runic Capacitor":5,"Bag of Preparation":27,"Orichalcum":6,"Frozen Egg 2":43,"Boot":40,"TheAbacus":39,"Snecko Eye":17,"Red Mask":42,"Kunai":26,"Toxic Egg 2":39,"Cracked Core":0,"Toy Ornithopter":55,"Pocketwatch":10},{"Potion Belt":14,"Regal Pillow":23,"Pear":7,"Singing Bowl":5,"Happy Flower":22,"Golden Idol":1,"Blue Candle":15,"Astrolabe":19,"Pen Nib":3,"Runic Capacitor":3,"Bag of Preparation":16,"Orichalcum":4,"Frozen Egg 2":23,"Boot":23,"TheAbacus":22,"Snecko Eye":10,"Red Mask":23,"Kunai":15,"Toxic Egg 2":22,"Cracked Core":0,"Toy Ornithopter":27,"Pocketwatch":6},{"Potion Belt":49,"Regal Pillow":89,"Pear":23,"Singing Bowl":15,"Happy Flower":84,"Golden Idol":3,"Blue Candle":55,"Astrolabe":74,"Pen Nib":9,"Runic Capacitor":9,"Bag of Preparation":59,"Orichalcum":12,"Frozen Egg 2":89,"Boot":89,"TheAbacus":84,"Snecko Eye":36,"Red Mask":89,"Kunai":55,"Toxic Egg 2":84,"Cracked Core":0,"Toy Ornithopter":111,"Pocketwatch":20}],"Toy Ornithopter":15,"Pocketwatch":[117]},"card_choices":[{"not_picked":["Chill","Force Field"],"picked":"Sunder","floor":1.0},{"not_picked":["Tempest","Melter"],"picked":"Cold Snap","floor":3.0},{"not_picked":["Steam","Sunder"],"picked":"Ball Lightning","floor":4.0},{"not_picked":["Ball Lightning","Conserve Battery"],"picked":"Genetic Algorithm","floor":6.0},{"not_picked":["Steam Power","Steam"],"picked":"Electrodynamics","floor":8.0},{"not_picked":["Tempest","Stack"],"picked":"Steam","floor":10.0},{"not_picked":["White Noise","Steam Power","Conserve Battery"],"picked":"Singing Bowl","floor":12.0},{"not_picked":["Go for the Eyes","Undo"],"picked":"Compile Driver","floor":13.0},{"not_picked":["Conserve Battery","Recycle","Double Energy"],"picked":"Singing Bowl","floor":14.0},{"not_picked":["Creative AI","Buffer"],"picked":"Seek","floor":16.0},{"not_picked":["Streamline","Turbo"],"picked":"Genetic Algorithm","floor":18.0},{"not_picked":["Conserve Battery+1","Streamline","Ball Lightning"],"picked":"Singing Bowl","floor":20.0},{"not_picked":["Chill","Cold Snap","Sweeping Beam"],"picked":"Singing Bowl","floor":21.0},{"not_picked":["Cold Snap","Conserve Battery","Rebound+1"],"picked":"Singing Bowl","floor":23.0},{"not_picked":["Melter+1","Redo","Steam Power"],"picked":"Singing Bowl","floor":25.0},{"not_picked":["Reprogram","Blizzard"],"picked":"Ball Lightning+1","floor":27.0},{"not_picked":["Hologram","Barrage","Doom and Gloom"],"picked":"Singing Bowl","floor":28.0},{"not_picked":["Hologram","Reboot","BootSequence"],"picked":"Singing Bowl","floor":31.0},{"not_picked":["Hyperbeam","Reboot","Multi-Cast"],"picked":"Singing Bowl","floor":33.0},{"not_picked":["Compile Driver","Go for the Eyes"],"picked":"Consume","floor":35.0},{"not_picked":["Jack Of All Trades","Purity","Trip"],"picked":"Singing Bowl","floor":36.0},{"not_picked":["Flash of Steel","Good Instincts"],"picked":"Master of Strategy","floor":36.0},{"not_picked":["Purity","Thinking Ahead","Swift Strike"],"picked":"Singing Bowl","floor":36.0},{"not_picked":["Go for the Eyes","Compile Driver","FTL"],"picked":"Singing Bowl","floor":37.0},{"not_picked":["Reprogram","Compile Driver+1","Force Field+1"],"picked":"Singing Bowl","floor":38.0},{"not_picked":["Leap+1","Loop"],"picked":"Recycle+1","floor":40.0},{"not_picked":["Redo+1","Sweeping Beam"],"picked":"Barrage+1","floor":48.0},{"not_picked":["Chill+1","Heatsinks+1"],"picked":"Conserve Battery+1","floor":55}],"player_experience":3735047,"relics_obtained":[{"floor":6.0,"key":"Orichalcum"},{"floor":9.0,"key":"Singing Bowl"},{"floor":10.0,"key":"Pocketwatch"},{"floor":12.0,"key":"Pear"},{"floor":23.0,"key":"Potion Belt"},{"floor":25.0,"key":"Blue Candle"},{"floor":26.0,"key":"Kunai"},{"floor":27.0,"key":"Bag of Preparation"},{"floor":40.0,"key":"Boot"},{"floor":43.0,"key":"Frozen Egg 2"},{"floor":45.0,"key":"Regal Pillow"},{"floor":55,"key":"Toy Ornithopter"}],"event_choices":[{"damage_healed":0.0,"max_hp_gain":0.0,"max_hp_loss":7.0,"gold_gain":0.0,"event_name":"Golden Idol","player_choice":"Lose Max HP","floor":2.0,"gold_loss":0.0,"damage_taken":0.0,"relics_obtained":["Golden Idol"]},{"damage_healed":42.0,"max_hp_gain":0.0,"max_hp_loss":0.0,"gold_gain":0.0,"event_name":"Wheel of Change","player_choice":"Full Heal","floor":7.0,"gold_loss":0.0,"damage_taken":0.0},{"damage_healed":0.0,"max_hp_gain":0.0,"max_hp_loss":0.0,"gold_gain":50.0,"event_name":"Nest","player_choice":"Stole From Cult","floor":19.0,"gold_loss":0.0,"damage_taken":0.0},{"damage_healed":0.0,"max_hp_gain":0.0,"max_hp_loss":0.0,"gold_gain":0.0,"event_name":"Vampires","player_choice":"Ignored","floor":30.0,"gold_loss":0.0,"damage_taken":0.0},{"damage_healed":0.0,"max_hp_gain":0.0,"max_hp_loss":0.0,"gold_gain":0.0,"event_name":"SensoryStone","player_choice":"Memory 3","floor":36.0,"gold_loss":0.0,"damage_taken":10.0},{"damage_healed":0.0,"max_hp_gain":0.0,"max_hp_loss":0.0,"gold_gain":0.0,"event_name":"Tomb of Lord Red Mask","player_choice":"Paid","floor":42.0,"gold_loss":57.0,"damage_taken":0.0,"relics_obtained":["Red Mask"]},{"cards_removed":["Defend_B"],"damage_healed":0.0,"max_hp_gain":0.0,"max_hp_loss":0.0,"gold_gain":0.0,"event_name":"Falling","player_choice":"Removed Skill","floor":44.0,"gold_loss":0.0,"damage_taken":0.0}],"is_beta":true,"boss_relics":[{"not_picked":["Inserter","Ectoplasm"],"picked":"Snecko Eye"},{"not_picked":["Empty Cage","Calling Bell"],"picked":"Astrolabe"}],"items_purged_floors":[5,39],"is_endless":false,"potions_floor_spawned":[1,3,12,13,14,21,23,28,33,37,38,48],"killed_by":"The Heart","ascension_level":20}