{"gold_per_floor":[213,225,205,216,235,235,267,267,291,291,291,301,312,337,337,415,415,428,428,438,468,485,511,523,535],"floor_reached":25,"playtime":1387,"items_purged":[],"score":466,"play_id":"3c1ec7f8-6e8a-46d3-ad0f-96e5535579f9","local_time":"20210518173058","is_ascension_mode":true,"campfire_choices":[{"data":"Zap","floor":6.0,"key":"SMITH"},{"data":"Self Repair","floor":8.0,"key":"SMITH"},{"data":"Ball Lightning","floor":10.0,"key":"SMITH"},{"data":"Cold Snap","floor":15,"key":"SMITH"},{"data":"Doom and Gloom","floor":24,"key":"SMITH"}],"neow_cost":"NONE","seed_source_timestamp":1670161113751900,"circlet_count":0,"master_deck":["AscendersBane","Strike_B+1","Strike_B+1","Strike_B+1","Strike_B+1","Defend_B+1","Defend_B+1","Defend_B+1","Defend_B+1","Zap+1","Dualcast","Cold Snap+1","Ball Lightning+1","Conserve Battery","Genetic Algorithm","Self Repair+1","Echo Form","Capacitor","Rainbow","Compile Driver","Go for the Eyes","Doom and Gloom+1","Stack+1"],"special_seed":0,"relics":["Cracked Core","Anchor","Juzu Bracelet","Omamori","Cursed Key","Red Mask","MawBank"],"potions_floor_usage":[16,20,21,25],"damage_taken":[{"damage":0.0,"enemies":"2 Louse","floor":1.0,"turns":3.0},{"damage":1.0,"enemies":"Cultist","floor":2.0,"turns":3.0},{"damage":0.0,"enemies":"Jaw Worm","floor":4.0,"turns":3.0},{"damage":0.0,"enemies":"3 Louse","floor":5.0,"turns":3.0},{"damage":9.0,"enemies":"3 Sentries","floor":7.0,"turns":7.0},{"damage":2.0,"enemies":"Looter","floor":12.0,"turns":3.0},{"damage":2,"enemies":"Large Slime","floor":13,"turns":6},{"damage":14,"enemies":"Lagavulin","floor":14,"turns":7},{"damage":31,"enemies":"Slime Boss","floor":16,"turns":10},{"damage":5,"enemies":"Spheric Guardian","floor":18,"turns":4},{"damage":13,"enemies":"2 Thieves","floor":20,"turns":5},{"damage":12,"enemies":"Masked Bandits","floor":21,"turns":4},{"damage":16,"enemies":"Centurion and Healer","floor":22,"turns":6},{"damage":20,"enemies":"Gremlin Leader","floor":23,"turns":9},{"damage":55,"enemies":"Book of Stabbing","floor":25,"turns":5}],"seed_played":"4329584589935210599","potions_obtained":[{"floor":2.0,"key":"Swift Potion"},{"floor":3.0,"key":"Fire Potion"},{"floor":5.0,"key":"FocusPotion"},{"floor":11.0,"key":"DistilledChaos"},{"floor":12.0,"key":"PowerPotion"},{"floor":16,"key":"Strength Potion"},{"floor":21,"key":"Ancient Potion"},{"floor":23,"key":"SpeedPotion"}],"is_trial":false,"path_per_floor":["M","M","?","M","M","R","E","R","T","R","?","M","M","E","R","B",null,"M","?","M","?","M","E","R","E"],"character_chosen":"DEFECT","items_purchased":[],"campfire_rested":0,"item_purchase_floors":[],"current_hp_per_floor":[64,63,63,63,63,63,54,54,54,54,54,62,70,66,66,45,65,71,71,68,56,60,50,50,0],"gold":535,"neow_bonus":"HUNDRED_GOLD","is_prod":false,"is_daily":false,"chose_seed":false,"campfire_upgraded":5,"win_rate":0,"timestamp":1621384258,"path_taken":["M","M","?","M","M","R","E","R","T","R","?","M","M","E","R","BOSS","M","?","M","?","M","E","R","E"],"build_version":"2020-12-18","purchased_purges":0,"victory":false,"max_hp_per_floor":[71,71,71,71,71,71,71,71,71,71,71,71,71,71,71,71,71,71,71,71,71,71,71,71,71],"relic_stats":{"counters":[15,78],"Juzu Bracelet":2,"Cursed Key":0,"MawBank":24,"obtain_stats":[{"Anchor":7,"Juzu Bracelet":9,"Omamori":14,"Red Mask":21,"Cracked Core":0,"Cursed Key":17,"MawBank":23},{"Anchor":5,"Juzu Bracelet":5,"Omamori":8,"Red Mask":12,"Cracked Core":0,"Cursed Key":9,"MawBank":14},{"Anchor":19,"Juzu Bracelet":19,"Omamori":35,"Red Mask":58,"Cracked Core":0,"Cursed Key":45,"MawBank":73}]},"card_choices":[{"not_picked":["Redo","Darkness"],"picked":"Cold Snap","floor":1.0},{"not_picked":["Stack","Barrage"],"picked":"Ball Lightning","floor":2.0},{"not_picked":["Heatsinks","Skim"],"picked":"Conserve Battery","floor":4.0},{"not_picked":["Compile Driver","Rip and Tear"],"picked":"Genetic Algorithm","floor":5.0},{"not_picked":["Chaos","Stack"],"picked":"Self Repair","floor":7.0},{"not_picked":["Tempest","Steam"],"picked":"Echo Form","floor":12.0},{"not_picked":["Gash","Stack"],"picked":"Capacitor","floor":13},{"not_picked":["Scrape","Aggregate","Stack"],"picked":"SKIP","floor":14},{"not_picked":["Echo Form","Buffer"],"picked":"Rainbow","floor":16},{"not_picked":["Skim+1","Cold Snap"],"picked":"Compile Driver","floor":18},{"not_picked":["Reprogram","Turbo"],"picked":"Go for the Eyes","floor":20},{"not_picked":["Sweeping Beam","Reinforced Body"],"picked":"Doom and Gloom","floor":21},{"not_picked":["Leap","Auto Shields","Capacitor"],"picked":"SKIP","floor":22},{"not_picked":["Coolheaded","Chill"],"picked":"Stack+1","floor":23}],"player_experience":3698843,"relics_obtained":[{"floor":7.0,"key":"Anchor"},{"floor":9.0,"key":"Juzu Bracelet"},{"floor":14,"key":"Omamori"},{"floor":21,"key":"Red Mask"},{"floor":23,"key":"MawBank"}],"event_choices":[{"damage_healed":0.0,"max_hp_gain":0.0,"max_hp_loss":0.0,"gold_gain":0.0,"event_name":"The Woman in Blue","player_choice":"Bought 1 Potion","floor":3.0,"gold_loss":0.0,"damage_taken":0.0},{"damage_healed":0.0,"max_hp_gain":0.0,"max_hp_loss":0.0,"gold_gain":0.0,"event_name":"Lab","player_choice":"Got Potions","floor":11.0,"gold_loss":0.0,"damage_taken":0.0},{"damage_healed":0,"gold_gain":0,"player_choice":"Simplicity","damage_taken":0,"max_hp_gain":0,"max_hp_loss":0,"event_name":"Back to Basics","floor":19,"gold_loss":0,"cards_upgraded":["Strike_B","Strike_B","Strike_B","Strike_B","Defend_B","Defend_B","Defend_B","Defend_B"]},{"damage_healed":0,"gold_gain":0,"player_choice":"Fought Bandits","damage_taken":0,"max_hp_gain":0,"max_hp_loss":0,"event_name":"Masked Bandits","floor":21,"gold_loss":0}],"is_beta":true,"boss_relics":[{"not_picked":["Astrolabe","Runic Dome"],"picked":"Cursed Key"}],"items_purged_floors":[],"is_endless":false,"potions_floor_spawned":[2,5,12,13,16,18,21,23],"killed_by":"Book of Stabbing","ascension_level":20}