{"gold_per_floor":[114,114,126,142,155,185,185,213,213,244,8,8,8,40,40,114,114,128,145,158,158,177,177,205,205,205,205,230,241,268,84,84,160,160,170,181,181,193,193],"floor_reached":39,"playtime":4331,"items_purged":["Strike_B","Strike_B"],"score":1088,"play_id":"210513f1-d867-477f-8211-f819831104ee","local_time":"20210519185440","is_ascension_mode":true,"campfire_choices":[{"floor":7.0,"key":"REST"},{"floor":13.0,"key":"REST"},{"data":"Electrodynamics","floor":15.0,"key":"SMITH"},{"floor":23.0,"key":"REST"},{"floor":25.0,"key":"DIG"},{"floor":27.0,"key":"REST"},{"floor":32,"key":"REST"}],"neow_cost":"TEN_PERCENT_HP_LOSS","seed_source_timestamp":1758645658096300,"circlet_count":0,"master_deck":["AscendersBane","Strike_B","Strike_B","Defend_B","Defend_B","Defend_B","Defend_B","Zap","Dualcast","Electrodynamics+1","Compile Driver","Sweeping Beam","Coolheaded","Cold Snap","White Noise","Conserve Battery","Hologram","Reboot","Turbo+1","Compile Driver","RitualDagger","Coolheaded+1","Compile Driver+1","Double Energy","Defragment","Glacier","Biased Cognition","Hologram+1"],"special_seed":0,"relics":["Cracked Core","Letter Opener","Shovel","TungstenRod","Symbiotic Virus","Lantern","Ginger","PreservedInsect","Fusion Hammer","Pen Nib","CaptainsWheel","Ornamental Fan","Bag of Preparation","Torii","Cursed Key"],"potions_floor_usage":[33],"damage_taken":[{"damage":0.0,"enemies":"Small Slimes","floor":1.0,"turns":2.0},{"damage":0.0,"enemies":"Cultist","floor":3.0,"turns":3.0},{"damage":10.0,"enemies":"2 Louse","floor":4.0,"turns":2.0},{"damage":11.0,"enemies":"Large Slime","floor":5.0,"turns":7.0},{"damage":18.0,"enemies":"3 Sentries","floor":6.0,"turns":4.0},{"damage":8.0,"enemies":"Lagavulin","floor":8.0,"turns":7.0},{"damage":12.0,"enemies":"3 Sentries","floor":10.0,"turns":4.0},{"damage":6.0,"enemies":"Lagavulin","floor":14.0,"turns":5.0},{"damage":0.0,"enemies":"Slime Boss","floor":16.0,"turns":5.0},{"damage":0.0,"enemies":"Chosen","floor":18.0,"turns":3.0},{"damage":21.0,"enemies":"Shell Parasite","floor":19.0,"turns":3.0},{"damage":0.0,"enemies":"Centurion and Healer","floor":20.0,"turns":2.0},{"damage":15.0,"enemies":"Snake Plant","floor":22.0,"turns":3.0},{"damage":0.0,"enemies":"Gremlin Leader","floor":24.0,"turns":3.0},{"damage":14.0,"enemies":"Book of Stabbing","floor":28.0,"turns":4.0},{"damage":0,"enemies":"Chosen and Byrds","floor":29,"turns":4},{"damage":9,"enemies":"Slavers","floor":30,"turns":3},{"damage":46,"enemies":"Collector","floor":33,"turns":13},{"damage":0,"enemies":"Orb Walker","floor":35,"turns":2},{"damage":0,"enemies":"3 Shapes","floor":36,"turns":2},{"damage":17,"enemies":"Transient","floor":38,"turns":6},{"damage":53,"enemies":"Maw","floor":39,"turns":4}],"seed_played":"-5096997797653995644","potions_obtained":[{"floor":1.0,"key":"Explosive Potion"},{"floor":14.0,"key":"LiquidMemories"},{"floor":16.0,"key":"SkillPotion"},{"floor":18.0,"key":"Swift Potion"},{"floor":24.0,"key":"GamblersBrew"},{"floor":28.0,"key":"ColorlessPotion"},{"floor":30,"key":"Ancient Potion"},{"floor":35,"key":"SteroidPotion"}],"is_trial":false,"path_per_floor":["M","?","M","M","M","E","R","E","T","E","$","?","R","E","R","B",null,"M","M","M","?","M","R","E","R","T","R","E","M","E","$","R","B",null,"M","M","?","M","M"],"character_chosen":"DEFECT","items_purchased":["Lantern","Glacier"],"campfire_rested":5,"item_purchase_floors":[11,31],"current_hp_per_floor":[64,64,64,54,43,25,44,36,36,24,24,20,39,33,33,33,56,56,35,35,30,15,34,34,34,34,53,39,39,30,30,49,3,49,49,49,64,47,0],"gold":193,"neow_bonus":"THREE_RARE_CARDS","is_prod":false,"is_daily":false,"chose_seed":false,"campfire_upgraded":1,"win_rate":0,"timestamp":1621475680,"path_taken":["M","?","M","M","?","E","R","E","T","E","$","?","R","E","R","BOSS","M","M","M","?","M","R","E","R","T","R","E","M","E","$","R","BOSS","M","M","?","?","M"],"build_version":"2020-12-18","purchased_purges":2,"victory":false,"max_hp_per_floor":[64,64,64,64,64,64,64,64,64,64,64,64,64,64,64,64,64,64,64,64,64,64,64,64,64,64,64,64,64,64,64,64,64,64,64,64,64,64,64],"relic_stats":{"Shovel":1,"Torii":8,"counters":[22,91],"Ornamental Fan":[40],"PreservedInsect":133,"Pen Nib":[7],"Bag of Preparation":[14],"Letter Opener":[247],"Ginger":[14],"Cursed Key":0,"obtain_stats":[{"Lantern":11,"Torii":30,"PreservedInsect":14,"Pen Nib":24,"Bag of Preparation":28,"Letter Opener":6,"Ginger":12,"Cursed Key":34,"CaptainsWheel":25,"Shovel":8,"Ornamental Fan":26,"Fusion Hammer":17,"Cracked Core":0,"Symbiotic Virus":10,"TungstenRod":9},{"Lantern":7,"Torii":17,"PreservedInsect":8,"Pen Nib":14,"Bag of Preparation":15,"Letter Opener":5,"Ginger":7,"Cursed Key":18,"CaptainsWheel":14,"Shovel":6,"Ornamental Fan":14,"Fusion Hammer":9,"Cracked Core":0,"Symbiotic Virus":7,"TungstenRod":6},{"Lantern":29,"Torii":64,"PreservedInsect":34,"Pen Nib":53,"Bag of Preparation":57,"Letter Opener":18,"Ginger":29,"Cursed Key":77,"CaptainsWheel":53,"Shovel":25,"Ornamental Fan":53,"Fusion Hammer":39,"Cracked Core":0,"Symbiotic Virus":29,"TungstenRod":25}],"TungstenRod":25},"card_choices":[{"not_picked":["All For One","Rainbow"],"picked":"Electrodynamics","floor":0.0},{"not_picked":["Skim","Leap","Streamline"],"picked":"SKIP","floor":1.0},{"not_picked":["Rebound","Scrape"],"picked":"Sweeping Beam","floor":3.0},{"not_picked":["Doom and Gloom","Redo"],"picked":"Coolheaded","floor":4.0},{"not_picked":["Stack","Leap"],"picked":"Consume","floor":5.0},{"not_picked":["Consume","Reinforced Body"],"picked":"Cold Snap","floor":6.0},{"not_picked":["Hello World","Leap"],"picked":"White Noise","floor":8.0},{"not_picked":["Thunder Strike","Stack"],"picked":"Conserve Battery","floor":10.0},{"not_picked":["Amplify","Double Energy"],"picked":"Hologram","floor":14.0},{"not_picked":["Multi-Cast","All For One"],"picked":"Reboot","floor":16.0},{"not_picked":["Rebound+1","Reprogram+1"],"picked":"Turbo+1","floor":18.0},{"not_picked":["Beam Cell","Hologram"],"picked":"Compile Driver","floor":19.0},{"not_picked":["Compile Driver","Hologram","Tempest"],"picked":"SKIP","floor":20.0},{"not_picked":["Compile Driver","Streamline"],"picked":"Coolheaded+1","floor":22.0},{"not_picked":["Sunder","Beam Cell","Cold Snap"],"picked":"SKIP","floor":24.0},{"not_picked":["Beam Cell","Amplify"],"picked":"Compile Driver+1","floor":28.0},{"not_picked":["Cold Snap+1","Hello World"],"picked":"Double Energy","floor":29},{"not_picked":["Streamline","Steam"],"picked":"Defragment","floor":30},{"not_picked":["Buffer","Meteor Strike"],"picked":"Biased Cognition","floor":33},{"not_picked":["Redo","Streamline","Sweeping Beam"],"picked":"SKIP","floor":35},{"not_picked":["Compile Driver","Undo","Turbo+1"],"picked":"SKIP","floor":36},{"not_picked":["White Noise","Reprogram+1"],"picked":"Hologram+1","floor":38}],"player_experience":3721641,"relics_obtained":[{"floor":6.0,"key":"Letter Opener"},{"floor":8.0,"key":"Shovel"},{"floor":9.0,"key":"TungstenRod"},{"floor":10.0,"key":"Symbiotic Virus"},{"floor":14.0,"key":"PreservedInsect"},{"floor":24.0,"key":"Pen Nib"},{"floor":25.0,"key":"CaptainsWheel"},{"floor":26.0,"key":"Ornamental Fan"},{"floor":28.0,"key":"Bag of Preparation"},{"floor":30,"key":"Torii"}],"event_choices":[{"damage_healed":0.0,"max_hp_gain":0.0,"max_hp_loss":0.0,"gold_gain":0.0,"event_name":"Match and Keep!","player_choice":"1 cards matched","floor":2.0,"gold_loss":0.0,"damage_taken":0.0,"cards_obtained":["Compile Driver"]},{"damage_healed":0.0,"max_hp_gain":0.0,"max_hp_loss":0.0,"gold_gain":0.0,"event_name":"Scrap Ooze","player_choice":"Success","floor":12.0,"gold_loss":0.0,"damage_taken":5.0,"relics_obtained":["Ginger"]},{"damage_healed":0.0,"max_hp_gain":0.0,"max_hp_loss":0.0,"gold_gain":0.0,"event_name":"Nest","player_choice":"Joined the Cult","floor":21.0,"gold_loss":0.0,"damage_taken":6.0,"cards_obtained":["RitualDagger"]},{"cards_removed":["Consume"],"damage_healed":15,"gold_gain":0,"player_choice":"Offered Uncommon","damage_taken":0,"max_hp_gain":0,"max_hp_loss":0,"event_name":"Bonfire Elementals","floor":37,"gold_loss":0}],"is_beta":true,"boss_relics":[{"not_picked":["Runic Pyramid","Astrolabe"],"picked":"Fusion Hammer"},{"not_picked":["Sozu","Velvet Choker"],"picked":"Cursed Key"}],"items_purged_floors":[11,31],"is_endless":false,"potions_floor_spawned":[1,14,16,18,24,28,29,30,35],"killed_by":"Maw","ascension_level":20}