{"gold_per_floor":[419,259,272,287,79,111,111,140,140,165,118,136,136],"floor_reached":13,"playtime":1943,"items_purged":["Strike_B"],"score":206,"play_id":"d683d66d-549a-4291-9503-6c98d66ad1fa","local_time":"20210523231157","is_ascension_mode":true,"campfire_choices":[{"floor":7,"key":"REST"}],"neow_cost":"PERCENT_DAMAGE","seed_source_timestamp":246971237239700,"circlet_count":0,"master_deck":["AscendersBane","Strike_B","Strike_B","Strike_B","Defend_B","Defend_B","Defend_B","Defend_B","Zap","Dualcast","Doom and Gloom","All For One","Coolheaded","Go for the Eyes","Barrage","Gash","Hologram","Gash","Coolheaded"],"relics":["Cracked Core","Old Coin","Vajra","Dead Branch","Peace Pipe","CaptainsWheel","Symbiotic Virus"],"potions_floor_usage":[6,8],"damage_taken":[{"damage":0,"enemies":"Small Slimes","floor":1,"turns":3},{"damage":0,"enemies":"2 Louse","floor":3,"turns":3},{"damage":1,"enemies":"Cultist","floor":4,"turns":3},{"damage":11,"enemies":"Gremlin Nob","floor":6,"turns":3},{"damage":24,"enemies":"Lagavulin","floor":8,"turns":6},{"damage":16,"enemies":"3 Sentries","floor":10,"turns":7},{"damage":10,"enemies":"Lots of Slimes","floor":12,"turns":3},{"damage":7,"enemies":"Gremlin Nob","floor":13,"turns":2}],"seed_played":"6441268810476277228","potions_obtained":[{"floor":4,"key":"Strength Potion"},{"floor":6,"key":"Swift Potion"}],"is_trial":false,"path_per_floor":["M","$","M","M","$","E","R","E","T","E","?","M","E"],"character_chosen":"DEFECT","items_purchased":["All For One","Vajra","Barrage"],"campfire_rested":1,"item_purchase_floors":[2,5,5],"current_hp_per_floor":[46,46,46,45,45,34,55,31,31,15,15,5,0],"gold":136,"neow_bonus":"ONE_RARE_RELIC","is_prod":false,"is_daily":false,"chose_seed":false,"campfire_upgraded":0,"win_rate":0,"timestamp":1621836717,"path_taken":["M","$","M","M","$","E","R","E","T","E","?","M","E"],"build_version":"2020-12-18","purchased_purges":1,"victory":false,"max_hp_per_floor":[71,71,71,71,71,71,71,71,71,71,71,71,71],"relic_stats":{"Peace Pipe":0,"counters":[8,30],"Dead Branch":[14],"obtain_stats":[{"Peace Pipe":8,"CaptainsWheel":9,"Dead Branch":6,"Vajra":5,"Cracked Core":0,"Symbiotic Virus":10,"Old Coin":0},{"Peace Pipe":5,"CaptainsWheel":5,"Dead Branch":4,"Vajra":3,"Cracked Core":0,"Symbiotic Virus":6,"Old Coin":0},{"Peace Pipe":18,"CaptainsWheel":18,"Dead Branch":12,"Vajra":9,"Cracked Core":0,"Symbiotic Virus":25,"Old Coin":0}]},"card_choices":[{"not_picked":["Go for the Eyes","Streamline"],"picked":"Doom and Gloom","floor":1},{"not_picked":["Loop","Lockon"],"picked":"Coolheaded","floor":3},{"not_picked":["Leap","Coolheaded"],"picked":"Go for the Eyes","floor":4},{"not_picked":["Redo","Recycle"],"picked":"Gash","floor":6},{"not_picked":["Genetic Algorithm","Machine Learning"],"picked":"Hologram","floor":8},{"not_picked":["Fusion","Rebound"],"picked":"Gash","floor":10},{"not_picked":["Capacitor","Stack"],"picked":"Coolheaded","floor":12}],"player_experience":3781054,"relics_obtained":[{"floor":6,"key":"Dead Branch"},{"floor":8,"key":"Peace Pipe"},{"floor":9,"key":"CaptainsWheel"},{"floor":10,"key":"Symbiotic Virus"}],"event_choices":[{"damage_healed":0,"gold_gain":0,"player_choice":"Left Gold","damage_taken":0,"max_hp_gain":0,"max_hp_loss":0,"event_name":"World of Goop","floor":11,"gold_loss":47}],"is_beta":true,"boss_relics":[],"items_purged_floors":[2],"is_endless":false,"potions_floor_spawned":[4,6],"killed_by":"Gremlin Nob","ascension_level":20}