{"gold_per_floor":[118,33,33,33,33,66,66,96,96,96,115,115,129,145,145,145],"floor_reached":16,"playtime":319,"items_purged":[],"score":316,"play_id":"92ce0173-a1ff-47b4-adc0-d90f2bb8a473","local_time":"20210522203755","is_ascension_mode":true,"campfire_choices":[{"data":"Static Discharge","floor":7.0,"key":"SMITH"},{"data":"Sweeping Beam","floor":10.0,"key":"SMITH"},{"floor":12,"key":"REST"},{"data":"Sweeping Beam","floor":15,"key":"SMITH"}],"neow_cost":"NONE","seed_source_timestamp":152940666182800,"circlet_count":0,"master_deck":["AscendersBane","Strike_B","Strike_B","Strike_B","Strike_B","Defend_B+1","Defend_B","Defend_B+1","Defend_B","Zap","Dualcast","Sweeping Beam+1","Genetic Algorithm","Static Discharge+1","Genetic Algorithm","Capacitor","Sweeping Beam+1"],"special_seed":0,"relics":["Cracked Core","NeowsBlessing","Cables","Ornamental Fan","StoneCalendar","MealTicket","Bird Faced Urn"],"potions_floor_usage":[16,16],"damage_taken":[{"damage":0.0,"enemies":"Small Slimes","floor":1.0,"turns":1.0},{"damage":0.0,"enemies":"Lagavulin","floor":6.0,"turns":1.0},{"damage":0.0,"enemies":"3 Sentries","floor":8.0,"turns":1.0},{"damage":0,"enemies":"2 Louse","floor":11,"turns":1},{"damage":11,"enemies":"Jaw Worm","floor":13,"turns":3},{"damage":22,"enemies":"Large Slime","floor":14,"turns":5},{"damage":31,"enemies":"The Guardian","floor":16,"turns":2}],"seed_played":"4970666337764259927","potions_obtained":[{"floor":11,"key":"PowerPotion"},{"floor":13,"key":"BlessingOfTheForge"}],"is_trial":false,"path_per_floor":["M","$","?","?","T","E","R","E","T","R","M","R","M","M","R","B"],"character_chosen":"DEFECT","items_purchased":["Genetic Algorithm"],"campfire_rested":1,"item_purchase_floors":[2],"current_hp_per_floor":[64,64,43,32,32,32,32,32,32,32,32,53,44,24,24,0],"gold":145,"neow_bonus":"THREE_ENEMY_KILL","is_prod":false,"is_daily":false,"chose_seed":false,"campfire_upgraded":3,"win_rate":0,"timestamp":1621741075,"path_taken":["M","$","?","?","?","E","R","E","T","R","M","R","M","M","R","BOSS"],"build_version":"2020-12-18","purchased_purges":0,"victory":false,"max_hp_per_floor":[71,71,71,71,71,71,71,71,71,71,71,71,71,71,71,71],"relic_stats":{"counters":[7,14],"Ornamental Fan":[0],"Bird Faced Urn":[10],"StoneCalendar":[0],"MealTicket":0,"obtain_stats":[{"NeowsBlessing":0,"Ornamental Fan":5,"Bird Faced Urn":9,"StoneCalendar":6,"MealTicket":8,"Cracked Core":0,"Cables":4},{"NeowsBlessing":0,"Ornamental Fan":1,"Bird Faced Urn":3,"StoneCalendar":2,"MealTicket":3,"Cracked Core":0,"Cables":1},{"NeowsBlessing":0,"Ornamental Fan":1,"Bird Faced Urn":3,"StoneCalendar":2,"MealTicket":3,"Cracked Core":0,"Cables":1}],"Cables":[9,9,0,0,0]},"card_choices":[{"not_picked":["Hologram","Storm"],"picked":"Sweeping Beam","floor":1.0},{"not_picked":["Conserve Battery","Rebound"],"picked":"Static Discharge","floor":6.0},{"not_picked":["Gash","Chaos","Conserve Battery"],"picked":"SKIP","floor":8.0},{"not_picked":["Go for the Eyes","Turbo"],"picked":"Genetic Algorithm","floor":11},{"not_picked":["Rebound","Streamline"],"picked":"Capacitor","floor":13},{"not_picked":["Static Discharge","Hello World"],"picked":"Sweeping Beam","floor":14}],"player_experience":3769075,"relics_obtained":[{"floor":5.0,"key":"Ornamental Fan"},{"floor":6.0,"key":"StoneCalendar"},{"floor":8.0,"key":"MealTicket"},{"floor":9.0,"key":"Bird Faced Urn"}],"event_choices":[{"damage_healed":0.0,"max_hp_gain":0.0,"max_hp_loss":0.0,"gold_gain":0.0,"event_name":"Shining Light","player_choice":"Entered Light","floor":3.0,"gold_loss":0.0,"damage_taken":21.0,"cards_upgraded":["Defend_B","Defend_B"]},{"damage_healed":0.0,"max_hp_gain":0.0,"max_hp_loss":0.0,"gold_gain":0.0,"event_name":"Scrap Ooze","player_choice":"Success","floor":4.0,"gold_loss":0.0,"damage_taken":11.0,"relics_obtained":["Cables"]}],"is_beta":true,"boss_relics":[],"items_purged_floors":[],"is_endless":false,"potions_floor_spawned":[11,13],"killed_by":"The Guardian","ascension_level":20}