{"gold_per_floor":[117,129,145,145,162,162,179,189,216,248,260,291,303,342,354,443,455,479,491,523,549,572,584,626,638,650,677,701,713,725,766,778,867,929,954,302,317,336,352,352,386,386,386,386,412,392,392,411,411,411,411,411,411,10,44,44],"floor_reached":57,"playtime":5043,"items_purged":["Strike_B+1","Strike_B+1"],"score":2807,"play_id":"2382e13d-0325-4172-a7d9-813aa025d9ef","local_time":"20210521223313","is_ascension_mode":true,"campfire_choices":[{"data":"Defragment","floor":11.0,"key":"SMITH"},{"data":"Electrodynamics","floor":15.0,"key":"SMITH"},{"data":"Defragment","floor":23.0,"key":"SMITH"},{"data":"Creative AI","floor":25.0,"key":"SMITH"},{"floor":29.0,"key":"REST"},{"data":"Capacitor","floor":32.0,"key":"SMITH"},{"data":"Consume","floor":40.0,"key":"SMITH"},{"data":"Fission","floor":42.0,"key":"SMITH"},{"floor":47.0,"key":"RECALL"},{"data":"Aggregate","floor":49.0,"key":"SMITH"},{"data":"Reboot","floor":53.0,"key":"SMITH"}],"neow_cost":"NONE","seed_source_timestamp":68690793912900,"circlet_count":0,"master_deck":["AscendersBane","Defend_B+1","Defend_B+1","Defend_B+1","Defend_B+1","Zap","Dualcast+1","Compile Driver","Defragment+1","Conserve Battery","Electrodynamics+1","Cold Snap","Cold Snap","Genetic Algorithm","Ball Lightning","Reboot","Creative AI+1","Coolheaded+1","Defragment+1","Coolheaded+1","Conserve Battery+1","Fusion+1","Reboot+1","Capacitor+1","Fission+1","Heatsinks","Barrage+1","Compile Driver","Consume+1","Aggregate+1","Go for the Eyes","Consume+1"],"special_seed":0,"relics":["Cracked Core","War Paint","Symbiotic Virus","Bag of Marbles","MawBank","Nunchaku","Philosopher\u0027s Stone","Question Card","Matryoshka","DataDisk","Tiny House","Bird Faced Urn","Pantograph","TungstenRod","Toy Ornithopter","Mercury Hourglass","Sundial","Runic Capacitor","Blood Vial"],"potions_floor_usage":[56,56],"damage_taken":[{"damage":1.0,"enemies":"Cultist","floor":1.0,"turns":3.0},{"damage":12.0,"enemies":"Small Slimes","floor":2.0,"turns":2.0},{"damage":0.0,"enemies":"2 Louse","floor":3.0,"turns":3.0},{"damage":8.0,"enemies":"Large Slime","floor":5.0,"turns":6.0},{"damage":7.0,"enemies":"Gremlin Gang","floor":7.0,"turns":4.0},{"damage":0.0,"enemies":"2 Fungi Beasts","floor":8.0,"turns":3.0},{"damage":7.0,"enemies":"3 Sentries","floor":10.0,"turns":3.0},{"damage":6.0,"enemies":"Red Slaver","floor":12.0,"turns":2.0},{"damage":8.0,"enemies":"Lagavulin","floor":14.0,"turns":5.0},{"damage":9.0,"enemies":"The Guardian","floor":16.0,"turns":10.0},{"damage":0.0,"enemies":"Spheric Guardian","floor":18.0,"turns":3.0},{"damage":0.0,"enemies":"Chosen","floor":20.0,"turns":3.0},{"damage":0.0,"enemies":"Snecko","floor":21.0,"turns":4.0},{"damage":7.0,"enemies":"Snake Plant","floor":22.0,"turns":3.0},{"damage":8.0,"enemies":"Book of Stabbing","floor":24.0,"turns":5.0},{"damage":0.0,"enemies":"Centurion and Healer","floor":27.0,"turns":5.0},{"damage":1.0,"enemies":"Chosen and Byrds","floor":28.0,"turns":5.0},{"damage":0.0,"enemies":"Gremlin Leader","floor":31.0,"turns":5.0},{"damage":23.0,"enemies":"Collector","floor":33.0,"turns":9.0},{"damage":8.0,"enemies":"Orb Walker","floor":35.0,"turns":5.0},{"damage":1.0,"enemies":"3 Shapes","floor":37.0,"turns":4.0},{"damage":2.0,"enemies":"Sphere and 2 Shapes","floor":38.0,"turns":4.0},{"damage":0.0,"enemies":"4 Shapes","floor":39.0,"turns":5.0},{"damage":7.0,"enemies":"Nemesis","floor":41.0,"turns":9.0},{"damage":0.0,"enemies":"Giant Head","floor":45.0,"turns":8.0},{"damage":4.0,"enemies":"Maw","floor":48.0,"turns":8.0},{"damage":4.0,"enemies":"Donu and Deca","floor":50.0,"turns":6.0},{"damage":89.0,"enemies":"Awakened One","floor":51.0,"turns":15.0},{"damage":9.0,"enemies":"Shield and Spear","floor":55.0,"turns":6.0},{"damage":72,"enemies":"The Heart","floor":56,"turns":10}],"seed_played":"5850240323882861299","potions_obtained":[{"floor":5.0,"key":"EntropicBrew"},{"floor":7.0,"key":"Weak Potion"},{"floor":14.0,"key":"SteroidPotion"},{"floor":16.0,"key":"PowerPotion"},{"floor":27.0,"key":"AttackPotion"},{"floor":33.0,"key":"SkillPotion"},{"floor":39.0,"key":"FearPotion"},{"floor":41.0,"key":"Dexterity Potion"}],"is_trial":false,"path_per_floor":["M","M","M","$","M","?","M","M","T","E","R","M","T","E","R","B",null,"M","?","M","M","M","R","E","R","T","M","M","R","?","E","R","B",null,"M","$","M","M","M","R","E","R","T","$","E","?","R","M","R","B","B",null,"R","$","E","B",null],"character_chosen":"DEFECT","items_purchased":["Bird Faced Urn","Pantograph","Runic Capacitor","PotionOfCapacity","Weak Potion"],"campfire_rested":1,"item_purchase_floors":[36,36,54,54,54],"current_hp_per_floor":[63,51,51,51,43,43,36,36,36,29,29,23,23,15,15,6,55,55,55,55,55,48,48,40,40,40,40,39,60,60,60,60,37,68,60,60,65,76,76,76,75,75,75,75,76,76,76,76,76,76,36,66,66,66,76,30],"gold":44,"neow_bonus":"RANDOM_COMMON_RELIC","is_prod":false,"is_daily":false,"chose_seed":false,"campfire_upgraded":9,"win_rate":0,"timestamp":1621661593,"path_taken":["M","M","M","?","M","?","?","M","T","E","R","M","?","E","R","BOSS","M","?","M","M","M","R","E","R","T","M","M","R","?","E","R","BOSS","M","$","M","M","M","R","E","R","T","$","E","?","R","?","R","BOSS","BOSS","R","$","E","BOSS"],"build_version":"2020-12-18","purchased_purges":2,"victory":true,"max_hp_per_floor":[71,71,71,71,71,71,71,71,71,71,71,71,71,71,71,71,71,71,71,71,71,71,71,71,71,71,71,71,71,71,71,71,71,76,76,76,76,76,76,76,76,76,76,76,76,76,76,76,76,76,76,76,76,76,76,76],"relic_stats":{"counters":[30,162],"War Paint":["Defend_B","Dualcast"],"MawBank":312,"Question Card":13,"Mercury Hourglass":[175],"Blood Vial":0,"Nunchaku":[21],"Sundial":[12],"Bird Faced Urn":[117],"Pantograph":0,"obtain_stats":[{"Tiny House":34,"Runic Capacitor":54,"War Paint":0,"MawBank":10,"Question Card":24,"Mercury Hourglass":43,"Blood Vial":55,"Nunchaku":14,"DataDisk":31,"Matryoshka":26,"Sundial":45,"Bird Faced Urn":36,"Pantograph":36,"Philosopher\u0027s Stone":17,"Bag of Marbles":9,"Cracked Core":0,"Symbiotic Virus":6,"TungstenRod":41,"Toy Ornithopter":43},{"Tiny House":19,"Runic Capacitor":28,"War Paint":0,"MawBank":7,"Question Card":15,"Mercury Hourglass":24,"Blood Vial":29,"Nunchaku":9,"DataDisk":18,"Matryoshka":15,"Sundial":25,"Bird Faced Urn":20,"Pantograph":20,"Philosopher\u0027s Stone":10,"Bag of Marbles":6,"Cracked Core":0,"Symbiotic Virus":4,"TungstenRod":24,"Toy Ornithopter":24},{"Tiny House":83,"Runic Capacitor":147,"War Paint":0,"MawBank":24,"Question Card":59,"Mercury Hourglass":110,"Blood Vial":152,"Nunchaku":31,"DataDisk":74,"Matryoshka":59,"Sundial":118,"Bird Faced Urn":88,"Pantograph":88,"Philosopher\u0027s Stone":41,"Bag of Marbles":21,"Cracked Core":0,"Symbiotic Virus":14,"TungstenRod":110,"Toy Ornithopter":110}],"TungstenRod":39,"Toy Ornithopter":11},"card_choices":[{"not_picked":["Hologram","Gash"],"picked":"Compile Driver","floor":1.0},{"not_picked":["Capacitor","Steam Power"],"picked":"Defragment","floor":2.0},{"not_picked":["Hologram","Steam"],"picked":"Conserve Battery","floor":3.0},{"not_picked":["Doom and Gloom","Recycle"],"picked":"Electrodynamics","floor":5.0},{"not_picked":["Hologram","Conserve Battery"],"picked":"Cold Snap","floor":7.0},{"not_picked":["Streamline","Leap"],"picked":"Cold Snap","floor":8.0},{"not_picked":["Blizzard","Ball Lightning"],"picked":"Genetic Algorithm","floor":10.0},{"not_picked":["Scrape","Conserve Battery"],"picked":"Ball Lightning","floor":12.0},{"not_picked":["FTL","Beam Cell"],"picked":"Reboot","floor":14.0},{"not_picked":["Meteor Strike","Buffer"],"picked":"Creative AI","floor":16.0},{"not_picked":["Streamline","Gash"],"picked":"Coolheaded+1","floor":18.0},{"not_picked":["Turbo","Rebound","Cold Snap"],"picked":"SKIP","floor":20.0},{"not_picked":["Go for the Eyes","Barrage","Gash"],"picked":"SKIP","floor":21.0},{"not_picked":["Beam Cell+1","Sweeping Beam"],"picked":"Defragment","floor":22.0},{"not_picked":["Gash+1","Creative AI"],"picked":"Coolheaded+1","floor":24.0},{"not_picked":["Leap+1","Rip and Tear","Coolheaded","Barrage"],"picked":"SKIP","floor":27.0},{"not_picked":["Steam Power","Leap","Coolheaded"],"picked":"Conserve Battery+1","floor":28.0},{"not_picked":["Streamline+1","Lockon","Meteor Strike"],"picked":"Capacitor","floor":31.0},{"not_picked":["All For One","Meteor Strike","Thunder Strike"],"picked":"Fission","floor":33.0},{"not_picked":["Coolheaded","Barrage","Gash+1"],"picked":"Heatsinks","floor":34.0},{"not_picked":["Force Field","Leap+1","Sweeping Beam"],"picked":"Barrage+1","floor":35.0},{"not_picked":["All For One","Sweeping Beam+1","Beam Cell"],"picked":"Compile Driver","floor":37.0},{"not_picked":["Steam","Sunder","Chill"],"picked":"Consume","floor":38.0},{"not_picked":["Sweeping Beam+1","Rebound+1","Steam Power+1","Compile Driver"],"picked":"SKIP","floor":39.0},{"not_picked":["Fission","Consume","Go for the Eyes"],"picked":"Aggregate","floor":41.0},{"not_picked":["Steam Power","Recycle","Blizzard"],"picked":"Go for the Eyes","floor":45.0},{"not_picked":["Auto Shields","Storm","Compile Driver","Leap+1"],"picked":"SKIP","floor":48.0},{"not_picked":["Core Surge","Multi-Cast","Gash"],"picked":"Consume+1","floor":55.0}],"player_experience":3747654,"relics_obtained":[{"floor":9.0,"key":"Bag of Marbles"},{"floor":10.0,"key":"MawBank"},{"floor":14.0,"key":"Nunchaku"},{"floor":24.0,"key":"Question Card"},{"floor":26.0,"key":"Matryoshka"},{"floor":31.0,"key":"DataDisk"},{"floor":41.0,"key":"TungstenRod"},{"floor":43.0,"key":"Toy Ornithopter"},{"floor":43.0,"key":"Mercury Hourglass"},{"floor":45.0,"key":"Sundial"},{"floor":55.0,"key":"Blood Vial"}],"event_choices":[{"damage_healed":0.0,"max_hp_gain":0.0,"max_hp_loss":0.0,"gold_gain":0.0,"event_name":"WeMeetAgain","player_choice":"Gave Potion","floor":6.0,"gold_loss":0.0,"damage_taken":0.0,"relics_obtained":["Symbiotic Virus"]},{"damage_healed":0.0,"max_hp_gain":0.0,"max_hp_loss":0.0,"gold_gain":0.0,"event_name":"Back to Basics","player_choice":"Simplicity","floor":19.0,"gold_loss":0.0,"damage_taken":0.0,"cards_upgraded":["Strike_B","Strike_B","Strike_B","Strike_B","Defend_B","Defend_B","Defend_B"]},{"damage_healed":0.0,"max_hp_gain":0.0,"max_hp_loss":0.0,"gold_gain":0.0,"cards_transformed":["Strike_B","Strike_B"],"event_name":"Drug Dealer","player_choice":"Became Test Subject","floor":30.0,"gold_loss":0.0,"damage_taken":0.0,"cards_obtained":["Fusion","Reboot"]},{"damage_healed":0.0,"max_hp_gain":0.0,"max_hp_loss":0.0,"gold_gain":0.0,"event_name":"The Woman in Blue","player_choice":"Bought 1 Potion","floor":46.0,"gold_loss":0.0,"damage_taken":0.0}],"is_beta":true,"boss_relics":[{"not_picked":["Sozu","Calling Bell"],"picked":"Philosopher\u0027s Stone"},{"not_picked":["SacredBark","Runic Pyramid"],"picked":"Tiny House"}],"items_purged_floors":[36,54],"is_endless":false,"potions_floor_spawned":[5,7,14,16,21,27,33,39,41,45,55],"ascension_level":20}