{"gold_per_floor":[113,132,24,41,41,41,53,81,107,123,45,45,45,78,78,78],"floor_reached":16,"playtime":2095,"items_purged":[],"score":220,"play_id":"08f96ed9-7482-412e-b1c0-56f3e338d1cd","local_time":"20210521160600","is_ascension_mode":true,"campfire_choices":[{"floor":6,"key":"REST"},{"floor":13,"key":"REST"},{"data":"Fission","floor":15,"key":"SMITH"}],"neow_cost":"NONE","seed_source_timestamp":48448255138700,"circlet_count":0,"master_deck":["AscendersBane","Strike_B","Strike_B","Strike_B","Strike_B","Defend_B","Defend_B","Defend_B","Defend_B","Zap","Dualcast+1","Cold Snap","Genetic Algorithm+1","Ball Lightning","Go for the Eyes","Glacier","Seek","Compile Driver","Self Repair","Fission+1"],"special_seed":0,"relics":["Cracked Core","Dream Catcher","Ornamental Fan","InkBottle","Orichalcum","Gremlin Horn","War Paint"],"potions_floor_usage":[8,16],"damage_taken":[{"damage":7.0,"enemies":"Cultist","floor":1.0,"turns":4.0},{"damage":1,"enemies":"2 Louse","floor":2,"turns":3},{"damage":9,"enemies":"Small Slimes","floor":4,"turns":3},{"damage":5,"enemies":"2 Fungi Beasts","floor":7,"turns":3},{"damage":48,"enemies":"Gremlin Nob","floor":8,"turns":5},{"damage":0,"enemies":"Red Slaver","floor":10,"turns":5},{"damage":8,"enemies":"3 Sentries","floor":14,"turns":9},{"damage":43,"enemies":"Slime Boss","floor":16,"turns":8}],"seed_played":"3611024115528006155","potions_obtained":[{"floor":4,"key":"DuplicationPotion"}],"is_trial":false,"path_per_floor":["M","M","$","M","T","R","M","E","T","M","$","?","R","E","R","B"],"character_chosen":"DEFECT","items_purchased":["Ball Lightning","AttackPotion","Self Repair"],"campfire_rested":2,"item_purchase_floors":[3,3,11],"current_hp_per_floor":[57,56,56,47,47,68,63,15,15,15,15,15,36,35,35,0],"gold":78,"neow_bonus":"RANDOM_COMMON_RELIC","is_prod":false,"is_daily":false,"chose_seed":false,"campfire_upgraded":1,"win_rate":0,"timestamp":1621638360,"path_taken":["M","M","$","M","?","R","M","E","T","?","?","?","R","E","R","BOSS"],"build_version":"2020-12-18","purchased_purges":0,"victory":false,"max_hp_per_floor":[71,71,71,71,71,71,71,71,71,71,71,71,71,71,71,71],"relic_stats":{"Dream Catcher":2,"Gremlin Horn":[2,2],"counters":[8,40],"Ornamental Fan":[28],"Orichalcum":[6],"War Paint":["Genetic Algorithm","Dualcast"],"obtain_stats":[{"Dream Catcher":0,"Gremlin Horn":12,"Ornamental Fan":5,"Orichalcum":9,"War Paint":14,"Cracked Core":0,"InkBottle":8},{"Dream Catcher":0,"Gremlin Horn":6,"Ornamental Fan":3,"Orichalcum":5,"War Paint":7,"Cracked Core":0,"InkBottle":5},{"Dream Catcher":0,"Gremlin Horn":23,"Ornamental Fan":10,"Orichalcum":18,"War Paint":32,"Cracked Core":0,"InkBottle":18}],"InkBottle":[7]},"card_choices":[{"not_picked":["Stack","Streamline"],"picked":"Cold Snap","floor":1.0},{"not_picked":["Auto Shields","Coolheaded"],"picked":"Genetic Algorithm","floor":2},{"not_picked":["Streamline","Skim","Stack"],"picked":"SKIP","floor":4},{"not_picked":["Stack","Redo"],"picked":"Go for the Eyes","floor":6},{"not_picked":["Steam","Streamline"],"picked":"Glacier","floor":7},{"not_picked":["Streamline","Stack"],"picked":"Seek","floor":8},{"not_picked":["Rebound","Cold Snap"],"picked":"Compile Driver","floor":10},{"not_picked":["Barrage","Auto Shields"],"picked":"Fission","floor":14}],"player_experience":3743910,"relics_obtained":[{"floor":5,"key":"Ornamental Fan"},{"floor":8,"key":"InkBottle"},{"floor":9,"key":"Orichalcum"},{"floor":14,"key":"War Paint"}],"event_choices":[{"damage_healed":0,"gold_gain":0,"player_choice":"Searched \u00271\u0027 times","damage_taken":0,"relics_obtained":["Gremlin Horn"],"max_hp_gain":0,"max_hp_loss":0,"event_name":"Dead Adventurer","floor":12,"gold_loss":0}],"is_beta":true,"boss_relics":[],"items_purged_floors":[],"is_endless":false,"potions_floor_spawned":[4,7],"killed_by":"Slime Boss","ascension_level":20}