{"gold_per_floor":[122,143,168,168,41,75,94,94,94,133,156,165,165,184,184,269,269,298,24,24,68,77,77,77],"floor_reached":24,"playtime":2247,"items_purged":[],"score":508,"play_id":"f13db8d5-2b71-4d8d-b7ad-28ed341eb1fc","local_time":"20210525173242","is_ascension_mode":true,"campfire_choices":[{"data":"Sunder","floor":8,"key":"SMITH"},{"data":"Defragment","floor":13,"key":"SMITH"},{"floor":15,"key":"REST"},{"floor":23,"key":"REST"}],"neow_cost":"NONE","seed_source_timestamp":399111882898100,"circlet_count":0,"master_deck":["AscendersBane","Strike_B","Strike_B","Strike_B","Defend_B","Defend_B","Defend_B","Defend_B","Zap","Dualcast","Compile Driver","Ball Lightning","Storm","Sunder+1","Cold Snap","Core Surge","Compile Driver","Defragment+1","Echo Form","Biased Cognition","Cold Snap","Turbo+1","Decay"],"relics":["Cracked Core","CeramicFish","InkBottle","The Courier","Symbiotic Virus","Inserter","Calipers","Red Mask"],"potions_floor_usage":[6,10,10,14,18,21],"damage_taken":[{"damage":7,"enemies":"Jaw Worm","floor":1,"turns":3},{"damage":2,"enemies":"2 Louse","floor":2,"turns":3},{"damage":0,"enemies":"Small Slimes","floor":3,"turns":2},{"damage":32,"enemies":"Gremlin Nob","floor":6,"turns":4},{"damage":6,"enemies":"Blue Slaver","floor":7,"turns":3},{"damage":28,"enemies":"Lagavulin","floor":10,"turns":7},{"damage":0,"enemies":"2 Fungi Beasts","floor":11,"turns":1},{"damage":0,"enemies":"3 Louse","floor":14,"turns":2},{"damage":0,"enemies":"Slime Boss","floor":16,"turns":5},{"damage":11,"enemies":"Spheric Guardian","floor":18,"turns":3},{"damage":47,"enemies":"Masked Bandits","floor":21,"turns":4},{"damage":33,"enemies":"Gremlin Leader","floor":24,"turns":2}],"seed_played":"-2640896320202106709","potions_obtained":[{"floor":6,"key":"Regen Potion"},{"floor":7,"key":"ColorlessPotion"},{"floor":10,"key":"SkillPotion"},{"floor":11,"key":"GamblersBrew"},{"floor":16,"key":"SteroidPotion"}],"is_trial":false,"path_per_floor":["M","M","M","?","$","E","M","R","T","E","M","?","R","M","R","B",null,"M","$","?","?","?","R","E"],"character_chosen":"DEFECT","items_purchased":["Sunder","SteroidPotion","Calipers"],"campfire_rested":2,"item_purchase_floors":[5,5,19],"current_hp_per_floor":[57,55,55,60,60,28,22,22,22,9,9,9,9,9,31,31,65,54,54,54,7,7,29,0],"gold":77,"neow_bonus":"RANDOM_COMMON_RELIC","is_prod":false,"is_daily":false,"chose_seed":false,"campfire_upgraded":2,"win_rate":0,"timestamp":1621989162,"path_taken":["M","M","M","?","$","E","M","R","T","E","M","?","R","M","R","BOSS","M","$","?","?","?","R","E"],"build_version":"2020-12-18","purchased_purges":0,"victory":false,"max_hp_per_floor":[71,71,71,76,76,76,76,76,76,76,76,76,76,76,76,76,76,76,76,76,76,76,76,76],"relic_stats":{"Inserter":[4],"counters":[12,39],"CeramicFish":117,"obtain_stats":[{"Inserter":17,"Calipers":19,"CeramicFish":0,"The Courier":9,"Red Mask":21,"Cracked Core":0,"Symbiotic Virus":10,"InkBottle":6},{"Inserter":9,"Calipers":10,"CeramicFish":0,"The Courier":5,"Red Mask":11,"Cracked Core":0,"Symbiotic Virus":6,"InkBottle":4},{"Inserter":30,"Calipers":33,"CeramicFish":0,"The Courier":15,"Red Mask":37,"Cracked Core":0,"Symbiotic Virus":22,"InkBottle":12}],"InkBottle":[7]},"card_choices":[{"not_picked":["Beam Cell","Darkness"],"picked":"Compile Driver","floor":1},{"not_picked":["Heatsinks","Stack"],"picked":"Ball Lightning","floor":2},{"not_picked":["Hologram","Capacitor"],"picked":"Storm","floor":3},{"not_picked":["Go for the Eyes","Stack"],"picked":"Cold Snap","floor":6},{"not_picked":["Rebound","Steam"],"picked":"Core Surge","floor":7},{"not_picked":["Stack","Melter"],"picked":"Compile Driver","floor":10},{"not_picked":["Fusion","Steam Power"],"picked":"Defragment","floor":11},{"not_picked":["Consume","Rip and Tear","Steam"],"picked":"SKIP","floor":14},{"not_picked":["Electrodynamics","Fission"],"picked":"Biased Cognition","floor":16},{"not_picked":["Hologram","Heatsinks"],"picked":"Cold Snap","floor":18},{"not_picked":["Steam","Coolheaded"],"picked":"Turbo+1","floor":21}],"player_experience":3796487,"relics_obtained":[{"floor":6,"key":"InkBottle"},{"floor":9,"key":"The Courier"},{"floor":10,"key":"Symbiotic Virus"},{"floor":21,"key":"Red Mask"}],"event_choices":[{"damage_healed":0,"gold_gain":0,"player_choice":"Donut","damage_taken":0,"max_hp_gain":5,"max_hp_loss":0,"event_name":"Big Fish","floor":4,"gold_loss":0},{"damage_healed":0,"gold_gain":0,"cards_transformed":["Strike_B"],"player_choice":"Change","damage_taken":0,"max_hp_gain":0,"max_hp_loss":0,"event_name":"Living Wall","floor":12,"gold_loss":0,"cards_obtained":["Echo Form"]},{"damage_healed":0,"gold_gain":0,"player_choice":"Fought Bandits","damage_taken":0,"max_hp_gain":0,"max_hp_loss":0,"event_name":"Masked Bandits","floor":21,"gold_loss":0},{"damage_healed":0,"gold_gain":0,"player_choice":"Smashed Altar","damage_taken":0,"max_hp_gain":0,"max_hp_loss":0,"event_name":"Forgotten Altar","floor":22,"gold_loss":0,"cards_obtained":["Decay"]}],"is_beta":true,"boss_relics":[{"not_picked":["Runic Dome","Empty Cage"],"picked":"Inserter"}],"items_purged_floors":[],"is_endless":false,"potions_floor_spawned":[6,7,10,11,16],"killed_by":"Gremlin Leader","ascension_level":20}