{"gold_per_floor":[109,122,122,134,30,30,103,128,128,154,170,170,188,216,216,294,294,310,325,341,3,3,3,31,48,48,73,87,87,118,131,131,208,208,220,110,127,47,47,47,60,95,120,120,135,169,169,184,184,184,184,184,184,48,78,78],"floor_reached":56,"playtime":4518,"items_purged":["Strike_B"],"score":2049,"play_id":"e8894c4f-91af-4bef-a23b-6a641ca83885","local_time":"20210526111029","is_ascension_mode":true,"campfire_choices":[{"data":"Barrage","floor":6.0,"key":"SMITH"},{"data":"Doom and Gloom","floor":12.0,"key":"SMITH"},{"data":"Compile Driver","floor":15.0,"key":"SMITH"},{"floor":23.0,"key":"REST"},{"data":"Buffer","floor":29.0,"key":"SMITH"},{"floor":32.0,"key":"REST"},{"floor":40.0,"key":"REST"},{"data":"Defragment","floor":44.0,"key":"SMITH"},{"floor":47.0,"key":"RECALL"},{"floor":49.0,"key":"REST"},{"data":"Creative AI","floor":53,"key":"SMITH"}],"neow_cost":"NONE","seed_source_timestamp":0,"circlet_count":0,"master_deck":["AscendersBane","Strike_B","Strike_B","Defend_B","Defend_B","Defend_B","Defend_B","Zap","Dualcast","Doom and Gloom+1","Cold Snap","Barrage+1","Ball Lightning","Coolheaded","Core Surge","Compile Driver+1","Creative AI+1","Darkness+1","Coolheaded","Reinforced Body","Barrage+1","Buffer+1","Heatsinks","Cold Snap+1","Undo+1","Seek+1","Leap+1","Rainbow+1","Chill+1","Redo+1","Defragment+1","Glacier+1","Hologram+1","White Noise+1","Coolheaded+1"],"special_seed":0,"relics":["Velvet Choker","White Beast Statue","Bag of Preparation","Regal Pillow","Blood Vial","Lantern","SlaversCollar","DataDisk","OrangePellets","HornCleat","Toxic Egg 2","Kunai","Pantograph","Inserter","Gremlin Horn","Du-Vu Doll","Letter Opener"],"potions_floor_usage":[55,56,56],"damage_taken":[{"damage":1.0,"enemies":"Cultist","floor":1.0,"turns":4.0},{"damage":4.0,"enemies":"Jaw Worm","floor":2.0,"turns":3.0},{"damage":15.0,"enemies":"Small Slimes","floor":4.0,"turns":3.0},{"damage":15.0,"enemies":"Lagavulin","floor":8.0,"turns":4.0},{"damage":0.0,"enemies":"3 Sentries","floor":10.0,"turns":3.0},{"damage":0.0,"enemies":"2 Fungi Beasts","floor":11.0,"turns":3.0},{"damage":4.0,"enemies":"Exordium Wildlife","floor":13.0,"turns":3.0},{"damage":13.0,"enemies":"Lagavulin","floor":14.0,"turns":7.0},{"damage":5.0,"enemies":"Hexaghost","floor":16.0,"turns":7.0},{"damage":21.0,"enemies":"Shell Parasite","floor":18.0,"turns":5.0},{"damage":19.0,"enemies":"3 Byrds","floor":19.0,"turns":4.0},{"damage":12.0,"enemies":"Shelled Parasite and Fungi","floor":20.0,"turns":3.0},{"damage":5.0,"enemies":"Gremlin Leader","floor":24.0,"turns":5.0},{"damage":0.0,"enemies":"3 Cultists","floor":25.0,"turns":3.0},{"damage":14.0,"enemies":"Slavers","floor":27.0,"turns":5.0},{"damage":0.0,"enemies":"Cultist and Chosen","floor":28.0,"turns":5.0},{"damage":34.0,"enemies":"Book of Stabbing","floor":30.0,"turns":5.0},{"damage":0.0,"enemies":"Centurion and Healer","floor":31.0,"turns":6.0},{"damage":35.0,"enemies":"Collector","floor":33.0,"turns":11.0},{"damage":0.0,"enemies":"Orb Walker","floor":35.0,"turns":4.0},{"damage":44.0,"enemies":"3 Darklings","floor":37.0,"turns":8.0},{"damage":0.0,"enemies":"Jaw Worm Horde","floor":41.0,"turns":5.0},{"damage":15.0,"enemies":"Nemesis","floor":42.0,"turns":7.0},{"damage":0.0,"enemies":"Maw","floor":45.0,"turns":7.0},{"damage":21.0,"enemies":"Giant Head","floor":46.0,"turns":8.0},{"damage":0.0,"enemies":"Spire Growth","floor":48.0,"turns":8.0},{"damage":2,"enemies":"Time Eater","floor":50,"turns":12},{"damage":1,"enemies":"Awakened One","floor":51,"turns":18},{"damage":52,"enemies":"Shield and Spear","floor":55,"turns":11},{"damage":48,"enemies":"The Heart","floor":56,"turns":5}],"seed_played":"5460385260402959322","potions_obtained":[{"floor":1.0,"key":"Strength Potion"},{"floor":2.0,"key":"PowerPotion"},{"floor":8.0,"key":"FairyPotion"},{"floor":10.0,"key":"LiquidBronze"},{"floor":11.0,"key":"Energy Potion"},{"floor":14.0,"key":"Strength Potion"},{"floor":16.0,"key":"Dexterity Potion"},{"floor":18.0,"key":"ColorlessPotion"},{"floor":19.0,"key":"FocusPotion"},{"floor":20.0,"key":"SpeedPotion"},{"floor":24.0,"key":"ColorlessPotion"},{"floor":27.0,"key":"Dexterity Potion"},{"floor":28.0,"key":"FocusPotion"},{"floor":30.0,"key":"Fire Potion"},{"floor":33.0,"key":"SkillPotion"},{"floor":35.0,"key":"LiquidBronze"},{"floor":37.0,"key":"Ancient Potion"},{"floor":41.0,"key":"Explosive Potion"},{"floor":42.0,"key":"Explosive Potion"},{"floor":45.0,"key":"ColorlessPotion"},{"floor":46.0,"key":"Energy Potion"},{"floor":48.0,"key":"Energy Potion"},{"floor":55,"key":"AttackPotion"}],"is_trial":false,"path_per_floor":["M","M","$","M","$","R","T","E","T","E","M","R","M","E","R","B",null,"M","M","M","$","?","R","E","M","T","E","M","R","E","M","R","B",null,"M","?","M","$","?","R","M","E","T","R","M","E","R","M","R","B","B",null,"R","$","E","B"],"character_chosen":"DEFECT","items_purchased":["Ball Lightning","DataDisk","OrangePellets","Defragment","DuplicationPotion","Coolheaded+1"],"campfire_rested":4,"item_purchase_floors":[5,21,21,38,54,54],"current_hp_per_floor":[63,59,59,44,44,44,44,29,29,29,31,31,29,18,18,15,57,38,21,11,11,11,47,44,46,46,34,36,36,4,6,42,34,62,64,64,22,22,22,58,60,47,47,47,49,30,30,32,68,69,70,71,71,71,19,0],"gold":78,"neow_bonus":"BOSS_RELIC","is_prod":false,"is_daily":false,"chose_seed":false,"campfire_upgraded":6,"win_rate":0,"timestamp":1622052629,"path_taken":["M","M","?","M","$","R","?","E","T","E","M","R","?","E","R","BOSS","M","M","?","?","?","R","E","M","T","E","M","R","E","?","R","BOSS","M","?","?","$","?","R","?","E","T","R","M","E","R","M","R","BOSS","BOSS","R","$","E","BOSS"],"build_version":"2020-12-18","purchased_purges":1,"victory":false,"max_hp_per_floor":[71,71,71,71,71,71,71,71,71,71,71,71,71,71,71,71,71,71,71,71,71,71,71,71,71,71,71,71,71,71,71,71,71,71,71,71,71,71,71,71,71,71,71,71,71,71,71,71,71,71,71,71,71,71,71,71],"relic_stats":{"Blood Vial":44,"OrangePellets":[10],"Regal Pillow":60,"Inserter":[43],"Gremlin Horn":[4,4],"counters":[30,182],"Pantograph":55,"Bag of Preparation":[52],"Kunai":[16],"Letter Opener":[20],"obtain_stats":[{"Regal Pillow":9,"Lantern":14,"Inserter":34,"Gremlin Horn":42,"Velvet Choker":0,"Bag of Preparation":8,"Letter Opener":55,"White Beast Statue":7,"Blood Vial":10,"Du-Vu Doll":46,"SlaversCollar":17,"OrangePellets":21,"DataDisk":21,"HornCleat":24,"Pantograph":30,"Kunai":27,"Toxic Egg 2":26,"Cracked Core":0},{"Regal Pillow":4,"Lantern":8,"Inserter":19,"Gremlin Horn":23,"Velvet Choker":0,"Bag of Preparation":4,"Letter Opener":29,"White Beast Statue":3,"Blood Vial":5,"Du-Vu Doll":25,"SlaversCollar":9,"OrangePellets":12,"DataDisk":12,"HornCleat":13,"Pantograph":17,"Kunai":15,"Toxic Egg 2":14,"Cracked Core":0},{"Regal Pillow":14,"Lantern":30,"Inserter":89,"Gremlin Horn":113,"Velvet Choker":0,"Bag of Preparation":14,"Letter Opener":177,"White Beast Statue":10,"Blood Vial":17,"Du-Vu Doll":128,"SlaversCollar":37,"OrangePellets":49,"DataDisk":49,"HornCleat":54,"Pantograph":72,"Kunai":62,"Toxic Egg 2":57,"Cracked Core":0}]},"card_choices":[{"not_picked":["Aggregate","Gash"],"picked":"Doom and Gloom","floor":1.0},{"not_picked":["Steam","Compile Driver"],"picked":"Cold Snap","floor":2.0},{"not_picked":["Streamline","Conserve Battery"],"picked":"Barrage","floor":4.0},{"not_picked":["Go for the Eyes","Thunder Strike"],"picked":"Coolheaded","floor":8.0},{"not_picked":["BootSequence","Steam Power"],"picked":"Core Surge","floor":10.0},{"not_picked":["Auto Shields","Coolheaded","Self Repair"],"picked":"SKIP","floor":11.0},{"not_picked":["Gash","Coolheaded"],"picked":"Compile Driver","floor":13.0},{"not_picked":["Tempest","Redo","Aggregate"],"picked":"SKIP","floor":14.0},{"not_picked":["Thunder Strike","Buffer"],"picked":"Creative AI","floor":16.0},{"not_picked":["Undo","Beam Cell"],"picked":"Darkness+1","floor":18.0},{"not_picked":["Doom and Gloom","Gash"],"picked":"Coolheaded","floor":19.0},{"not_picked":["Blizzard","Conserve Battery"],"picked":"Reinforced Body","floor":20.0},{"not_picked":["Conserve Battery+1","Go for the Eyes"],"picked":"Buffer","floor":24.0},{"not_picked":["Streamline+1","Coolheaded"],"picked":"Heatsinks","floor":25.0},{"not_picked":["Compile Driver","Hyperbeam"],"picked":"Cold Snap","floor":27.0},{"not_picked":["Chaos+1","Double Energy+1"],"picked":"Undo+1","floor":28.0},{"not_picked":["Beam Cell+1","Sweeping Beam"],"picked":"Seek+1","floor":30.0},{"not_picked":["Steam Power+1","Beam Cell"],"picked":"Leap+1","floor":31.0},{"not_picked":["Buffer","Thunder Strike"],"picked":"Rainbow+1","floor":33.0},{"not_picked":["Rip and Tear","Gash+1"],"picked":"Chill+1","floor":35.0},{"not_picked":["Heatsinks","Ball Lightning"],"picked":"Redo+1","floor":37.0},{"not_picked":["Aggregate+1","Storm"],"picked":"Glacier+1","floor":41.0},{"not_picked":["FTL","Doom and Gloom","Streamline"],"picked":"SKIP","floor":42.0},{"not_picked":["Gash+1","Capacitor"],"picked":"Hologram+1","floor":45.0},{"not_picked":["Rip and Tear","Self Repair","Tempest+1"],"picked":"SKIP","floor":46.0},{"not_picked":["Auto Shields+1","Streamline"],"picked":"White Noise+1","floor":48.0},{"not_picked":["Turbo+1","Cold Snap","Scrape+1"],"picked":"SKIP","floor":55}],"player_experience":3800762,"relics_obtained":[{"floor":7.0,"key":"White Beast Statue"},{"floor":8.0,"key":"Bag of Preparation"},{"floor":9.0,"key":"Regal Pillow"},{"floor":10.0,"key":"Blood Vial"},{"floor":14.0,"key":"Lantern"},{"floor":24.0,"key":"HornCleat"},{"floor":26.0,"key":"Toxic Egg 2"},{"floor":27.0,"key":"Kunai"},{"floor":30.0,"key":"Pantograph"},{"floor":42.0,"key":"Gremlin Horn"},{"floor":46.0,"key":"Du-Vu Doll"},{"floor":55,"key":"Letter Opener"}],"event_choices":[{"damage_healed":0.0,"max_hp_gain":0.0,"max_hp_loss":0.0,"gold_gain":0.0,"event_name":"Duplicator","player_choice":"Copied","floor":22.0,"gold_loss":0.0,"damage_taken":0.0,"cards_obtained":["Barrage"]},{"cards_removed":["Strike_B"],"damage_healed":0.0,"max_hp_gain":0.0,"max_hp_loss":0.0,"gold_gain":0.0,"event_name":"Designer","player_choice":"Upgrade and Remove","floor":36.0,"gold_loss":110.0,"damage_taken":0.0,"cards_upgraded":["Cold Snap"]},{"damage_healed":0.0,"max_hp_gain":0.0,"max_hp_loss":0.0,"gold_gain":0.0,"event_name":"Lab","player_choice":"Got Potions","floor":39.0,"gold_loss":0.0,"damage_taken":0.0}],"is_beta":true,"boss_relics":[{"not_picked":["Runic Dome","Sozu"],"picked":"SlaversCollar"},{"not_picked":["Empty Cage","SacredBark"],"picked":"Inserter"}],"items_purged_floors":[5],"is_endless":false,"potions_floor_spawned":[1,2,8,10,11,13,14,16,18,19,20,24,25,27,28,30,31,33,35,37,41,42,45,46,48,55],"killed_by":"The Heart","ascension_level":20}