{"gold_per_floor":[17,29,29,104,123,123,143,181,181,51,91,91,91,122,122,216,216,240,240,240,256,136,175,194,194,194,194,228,228],"floor_reached":29,"playtime":1636,"items_purged":["Strike_B"],"score":658,"play_id":"a00d0210-66ba-4fa4-b4dc-6bb7273057f7","local_time":"20210528205438","is_ascension_mode":true,"campfire_choices":[{"data":"Defragment","floor":6,"key":"SMITH"},{"floor":12,"key":"REST"},{"data":"Coolheaded","floor":15,"key":"SMITH"},{"floor":25,"key":"REST"},{"floor":27,"key":"REST"}],"neow_cost":"NO_GOLD","seed_source_timestamp":671036945543300,"circlet_count":0,"master_deck":["AscendersBane","Zap","Dualcast","Gash","Machine Learning","Coolheaded+1","Hologram","Defragment+1","Capacitor","Barrage","Coolheaded","Echo Form","Static Discharge","Hyperbeam","All For One","Aggregate","Doom and Gloom","Coolheaded","Enlightenment","Cold Snap","Go for the Eyes","White Noise+1"],"relics":["Cracked Core","Golden Idol","Oddly Smooth Stone","Blood Vial","Bottled Lightning","Gremlin Horn","Pandora\u0027s Box","Bag of Marbles","Unceasing Top","Pear"],"potions_floor_usage":[7,11,14,16,16,21,23,24],"damage_taken":[{"damage":5,"enemies":"2 Louse","floor":1,"turns":3},{"damage":0,"enemies":"Cultist","floor":2,"turns":3},{"damage":2,"enemies":"Small Slimes","floor":5,"turns":5},{"damage":9,"enemies":"Red Slaver","floor":7,"turns":3},{"damage":23,"enemies":"3 Sentries","floor":8,"turns":8},{"damage":8,"enemies":"Lagavulin","floor":11,"turns":5},{"damage":24,"enemies":"3 Sentries","floor":14,"turns":9},{"damage":0,"enemies":"The Guardian","floor":16,"turns":8},{"damage":14,"enemies":"Chosen","floor":18,"turns":5},{"damage":20,"enemies":"2 Thieves","floor":21,"turns":2},{"damage":17,"enemies":"Book of Stabbing","floor":23,"turns":6},{"damage":5,"enemies":"Centurion and Healer","floor":24,"turns":7},{"damage":22,"enemies":"Gremlin Leader","floor":28,"turns":5},{"damage":37,"enemies":"3 Cultists","floor":29,"turns":4}],"seed_played":"-5422462652513957185","potions_obtained":[{"floor":5,"key":"GamblersBrew"},{"floor":8,"key":"CultistPotion"},{"floor":13,"key":"Dexterity Potion"},{"floor":14,"key":"ColorlessPotion"},{"floor":16,"key":"SteroidPotion"},{"floor":18,"key":"Fire Potion"},{"floor":23,"key":"PowerPotion"}],"is_trial":false,"path_per_floor":["M","M","?","?","M","R","M","E","T","$","E","R","?","E","R","B",null,"M","T","?","M","$","E","M","R","T","R","E","M"],"character_chosen":"DEFECT","items_purchased":["Strength Potion","Enlightenment","Cold Snap"],"campfire_rested":3,"item_purchase_floors":[10,22,22],"current_hp_per_floor":[59,59,59,48,46,46,37,14,14,14,8,27,27,5,5,7,50,38,38,38,20,20,5,2,21,21,40,30,0],"gold":228,"neow_bonus":"TRANSFORM_TWO_CARDS","is_prod":false,"is_daily":false,"chose_seed":false,"campfire_upgraded":2,"win_rate":0,"timestamp":1622260478,"path_taken":["M","M","?","?","M","R","M","E","T","$","E","R","?","E","R","BOSS","M","?","?","M","$","E","?","R","T","R","E","M"],"build_version":"2020-12-18","purchased_purges":1,"victory":false,"max_hp_per_floor":[71,71,64,64,64,64,64,64,64,64,64,64,64,64,64,64,64,64,64,64,64,64,64,64,64,64,64,74,74],"relic_stats":{"Blood Vial":18,"Gremlin Horn":[7,7],"counters":[14,73],"Golden Idol":76,"Pandora\u0027s Box":["Static Discharge","Hyperbeam","All For One","Multi-Cast","Aggregate"],"obtain_stats":[{"Blood Vial":9,"Pear":28,"Gremlin Horn":14,"Golden Idol":3,"Oddly Smooth Stone":8,"Pandora\u0027s Box":17,"Bag of Marbles":23,"Bottled Lightning":11,"Cracked Core":0,"Unceasing Top":26},{"Blood Vial":5,"Pear":13,"Gremlin Horn":7,"Golden Idol":2,"Oddly Smooth Stone":5,"Pandora\u0027s Box":8,"Bag of Marbles":11,"Bottled Lightning":6,"Cracked Core":0,"Unceasing Top":12},{"Blood Vial":22,"Pear":69,"Gremlin Horn":36,"Golden Idol":6,"Oddly Smooth Stone":22,"Pandora\u0027s Box":44,"Bag of Marbles":57,"Bottled Lightning":27,"Cracked Core":0,"Unceasing Top":64}],"Unceasing Top":[0]},"card_choices":[{"not_picked":["Chaos","Loop"],"picked":"Coolheaded","floor":1},{"not_picked":["Streamline","Double Energy"],"picked":"Hologram","floor":2},{"not_picked":["Blizzard","Streamline"],"picked":"Defragment","floor":5},{"not_picked":["Beam Cell","Coolheaded"],"picked":"Capacitor","floor":7},{"not_picked":["Conserve Battery","Rebound"],"picked":"Barrage","floor":8},{"not_picked":["Stack","Redo","Multi-Cast"],"picked":"SKIP","floor":11},{"not_picked":["Sweeping Beam","Conserve Battery"],"picked":"Coolheaded","floor":14},{"not_picked":["All For One","Meteor Strike"],"picked":"Echo Form","floor":16},{"not_picked":["Steam","Stack","Streamline"],"picked":"SKIP","floor":18},{"not_picked":["Leap","Fusion"],"picked":"Coolheaded","floor":21},{"not_picked":["Rip and Tear","Coolheaded","Skim"],"picked":"SKIP","floor":23},{"not_picked":["Skim","Reinforced Body"],"picked":"Go for the Eyes","floor":24},{"not_picked":["FTL","Compile Driver"],"picked":"White Noise+1","floor":28}],"player_experience":3850406,"relics_obtained":[{"floor":8,"key":"Oddly Smooth Stone"},{"floor":9,"key":"Blood Vial"},{"floor":11,"key":"Bottled Lightning"},{"floor":14,"key":"Gremlin Horn"},{"floor":23,"key":"Bag of Marbles"},{"floor":26,"key":"Unceasing Top"},{"floor":28,"key":"Pear"}],"event_choices":[{"damage_healed":0,"gold_gain":0,"player_choice":"Lose Max HP","damage_taken":0,"relics_obtained":["Golden Idol"],"max_hp_gain":0,"max_hp_loss":7,"event_name":"Golden Idol","floor":3,"gold_loss":0},{"damage_healed":0,"gold_gain":75,"player_choice":"Gather Gold","damage_taken":11,"max_hp_gain":0,"max_hp_loss":0,"event_name":"World of Goop","floor":4,"gold_loss":0},{"damage_healed":0,"gold_gain":0,"player_choice":"Got Potions","damage_taken":0,"max_hp_gain":0,"max_hp_loss":0,"event_name":"Lab","floor":13,"gold_loss":0},{"damage_healed":0,"gold_gain":0,"cards_transformed":["Multi-Cast"],"player_choice":"Transformed","damage_taken":0,"max_hp_gain":0,"max_hp_loss":0,"event_name":"Transmorgrifier","floor":20,"gold_loss":0,"cards_obtained":["Doom and Gloom"]}],"is_beta":true,"boss_relics":[{"not_picked":["Black Star","Coffee Dripper"],"picked":"Pandora\u0027s Box"}],"items_purged_floors":[10],"is_endless":false,"potions_floor_spawned":[5,8,14,16,18,23],"killed_by":"3 Cultists","ascension_level":20}