{"gold_per_floor":[111,121,134,104,50,50,83,101,101,119,148,148,177,191,191,191],"floor_reached":16,"playtime":794,"items_purged":[],"score":224,"play_id":"1bae00da-a087-449f-9c7e-6db3d846254b","local_time":"20210528134721","is_ascension_mode":true,"campfire_choices":[{"data":"Sweeping Beam","floor":6,"key":"SMITH"},{"floor":12,"key":"REST"},{"data":"Loop","floor":15,"key":"SMITH"}],"neow_cost":"PERCENT_DAMAGE","seed_source_timestamp":646242824502500,"circlet_count":0,"master_deck":["AscendersBane","Strike_B","Strike_B","Defend_B","Defend_B","Defend_B","Defend_B","Zap","Dualcast","Cold Snap","Conserve Battery","Sweeping Beam+1","Loop+1","Capacitor","Lockon","Ball Lightning","Genetic Algorithm","Go for the Eyes"],"relics":["Cracked Core","InkBottle","Sundial","Odd Mushroom","Strawberry"],"potions_floor_usage":[7,11,11,13],"damage_taken":[{"damage":3,"enemies":"2 Louse","floor":1,"turns":3},{"damage":0,"enemies":"Cultist","floor":2,"turns":3},{"damage":7,"enemies":"Jaw Worm","floor":3,"turns":4},{"damage":36,"enemies":"Lagavulin","floor":7,"turns":6},{"damage":6,"enemies":"Large Slime","floor":8,"turns":6},{"damage":4,"enemies":"2 Fungi Beasts","floor":10,"turns":4},{"damage":4,"enemies":"The Mushroom Lair","floor":11,"turns":4},{"damage":6,"enemies":"3 Sentries","floor":13,"turns":3},{"damage":11,"enemies":"Exordium Wildlife","floor":14,"turns":4},{"damage":63,"enemies":"Slime Boss","floor":16,"turns":7}],"seed_played":"-2149422640828293691","potions_obtained":[{"floor":4,"key":"FairyPotion"},{"floor":4,"key":"FairyPotion"},{"floor":7,"key":"Ancient Potion"},{"floor":10,"key":"Block Potion"},{"floor":11,"key":"ColorlessPotion"},{"floor":13,"key":"SpeedPotion"},{"floor":14,"key":"FairyPotion"}],"is_trial":false,"path_per_floor":["M","M","M","?","$","R","E","M","T","M","?","R","E","M","R","B"],"character_chosen":"DEFECT","items_purchased":["FocusPotion"],"campfire_rested":1,"item_purchase_floors":[5],"current_hp_per_floor":[43,43,36,36,36,36,21,15,15,11,7,28,29,18,18,0],"gold":191,"neow_bonus":"REMOVE_TWO","is_prod":false,"is_daily":false,"chose_seed":false,"campfire_upgraded":2,"win_rate":0,"timestamp":1622234841,"path_taken":["M","M","M","?","$","R","E","?","T","M","?","R","E","M","R","BOSS"],"build_version":"2020-12-18","purchased_purges":0,"victory":false,"max_hp_per_floor":[71,71,71,71,71,71,71,71,71,71,71,71,78,78,78,78],"relic_stats":{"counters":[10,44],"Sundial":[4],"obtain_stats":[{"Sundial":9,"Strawberry":13,"Odd Mushroom":11,"Cracked Core":0,"InkBottle":7},{"Sundial":5,"Strawberry":8,"Odd Mushroom":7,"Cracked Core":0,"InkBottle":4},{"Sundial":22,"Strawberry":33,"Odd Mushroom":30,"Cracked Core":0,"InkBottle":16}],"InkBottle":[8]},"card_choices":[{"not_picked":["Go for the Eyes","Redo"],"picked":"Cold Snap","floor":1},{"not_picked":["Tempest","Steam Power"],"picked":"Conserve Battery","floor":2},{"not_picked":["Stack","Barrage"],"picked":"Sweeping Beam","floor":3},{"not_picked":["Rebound","Fusion"],"picked":"Loop","floor":7},{"not_picked":["Static Discharge","Turbo"],"picked":"Capacitor","floor":8},{"not_picked":["Meteor Strike","Recycle"],"picked":"Lockon","floor":10},{"not_picked":["Stack","Gash"],"picked":"Ball Lightning","floor":11},{"not_picked":["Blizzard","Leap"],"picked":"Genetic Algorithm","floor":13},{"not_picked":["Undo","Steam"],"picked":"Go for the Eyes","floor":14}],"player_experience":3845945,"relics_obtained":[{"floor":7,"key":"InkBottle"},{"floor":9,"key":"Sundial"},{"floor":11,"key":"Odd Mushroom"},{"floor":13,"key":"Strawberry"}],"event_choices":[{"damage_healed":0,"gold_gain":0,"player_choice":"Bought 2 Potions","damage_taken":0,"max_hp_gain":0,"max_hp_loss":0,"event_name":"The Woman in Blue","floor":4,"gold_loss":0},{"damage_healed":0,"gold_gain":0,"player_choice":"Fought Mushrooms","damage_taken":0,"max_hp_gain":0,"max_hp_loss":0,"event_name":"Mushrooms","floor":11,"gold_loss":0}],"is_beta":true,"boss_relics":[],"items_purged_floors":[],"is_endless":false,"potions_floor_spawned":[7,10,11,13,14],"killed_by":"Slime Boss","ascension_level":20}