{"gold_per_floor":[110,53,53,64,74,74,101,116,142,160,195,34,34,65,65,137,137,151,151,185,6,17,17],"floor_reached":23,"playtime":1565,"items_purged":[],"score":418,"play_id":"52d86c2c-397a-4480-8ce3-93edaaae1fde","local_time":"20210526165944","is_ascension_mode":true,"campfire_choices":[{"data":"Ball Lightning","floor":6,"key":"SMITH"},{"data":"Doom and Gloom","floor":13,"key":"SMITH"},{"data":"Self Repair","floor":15,"key":"SMITH"}],"neow_cost":"NONE","seed_source_timestamp":484215901328500,"circlet_count":0,"master_deck":["AscendersBane","Strike_B","Strike_B","Defend_B","Defend_B","Defend_B","Defend_B","Zap+1","Dualcast","Ball Lightning+1","Cold Snap","Steam","Go for the Eyes","Ball Lightning","Doom and Gloom+1","Genetic Algorithm","Self Repair+1","Electrodynamics","Capacitor","Compile Driver","Hologram+1","Apotheosis"],"relics":["Cracked Core","Blood Vial","Happy Flower","Nunchaku","OrangePellets","Matryoshka","Empty Cage","Red Mask"],"potions_floor_usage":[7,11,14,16,20],"damage_taken":[{"damage":0,"enemies":"Cultist","floor":1,"turns":3},{"damage":0,"enemies":"Small Slimes","floor":4,"turns":3},{"damage":10,"enemies":"Jaw Worm","floor":5,"turns":2},{"damage":12,"enemies":"3 Sentries","floor":7,"turns":7},{"damage":1,"enemies":"Blue Slaver","floor":8,"turns":2},{"damage":2,"enemies":"3 Louse","floor":10,"turns":3},{"damage":14,"enemies":"Lagavulin","floor":11,"turns":5},{"damage":4,"enemies":"3 Sentries","floor":14,"turns":4},{"damage":13,"enemies":"Hexaghost","floor":16,"turns":8},{"damage":23,"enemies":"3 Byrds","floor":18,"turns":4},{"damage":33,"enemies":"Masked Bandits","floor":20,"turns":4},{"damage":21,"enemies":"2 Thieves","floor":22,"turns":4},{"damage":22,"enemies":"Gremlin Leader","floor":23,"turns":3}],"seed_played":"-1880052101618962599","potions_obtained":[{"floor":3,"key":"Dexterity Potion"},{"floor":7,"key":"FocusPotion"},{"floor":11,"key":"FocusPotion"},{"floor":18,"key":"LiquidMemories"}],"is_trial":false,"path_per_floor":["M","$","?","M","M","R","E","M","T","M","E","$","R","E","R","B",null,"M","?","?","$","M","E"],"character_chosen":"DEFECT","items_purchased":["Fire Potion","OrangePellets","Apotheosis"],"campfire_rested":0,"item_purchase_floors":[2,12,21],"current_hp_per_floor":[64,64,64,64,54,54,42,43,43,43,31,31,31,29,29,28,60,49,49,28,28,19,0],"gold":17,"neow_bonus":"UPGRADE_CARD","is_prod":false,"is_daily":false,"chose_seed":false,"campfire_upgraded":3,"win_rate":0,"timestamp":1622073584,"path_taken":["M","$","?","M","M","R","E","?","T","M","E","$","R","E","R","BOSS","M","?","?","?","M","E"],"build_version":"2020-12-18","purchased_purges":0,"victory":false,"max_hp_per_floor":[71,71,71,71,71,71,71,71,71,71,71,71,71,71,71,71,71,71,71,71,71,71,71],"relic_stats":{"Blood Vial":18,"OrangePellets":[0],"Nunchaku":[4],"Happy Flower":[11],"counters":[13,52],"obtain_stats":[{"Blood Vial":7,"OrangePellets":12,"Nunchaku":11,"Matryoshka":14,"Happy Flower":9,"Red Mask":20,"Cracked Core":0,"Empty Cage":17},{"Blood Vial":4,"OrangePellets":7,"Nunchaku":7,"Matryoshka":8,"Happy Flower":5,"Red Mask":11,"Cracked Core":0,"Empty Cage":9},{"Blood Vial":15,"OrangePellets":25,"Nunchaku":25,"Matryoshka":29,"Happy Flower":17,"Red Mask":45,"Cracked Core":0,"Empty Cage":37}]},"card_choices":[{"not_picked":["Loop","Lockon"],"picked":"Ball Lightning","floor":1},{"not_picked":["Scrape","Tempest"],"picked":"Cold Snap","floor":4},{"not_picked":["Stack","Undo"],"picked":"Steam","floor":5},{"not_picked":["Double Energy","Heatsinks"],"picked":"Go for the Eyes","floor":7},{"not_picked":["Redo","Force Field"],"picked":"Ball Lightning","floor":8},{"not_picked":["Turbo","Cold Snap"],"picked":"Doom and Gloom","floor":10},{"not_picked":["Coolheaded","Skim"],"picked":"Genetic Algorithm","floor":11},{"not_picked":["Beam Cell","Scrape"],"picked":"Self Repair","floor":14},{"not_picked":["All For One","Rainbow"],"picked":"Electrodynamics","floor":16},{"not_picked":["Self Repair","Barrage"],"picked":"Capacitor","floor":18},{"not_picked":["Ball Lightning","Cold Snap"],"picked":"Hologram+1","floor":20},{"not_picked":["Rebound","Recycle","Go for the Eyes"],"picked":"SKIP","floor":22}],"player_experience":3811521,"relics_obtained":[{"floor":7,"key":"Blood Vial"},{"floor":9,"key":"Happy Flower"},{"floor":11,"key":"Nunchaku"},{"floor":14,"key":"Matryoshka"},{"floor":20,"key":"Red Mask"}],"event_choices":[{"damage_healed":0,"gold_gain":0,"player_choice":"Got Potions","damage_taken":0,"max_hp_gain":0,"max_hp_loss":0,"event_name":"Lab","floor":3,"gold_loss":0},{"damage_healed":0,"gold_gain":0,"player_choice":"Read","damage_taken":0,"max_hp_gain":0,"max_hp_loss":0,"event_name":"The Library","floor":19,"gold_loss":0,"cards_obtained":["Compile Driver"]},{"damage_healed":0,"gold_gain":0,"player_choice":"Fought Bandits","damage_taken":0,"max_hp_gain":0,"max_hp_loss":0,"event_name":"Masked Bandits","floor":20,"gold_loss":0}],"is_beta":true,"boss_relics":[{"not_picked":["FrozenCore","Sozu"],"picked":"Empty Cage"}],"items_purged_floors":[],"is_endless":false,"potions_floor_spawned":[7,11,18],"killed_by":"Gremlin Leader","ascension_level":20}