{"gold_per_floor":[119,132,28,28,47,47,47,81,81,115,134,151,22,39,39,112,112,123,148,148,166,166,200,200,229,275,301,301,321,114,143,143,220,220,236,236,251,269,21,52,52,84,159,178,203,203,254,264,264,264,264],"floor_reached":51,"playtime":6446,"items_purged":["Strike_B","Writhe"],"score":1796,"play_id":"37811ce4-d670-4334-8521-3a4c461da926","local_time":"20210527202905","is_ascension_mode":true,"campfire_choices":[{"data":"Sweeping Beam","floor":6.0,"key":"SMITH"},{"data":"Defragment","floor":15.0,"key":"SMITH"},{"floor":24.0,"key":"REST"},{"floor":28.0,"key":"REST"},{"floor":32.0,"key":"REST"},{"floor":41,"key":"RECALL"},{"data":"Biased Cognition","floor":46,"key":"SMITH"},{"floor":49,"key":"REST"}],"neow_cost":"NONE","seed_source_timestamp":0,"circlet_count":0,"master_deck":["AscendersBane","Strike_B","Strike_B","Defend_B+1","Defend_B","Defend_B","Defend_B","Zap+1","Dualcast","Coolheaded","Cold Snap","Sweeping Beam+1","Undo","Buffer","Skim","Ball Lightning","Defragment+1","Sweeping Beam","Meteor Strike","Sweeping Beam+1","Shame","Electrodynamics","Conserve Battery","Creative AI","Doom and Gloom","Conserve Battery+1","Echo Form","Glacier","Barrage+1","Leap+1","Biased Cognition+1","Barrage+1","Hologram+1","Seek"],"special_seed":0,"relics":["Snecko Eye","Turnip","Matryoshka","Cables","Inserter","Red Mask","Du-Vu Doll","WingedGreaves","Boot","Potion Belt","Juzu Bracelet","War Paint","Dead Branch","Bottled Flame","SlaversCollar","Molten Egg 2","Happy Flower","Art of War","Question Card","Pocketwatch"],"potions_floor_usage":[38,44,47,47,50],"damage_taken":[{"damage":0.0,"enemies":"Cultist","floor":1.0,"turns":3.0},{"damage":9.0,"enemies":"2 Louse","floor":2.0,"turns":2.0},{"damage":6.0,"enemies":"Jaw Worm","floor":5.0,"turns":7.0},{"damage":15.0,"enemies":"Lagavulin","floor":8.0,"turns":9.0},{"damage":3.0,"enemies":"3 Sentries","floor":10.0,"turns":7.0},{"damage":2.0,"enemies":"Large Slime","floor":11.0,"turns":13.0},{"damage":14.0,"enemies":"3 Louse","floor":12.0,"turns":2.0},{"damage":0.0,"enemies":"Looter","floor":14.0,"turns":4.0},{"damage":1.0,"enemies":"Slime Boss","floor":16.0,"turns":8.0},{"damage":22.0,"enemies":"2 Thieves","floor":18.0,"turns":3.0},{"damage":8.0,"enemies":"Masked Bandits","floor":19.0,"turns":2.0},{"damage":4.0,"enemies":"3 Byrds","floor":21.0,"turns":5.0},{"damage":0.0,"enemies":"Book of Stabbing","floor":23.0,"turns":3.0},{"damage":18.0,"enemies":"Slavers","floor":25.0,"turns":6.0},{"damage":0.0,"enemies":"Gremlin Leader","floor":27.0,"turns":5.0},{"damage":0.0,"enemies":"3 Cultists","floor":29.0,"turns":4.0},{"damage":46.0,"enemies":"Book of Stabbing","floor":31.0,"turns":5.0},{"damage":5.0,"enemies":"Automaton","floor":33.0,"turns":7.0},{"damage":10.0,"enemies":"3 Shapes","floor":35.0,"turns":5.0},{"damage":0.0,"enemies":"Orb Walker","floor":37.0,"turns":3.0},{"damage":8,"enemies":"Jaw Worm Horde","floor":38,"turns":3},{"damage":0,"enemies":"Reptomancer","floor":40,"turns":5},{"damage":0,"enemies":"Giant Head","floor":42,"turns":7},{"damage":0,"enemies":"Transient","floor":44,"turns":6},{"damage":0,"enemies":"Reptomancer","floor":45,"turns":4},{"damage":7,"enemies":"2 Orb Walkers","floor":47,"turns":4},{"damage":0,"enemies":"4 Shapes","floor":48,"turns":2},{"damage":35,"enemies":"Awakened One","floor":50,"turns":12},{"damage":27,"enemies":"Time Eater","floor":51,"turns":4}],"seed_played":"8863185392816929002","potions_obtained":[{"floor":1.0,"key":"Swift Potion"},{"floor":7.0,"key":"CultistPotion"},{"floor":7.0,"key":"Regen Potion"},{"floor":12.0,"key":"FocusPotion"},{"floor":16.0,"key":"Explosive Potion"},{"floor":18.0,"key":"FocusPotion"},{"floor":21.0,"key":"DuplicationPotion"},{"floor":25.0,"key":"Block Potion"},{"floor":33.0,"key":"Explosive Potion"},{"floor":35.0,"key":"PowerPotion"},{"floor":42,"key":"Swift Potion"},{"floor":44,"key":"GamblersBrew"},{"floor":45,"key":"SpeedPotion"}],"is_trial":false,"path_per_floor":["M","M","$","?","M","R","?","E","T","E","M","M","$","M","R","B",null,"M","?","?","M","?","E","R","E","T","E","R","M","$","E","R","B",null,"M","?","M","M","$","E","R","E","T","M","E","R","?","M","R","B","B"],"character_chosen":"DEFECT","items_purchased":["Sweeping Beam","Defragment","PowerPotion","FocusPotion","FocusPotion","Echo Form","Glacier"],"campfire_rested":4,"item_purchase_floors":[3,13,13,30,30,39,39],"current_hp_per_floor":[64,55,55,48,42,42,42,42,42,39,37,23,23,23,23,22,59,37,29,29,25,25,25,46,28,28,28,49,49,49,3,24,19,58,48,48,48,40,40,40,40,40,40,40,40,40,33,33,54,19,0],"gold":264,"neow_bonus":"BOSS_RELIC","is_prod":false,"is_daily":false,"chose_seed":false,"campfire_upgraded":3,"win_rate":0,"timestamp":1622172545,"path_taken":["M","M","$","?","M","R","?","E","T","E","M","?","?","M","R","BOSS","M","?","?","M","?","E","R","E","T","E","R","M","$","E","R","BOSS","M","?","M","M","$","E","R","E","T","M","E","R","?","M","R","BOSS","BOSS"],"build_version":"2020-12-18","purchased_purges":2,"victory":false,"max_hp_per_floor":[71,71,71,71,71,71,71,71,71,71,71,71,71,71,71,71,71,71,71,71,71,71,71,71,71,71,71,71,71,71,71,71,71,71,71,71,71,71,71,71,71,71,71,71,71,71,71,71,71,71,71],"relic_stats":{"Inserter":[46],"Happy Flower":[10],"counters":[29,150],"Dead Branch":[17],"Juzu Bracelet":0,"War Paint":["Defend_B","Zap"],"Boot":[11],"Question Card":2,"Cables":[98,30,40,0,28],"Snecko Eye":[271,287,278,306],"Turnip":[29],"Art of War":[1],"obtain_stats":[{"Potion Belt":25,"Inserter":17,"Happy Flower":42,"Dead Branch":27,"Juzu Bracelet":26,"War Paint":26,"Boot":23,"Question Card":45,"Cables":10,"Du-Vu Doll":20,"SlaversCollar":34,"Bottled Flame":31,"Matryoshka":9,"Snecko Eye":0,"Molten Egg 2":40,"Turnip":8,"WingedGreaves":22,"Red Mask":19,"Art of War":43,"Cracked Core":0,"Pocketwatch":47},{"Potion Belt":14,"Inserter":9,"Happy Flower":23,"Dead Branch":15,"Juzu Bracelet":14,"War Paint":14,"Boot":13,"Question Card":25,"Cables":5,"Du-Vu Doll":11,"SlaversCollar":18,"Bottled Flame":17,"Matryoshka":4,"Snecko Eye":0,"Molten Egg 2":22,"Turnip":4,"WingedGreaves":12,"Red Mask":11,"Art of War":23,"Cracked Core":0,"Pocketwatch":26},{"Potion Belt":74,"Inserter":55,"Happy Flower":118,"Dead Branch":79,"Juzu Bracelet":74,"War Paint":74,"Boot":68,"Question Card":128,"Cables":28,"Du-Vu Doll":60,"SlaversCollar":95,"Bottled Flame":88,"Matryoshka":21,"Snecko Eye":0,"Molten Egg 2":111,"Turnip":21,"WingedGreaves":65,"Red Mask":60,"Art of War":118,"Cracked Core":0,"Pocketwatch":132}],"Pocketwatch":[1]},"card_choices":[{"not_picked":["Storm","Stack"],"picked":"Coolheaded","floor":1.0},{"not_picked":["Storm","Redo"],"picked":"Cold Snap","floor":2.0},{"not_picked":["Barrage","Gash"],"picked":"Undo","floor":5.0},{"not_picked":["Rip and Tear","Stack"],"picked":"Buffer","floor":8.0},{"not_picked":["Compile Driver","Chaos"],"picked":"Skim","floor":10.0},{"not_picked":["Beam Cell","BootSequence","Steam"],"picked":"SKIP","floor":11.0},{"not_picked":["Double Energy","Stack"],"picked":"Ball Lightning","floor":12.0},{"not_picked":["Redo","Stack"],"picked":"Sweeping Beam","floor":14.0},{"not_picked":["Core Surge","Creative AI"],"picked":"Meteor Strike","floor":16.0},{"not_picked":["Go for the Eyes","Coolheaded"],"picked":"Sweeping Beam+1","floor":18.0},{"not_picked":["Streamline+1","Turbo","Loop"],"picked":"SKIP","floor":21.0},{"not_picked":["Multi-Cast","Reboot","Fusion"],"picked":"SKIP","floor":23.0},{"not_picked":["Leap","Sweeping Beam"],"picked":"Electrodynamics","floor":25.0},{"not_picked":["Conserve Battery","Undo","Stack"],"picked":"SKIP","floor":27.0},{"not_picked":["Turbo","Rebound","Stack"],"picked":"SKIP","floor":29.0},{"not_picked":["Sweeping Beam","Redo+1"],"picked":"Conserve Battery","floor":31.0},{"not_picked":["Buffer","Fission"],"picked":"Creative AI","floor":33.0},{"not_picked":["Streamline","Beam Cell"],"picked":"Capacitor+1","floor":35.0},{"not_picked":["Go for the Eyes","Turbo"],"picked":"Doom and Gloom","floor":37.0},{"not_picked":["Recycle","Rebound"],"picked":"Conserve Battery+1","floor":38},{"not_picked":["Doom and Gloom+1","Scrape+1"],"picked":"Barrage+1","floor":40},{"not_picked":["Streamline+1","Conserve Battery"],"picked":"Leap+1","floor":42},{"not_picked":["Beam Cell+1","Sunder+1"],"picked":"Biased Cognition","floor":44},{"not_picked":["Leap+1","Redo"],"picked":"Barrage+1","floor":45},{"not_picked":["Beam Cell+1","Static Discharge","Electrodynamics"],"picked":"Hologram+1","floor":47},{"not_picked":["Redo","Turbo","Leap"],"picked":"Seek","floor":48}],"player_experience":3822918,"relics_obtained":[{"floor":8.0,"key":"Turnip"},{"floor":9.0,"key":"Matryoshka"},{"floor":10.0,"key":"Cables"},{"floor":19.0,"key":"Red Mask"},{"floor":23.0,"key":"Boot"},{"floor":25.0,"key":"Potion Belt"},{"floor":26.0,"key":"Juzu Bracelet"},{"floor":26.0,"key":"War Paint"},{"floor":27.0,"key":"Dead Branch"},{"floor":31.0,"key":"Bottled Flame"},{"floor":40,"key":"Molten Egg 2"},{"floor":42,"key":"Happy Flower"},{"floor":43,"key":"Art of War"},{"floor":45,"key":"Question Card"},{"floor":47,"key":"Pocketwatch"}],"event_choices":[{"cards_removed":["Strike_B"],"damage_healed":0.0,"max_hp_gain":0.0,"max_hp_loss":0.0,"gold_gain":0.0,"event_name":"Golden Wing","player_choice":"Card Removal","floor":4.0,"gold_loss":0.0,"damage_taken":7.0},{"damage_healed":0.0,"max_hp_gain":0.0,"max_hp_loss":0.0,"gold_gain":0.0,"event_name":"Lab","player_choice":"Got Potions","floor":7.0,"gold_loss":0.0,"damage_taken":0.0},{"damage_healed":0.0,"max_hp_gain":0.0,"max_hp_loss":0.0,"gold_gain":0.0,"event_name":"Masked Bandits","player_choice":"Fought Bandits","floor":19.0,"gold_loss":0.0,"damage_taken":0.0},{"damage_healed":0.0,"max_hp_gain":0.0,"max_hp_loss":0.0,"gold_gain":0.0,"event_name":"The Mausoleum","player_choice":"Opened","floor":20.0,"gold_loss":0.0,"damage_taken":0.0,"relics_obtained":["Du-Vu Doll"],"cards_obtained":["Writhe"]},{"damage_healed":0.0,"max_hp_gain":0.0,"max_hp_loss":0.0,"gold_gain":0.0,"event_name":"Addict","player_choice":"Stole Relic","floor":22.0,"gold_loss":0.0,"damage_taken":0.0,"relics_obtained":["WingedGreaves"],"cards_obtained":["Shame"]},{"cards_removed":["Capacitor"],"damage_healed":0.0,"max_hp_gain":0.0,"max_hp_loss":0.0,"gold_gain":0.0,"event_name":"Falling","player_choice":"Removed Power","floor":36.0,"gold_loss":0.0,"damage_taken":0.0},{"damage_healed":0,"gold_gain":0,"player_choice":"Fight","damage_taken":0,"max_hp_gain":0,"max_hp_loss":0,"event_name":"Mysterious Sphere","floor":47,"gold_loss":0}],"is_beta":true,"boss_relics":[{"not_picked":["Busted Crown","Philosopher\u0027s Stone"],"picked":"Inserter"},{"not_picked":["Black Star","Empty Cage"],"picked":"SlaversCollar"}],"items_purged_floors":[3,30],"is_endless":false,"potions_floor_spawned":[1,12,14,16,18,21,25,33,35,42,44,45],"killed_by":"Time Eater","ascension_level":20}