{"gold_per_floor":[19,19,44,64,64,97,97,130,130,130,145,60,80,103,103,194,194,215,32,57,57],"floor_reached":21,"playtime":1099,"items_purged":["Defend_B"],"score":382,"play_id":"57c89a76-e449-48a8-9be9-39c902b18c3f","local_time":"20210527234052","is_ascension_mode":true,"campfire_choices":[{"data":"Sunder","floor":7.0,"key":"SMITH"},{"data":"Defragment","floor":10.0,"key":"SMITH"},{"data":"Reinforced Body","floor":15.0,"key":"SMITH"}],"neow_cost":"NO_GOLD","seed_source_timestamp":595111261358300,"circlet_count":0,"master_deck":["AscendersBane","Strike_B+1","Defend_B","Defend_B","Defend_B","Zap","Dualcast","Sunder+1","Reinforced Body+1","Cold Snap+1","Defragment+1","Compile Driver+1","Doom and Gloom+1","Steam","Compile Driver+1","Echo Form","Defragment","Coolheaded","Ball Lightning+1"],"special_seed":0,"relics":["Cracked Core","Golden Idol","Tiny Chest","Molten Egg 2","Whetstone","Philosopher\u0027s Stone"],"potions_floor_usage":[20,20],"damage_taken":[{"damage":2.0,"enemies":"2 Louse","floor":1.0,"turns":3.0},{"damage":0.0,"enemies":"Cultist","floor":3.0,"turns":3.0},{"damage":0.0,"enemies":"Small Slimes","floor":4.0,"turns":3.0},{"damage":32.0,"enemies":"Gremlin Nob","floor":6.0,"turns":4.0},{"damage":2.0,"enemies":"3 Sentries","floor":8.0,"turns":6.0},{"damage":1.0,"enemies":"3 Louse","floor":11.0,"turns":3.0},{"damage":0.0,"enemies":"Exordium Wildlife","floor":13.0,"turns":1.0},{"damage":0.0,"enemies":"Blue Slaver","floor":14.0,"turns":3.0},{"damage":3.0,"enemies":"The Guardian","floor":16.0,"turns":10.0},{"damage":5.0,"enemies":"Chosen","floor":18.0,"turns":4.0},{"damage":19,"enemies":"3 Byrds","floor":20,"turns":4},{"damage":31,"enemies":"Snake Plant","floor":21,"turns":3}],"seed_played":"7167678032713501423","potions_obtained":[{"floor":3.0,"key":"Energy Potion"},{"floor":6.0,"key":"Fire Potion"},{"floor":8.0,"key":"ColorlessPotion"},{"floor":20,"key":"PowerPotion"}],"is_trial":false,"path_per_floor":["M","?","M","M","?","E","R","E","T","R","M","$","M","M","R","B",null,"M","$","M","M"],"character_chosen":"DEFECT","items_purchased":["Doom and Gloom+1","Coolheaded","Fire Potion"],"campfire_rested":0,"item_purchase_floors":[12,19,19],"current_hp_per_floor":[62,62,62,62,62,30,30,28,28,28,27,27,27,27,27,24,54,49,49,30,0],"gold":57,"neow_bonus":"REMOVE_TWO","is_prod":false,"is_daily":false,"chose_seed":false,"campfire_upgraded":3,"win_rate":0,"timestamp":1622184052,"path_taken":["M","?","M","M","?","E","R","E","T","R","M","$","M","M","R","BOSS","M","?","M","M"],"build_version":"2020-12-18","purchased_purges":1,"victory":false,"max_hp_per_floor":[71,64,64,64,64,64,64,64,64,64,64,64,64,64,64,64,64,64,64,64,64],"relic_stats":{"counters":[12,47],"Golden Idol":62,"Tiny Chest":0,"Whetstone":["Cold Snap","Strike_B"],"obtain_stats":[{"Golden Idol":2,"Tiny Chest":6,"Molten Egg 2":8,"Philosopher\u0027s Stone":17,"Whetstone":9,"Cracked Core":0},{"Golden Idol":1,"Tiny Chest":4,"Molten Egg 2":5,"Philosopher\u0027s Stone":9,"Whetstone":5,"Cracked Core":0},{"Golden Idol":3,"Tiny Chest":13,"Molten Egg 2":19,"Philosopher\u0027s Stone":36,"Whetstone":19,"Cracked Core":0}]},"card_choices":[{"not_picked":["Stack","Skim"],"picked":"Sunder","floor":1.0},{"not_picked":["Tempest","Redo"],"picked":"Reinforced Body","floor":3.0},{"not_picked":["Turbo","Conserve Battery"],"picked":"Cold Snap","floor":4.0},{"not_picked":["Reinforced Body","Redo","Multi-Cast"],"picked":"SKIP","floor":6.0},{"not_picked":["Gash+1","Darkness"],"picked":"Defragment","floor":8.0},{"not_picked":["Leap","Rebound+1"],"picked":"Compile Driver+1","floor":11.0},{"not_picked":["Double Energy","Hello World"],"picked":"Steam","floor":13.0},{"not_picked":["Doom and Gloom+1","Rip and Tear+1"],"picked":"Compile Driver+1","floor":14.0},{"not_picked":["Reboot","Meteor Strike+1"],"picked":"Echo Form","floor":16.0},{"not_picked":["Cold Snap+1","Hello World"],"picked":"Defragment","floor":18.0},{"not_picked":["Gash+1","Compile Driver+1"],"picked":"Ball Lightning+1","floor":20}],"player_experience":3838132,"relics_obtained":[{"floor":6.0,"key":"Tiny Chest"},{"floor":8.0,"key":"Molten Egg 2"},{"floor":9.0,"key":"Whetstone"}],"event_choices":[{"damage_healed":0.0,"max_hp_gain":0.0,"max_hp_loss":7.0,"gold_gain":0.0,"event_name":"Golden Idol","player_choice":"Lose Max HP","floor":2.0,"gold_loss":0.0,"damage_taken":0.0,"relics_obtained":["Golden Idol"]},{"cards_removed":["Strike_B"],"damage_healed":0.0,"max_hp_gain":0.0,"max_hp_loss":0.0,"gold_gain":0.0,"event_name":"Bonfire Elementals","player_choice":"Offered Basic","floor":5.0,"gold_loss":0.0,"damage_taken":0.0}],"is_beta":true,"boss_relics":[{"not_picked":["Velvet Choker","Runic Pyramid"],"picked":"Philosopher\u0027s Stone"}],"items_purged_floors":[19],"is_endless":false,"potions_floor_spawned":[3,6,8,20],"killed_by":"Snake Plant","ascension_level":20}