{"gold_per_floor":[368,11,11,24,41,41,56,84,107,107,118,118,144,144,144,144],"floor_reached":16,"playtime":624,"items_purged":["Writhe"],"score":220,"play_id":"2e3a76cd-9867-49a0-b5ad-0613a54d0000","local_time":"20210526171021","is_ascension_mode":true,"campfire_choices":[{"floor":6,"key":"REST"},{"floor":12,"key":"REST"},{"data":"Hyperbeam","floor":15,"key":"SMITH"}],"neow_cost":"CURSE","seed_source_timestamp":485794272629000,"circlet_count":0,"master_deck":["AscendersBane","Strike_B","Strike_B","Strike_B","Defend_B","Defend_B","Defend_B","Defend_B","Zap","Dualcast","Consume","Compile Driver","Ball Lightning","Hyperbeam+1","Echo Form","Coolheaded","Rainbow"],"relics":["Cracked Core","Membership Card","Calipers","Ancient Tea Set","Anchor","Gambling Chip","Centennial Puzzle"],"potions_floor_usage":[8,13,16],"damage_taken":[{"damage":5,"enemies":"Small Slimes","floor":1,"turns":4},{"damage":12,"enemies":"Jaw Worm","floor":4,"turns":4},{"damage":6,"enemies":"2 Louse","floor":5,"turns":3},{"damage":14,"enemies":"Large Slime","floor":7,"turns":4},{"damage":35,"enemies":"Lagavulin","floor":8,"turns":6},{"damage":0,"enemies":"Blue Slaver","floor":11,"turns":3},{"damage":9,"enemies":"Gremlin Nob","floor":13,"turns":3},{"damage":25,"enemies":"Hexaghost","floor":16,"turns":7}],"seed_played":"1841046439490830319","potions_obtained":[{"floor":7,"key":"SneckoOil"},{"floor":8,"key":"AttackPotion"},{"floor":13,"key":"SteroidPotion"}],"is_trial":false,"path_per_floor":["M","$","?","M","M","R","M","E","T","T","M","R","E","?","R","B"],"character_chosen":"DEFECT","items_purchased":["Membership Card","Calipers"],"campfire_rested":2,"item_purchase_floors":[2,2],"current_hp_per_floor":[59,59,52,40,34,55,41,6,6,6,6,27,18,18,18,0],"gold":144,"neow_bonus":"TWO_FIFTY_GOLD","is_prod":false,"is_daily":false,"chose_seed":false,"campfire_upgraded":1,"win_rate":0,"timestamp":1622074221,"path_taken":["M","$","?","M","M","R","M","E","T","?","M","R","E","?","R","BOSS"],"build_version":"2020-12-18","purchased_purges":1,"victory":false,"max_hp_per_floor":[71,71,71,71,71,71,71,71,71,71,71,71,71,71,71,71],"relic_stats":{"Centennial Puzzle":[3],"counters":[8,34],"Gambling Chip":[7],"obtain_stats":[{"Anchor":9,"Centennial Puzzle":13,"Calipers":2,"Gambling Chip":10,"Membership Card":2,"Cracked Core":0,"Ancient Tea Set":8},{"Anchor":5,"Centennial Puzzle":7,"Calipers":1,"Gambling Chip":5,"Membership Card":1,"Cracked Core":0,"Ancient Tea Set":5},{"Anchor":21,"Centennial Puzzle":27,"Calipers":4,"Gambling Chip":21,"Membership Card":4,"Cracked Core":0,"Ancient Tea Set":21}]},"card_choices":[{"not_picked":["Gash","Blizzard"],"picked":"Consume","floor":1},{"not_picked":["Reprogram","Turbo"],"picked":"Compile Driver","floor":4},{"not_picked":["Coolheaded","Hologram"],"picked":"Ball Lightning","floor":5},{"not_picked":["Auto Shields","Static Discharge"],"picked":"Hyperbeam","floor":7},{"not_picked":["Ball Lightning","Steam"],"picked":"Echo Form","floor":8},{"not_picked":["Gash","Leap"],"picked":"Coolheaded","floor":11},{"not_picked":["Aggregate","Hologram"],"picked":"Rainbow","floor":13}],"player_experience":3813086,"relics_obtained":[{"floor":8,"key":"Ancient Tea Set"},{"floor":9,"key":"Anchor"},{"floor":10,"key":"Gambling Chip"},{"floor":13,"key":"Centennial Puzzle"}],"event_choices":[{"cards_removed":["Strike_B"],"damage_healed":0,"gold_gain":0,"player_choice":"Card Removal","damage_taken":7,"max_hp_gain":0,"max_hp_loss":0,"event_name":"Golden Wing","floor":3,"gold_loss":0},{"damage_healed":0,"gold_gain":0,"player_choice":"Ignored","damage_taken":0,"max_hp_gain":0,"max_hp_loss":0,"event_name":"Shining Light","floor":14,"gold_loss":0}],"is_beta":true,"boss_relics":[],"items_purged_floors":[2],"is_endless":false,"potions_floor_spawned":[7,8,13],"killed_by":"Hexaghost","ascension_level":20}