{"gold_per_floor":[119,119,133,152,166,166,166],"floor_reached":7,"playtime":278,"items_purged":[],"score":86,"play_id":"0532daa4-c74d-41c5-9b6a-fe3578d0d4da","local_time":"20210530164823","is_ascension_mode":true,"campfire_choices":[{"data":"Consume","floor":6,"key":"SMITH"}],"neow_cost":"NONE","seed_source_timestamp":830419744551300,"circlet_count":0,"master_deck":["AscendersBane","Strike_B","Strike_B","Strike_B","Defend_B","Defend_B","Defend_B","Defend_B","Zap","Dualcast","Consume+1","Loop","Steam"],"relics":["Cracked Core","NeowsBlessing"],"potions_floor_usage":[5,7,7,7,7,7],"damage_taken":[{"damage":0,"enemies":"2 Louse","floor":1,"turns":1},{"damage":0,"enemies":"Cultist","floor":3,"turns":1},{"damage":0,"enemies":"Small Slimes","floor":4,"turns":1},{"damage":22,"enemies":"Exordium Wildlife","floor":5,"turns":4},{"damage":42,"enemies":"3 Sentries","floor":7,"turns":8}],"seed_played":"-566892341440345471","potions_obtained":[{"floor":1,"key":"ColorlessPotion"},{"floor":3,"key":"EntropicBrew"},{"floor":4,"key":"AttackPotion"}],"is_trial":false,"path_per_floor":["M","?","M","M","M","R","E"],"character_chosen":"DEFECT","items_purchased":[],"campfire_rested":0,"item_purchase_floors":[],"current_hp_per_floor":[64,64,64,64,42,42,0],"gold":166,"neow_bonus":"THREE_ENEMY_KILL","is_prod":false,"is_daily":false,"chose_seed":false,"campfire_upgraded":1,"win_rate":0,"timestamp":1622418503,"path_taken":["M","?","M","?","?","R","E"],"build_version":"2020-12-18","purchased_purges":0,"victory":false,"max_hp_per_floor":[71,71,71,71,71,71,71],"relic_stats":{"counters":[5,15],"obtain_stats":[{"NeowsBlessing":0,"Cracked Core":0},{"NeowsBlessing":0,"Cracked Core":0},{"NeowsBlessing":0,"Cracked Core":0}]},"card_choices":[{"not_picked":["Double Energy","Redo","Consume"],"picked":"SKIP","floor":1},{"not_picked":["Double Energy","Redo"],"picked":"Consume","floor":1},{"not_picked":["Consume","Hologram","Hello World"],"picked":"SKIP","floor":3},{"not_picked":["Steam","Rebound"],"picked":"Loop","floor":4},{"not_picked":["Heatsinks","Undo"],"picked":"Steam","floor":5}],"player_experience":3902542,"relics_obtained":[],"event_choices":[{"cards_removed":["Strike_B"],"damage_healed":0,"gold_gain":0,"player_choice":"Card Removal","damage_taken":0,"max_hp_gain":0,"max_hp_loss":0,"event_name":"Wheel of Change","floor":2,"gold_loss":0}],"is_beta":true,"boss_relics":[],"items_purged_floors":[],"is_endless":false,"potions_floor_spawned":[1,3,4],"killed_by":"3 Sentries","ascension_level":20}