{"gold_per_floor":[366,379,392,4,4,4,342,342,342,357,92,106,106,129,129,225,225,250,250,271,271,61,104,104,128,128,178,178,202,245,245,245,319,319,339,339,358,57,72,72,104,104,130,130,165,0,11,24,24,24,24,24,24,24,59,59],"floor_reached":56,"playtime":6241,"items_purged":["Strike_B","Strike_B"],"score":1865,"play_id":"00a9ca29-04ea-4bc6-a3b5-1484524f7d6b","local_time":"20210526151000","is_ascension_mode":true,"campfire_choices":[{"data":"Lockon","floor":6.0,"key":"SMITH"},{"data":"Defragment","floor":13.0,"key":"SMITH"},{"data":"Biased Cognition","floor":15.0,"key":"SMITH"},{"floor":24.0,"key":"REST"},{"data":"Biased Cognition","floor":28.0,"key":"SMITH"},{"floor":32.0,"key":"REST"},{"floor":40.0,"key":"RECALL"},{"floor":42.0,"key":"REST"},{"floor":49.0,"key":"REST"},{"floor":53.0,"key":"REST"}],"neow_cost":"PERCENT_DAMAGE","seed_source_timestamp":472446658949600,"circlet_count":0,"master_deck":["AscendersBane","Defend_B","Defend_B","Zap","Dualcast","Sweeping Beam","Coolheaded","Lockon+1","Defragment+1","Cold Snap","FTL","Biased Cognition+1","Cold Snap","Biased Cognition+1","Force Field+1","Streamline+1","Go for the Eyes+1","Reinforced Body","Storm","Echo Form","Coolheaded","White Noise","Creative AI+1","Coolheaded+1","Defragment","Defragment","Capacitor","Secret Technique","Compile Driver","Leap+1"],"special_seed":0,"relics":["Cracked Core","Medical Kit","Bloody Idol","Old Coin","Pear","Orrery","Astrolabe","Lantern","White Beast Statue","Turnip","Darkstone Periapt","Fusion Hammer","Lee\u0027s Waffle","Anchor","Happy Flower","OrangePellets","Kunai"],"potions_floor_usage":[56,56],"damage_taken":[{"damage":1.0,"enemies":"Cultist","floor":1.0,"turns":3.0},{"damage":9.0,"enemies":"2 Louse","floor":2.0,"turns":3.0},{"damage":4.0,"enemies":"Small Slimes","floor":3.0,"turns":4.0},{"damage":8.0,"enemies":"Lagavulin","floor":7.0,"turns":7.0},{"damage":0.0,"enemies":"2 Fungi Beasts","floor":10.0,"turns":3.0},{"damage":0.0,"enemies":"Looter","floor":12.0,"turns":2.0},{"damage":0.0,"enemies":"3 Louse","floor":14.0,"turns":3.0},{"damage":3.0,"enemies":"Hexaghost","floor":16.0,"turns":6.0},{"damage":7.0,"enemies":"3 Byrds","floor":18.0,"turns":2.0},{"damage":16.0,"enemies":"Shell Parasite","floor":20.0,"turns":3.0},{"damage":17.0,"enemies":"Slavers","floor":23.0,"turns":4.0},{"damage":10.0,"enemies":"Centurion and Healer","floor":25.0,"turns":8.0},{"damage":0.0,"enemies":"Chosen and Byrds","floor":29.0,"turns":4.0},{"damage":14.0,"enemies":"Gremlin Leader","floor":30.0,"turns":6.0},{"damage":33.0,"enemies":"Collector","floor":33.0,"turns":7.0},{"damage":54.0,"enemies":"3 Darklings","floor":35.0,"turns":6.0},{"damage":0.0,"enemies":"Orb Walker","floor":37.0,"turns":4.0},{"damage":1.0,"enemies":"Maw","floor":39.0,"turns":5.0},{"damage":40.0,"enemies":"Reptomancer","floor":41.0,"turns":5.0},{"damage":13.0,"enemies":"Giant Head","floor":45.0,"turns":6.0},{"damage":0.0,"enemies":"Sphere and 2 Shapes","floor":47.0,"turns":3.0},{"damage":17.0,"enemies":"3 Darklings","floor":48.0,"turns":5.0},{"damage":5.0,"enemies":"Awakened One","floor":50.0,"turns":13.0},{"damage":22.0,"enemies":"Time Eater","floor":51.0,"turns":6.0},{"damage":65.0,"enemies":"Shield and Spear","floor":55.0,"turns":6.0},{"damage":26,"enemies":"The Heart","floor":56,"turns":7}],"seed_played":"-3183519620651408522","potions_obtained":[{"floor":7.0,"key":"PowerPotion"},{"floor":10.0,"key":"PowerPotion"},{"floor":16.0,"key":"LiquidBronze"},{"floor":18.0,"key":"AttackPotion"},{"floor":23.0,"key":"AttackPotion"},{"floor":25.0,"key":"LiquidMemories"},{"floor":29.0,"key":"AttackPotion"},{"floor":30.0,"key":"Explosive Potion"},{"floor":33.0,"key":"BlessingOfTheForge"},{"floor":35.0,"key":"Block Potion"},{"floor":37.0,"key":"SkillPotion"},{"floor":39.0,"key":"ColorlessPotion"},{"floor":41.0,"key":"LiquidBronze"},{"floor":45.0,"key":"Fruit Juice"},{"floor":47.0,"key":"FearPotion"},{"floor":55.0,"key":"Ancient Potion"}],"is_trial":false,"path_per_floor":["M","M","M","$","?","R","E","?","T","M","$","M","R","M","R","B",null,"M","?","M","?","$","E","R","M","T","?","R","M","E","?","R","B",null,"M","?","M","$","M","R","E","R","T","?","E","$","M","M","R","B","B",null,"R","$","E","B"],"character_chosen":"DEFECT","items_purchased":["Defragment","Medical Kit","AttackPotion","Orrery","Lantern","Explosive Potion","Lee\u0027s Waffle","Defragment","Energy Potion","OrangePellets"],"campfire_rested":5,"item_purchase_floors":[4,4,4,11,22,22,38,38,38,46],"current_hp_per_floor":[45,36,32,32,32,32,24,24,34,34,34,34,34,34,34,31,63,56,56,40,40,40,23,45,35,35,35,35,35,21,21,43,15,59,10,10,15,81,81,81,46,70,75,65,62,62,67,55,80,75,53,78,86,86,26,0],"gold":59,"neow_bonus":"TWO_FIFTY_GOLD","is_prod":false,"is_daily":false,"chose_seed":false,"campfire_upgraded":4,"win_rate":0,"timestamp":1622067000,"path_taken":["M","M","?","$","?","R","E","?","T","M","$","M","R","?","R","BOSS","M","?","M","?","$","E","R","M","T","?","R","M","E","?","R","BOSS","M","?","M","$","?","R","E","R","T","?","E","$","M","M","R","BOSS","BOSS","R","$","E","BOSS"],"build_version":"2020-12-18","purchased_purges":2,"victory":false,"max_hp_per_floor":[71,71,71,71,64,64,64,64,74,74,74,74,74,74,74,74,74,74,74,74,74,74,74,74,74,74,74,74,74,74,74,74,74,74,74,74,74,81,81,81,81,81,81,81,86,86,86,86,86,86,86,86,86,86,86,86],"relic_stats":{"Darkstone Periapt":0,"OrangePellets":[14],"Lee\u0027s Waffle":66,"Happy Flower":[13],"counters":[26,131],"Bloody Idol":46,"Astrolabe":["Force Field","Streamline","Go for the Eyes"],"Turnip":[17],"Kunai":[0],"Medical Kit":[12],"obtain_stats":[{"Darkstone Periapt":30,"Lantern":22,"Lee\u0027s Waffle":38,"Pear":9,"Happy Flower":45,"Golden Idol":5,"Astrolabe":17,"Medical Kit":4,"White Beast Statue":23,"Old Coin":7,"OrangePellets":46,"Anchor":41,"Bloody Idol":31,"Orrery":11,"Turnip":26,"Fusion Hammer":34,"Kunai":55,"Cracked Core":0},{"Darkstone Periapt":14,"Lantern":10,"Lee\u0027s Waffle":17,"Pear":4,"Happy Flower":20,"Golden Idol":3,"Astrolabe":8,"Medical Kit":3,"White Beast Statue":11,"Old Coin":4,"OrangePellets":20,"Anchor":19,"Bloody Idol":14,"Orrery":5,"Turnip":12,"Fusion Hammer":15,"Kunai":25,"Cracked Core":0},{"Darkstone Periapt":58,"Lantern":36,"Lee\u0027s Waffle":75,"Pear":17,"Happy Flower":91,"Golden Idol":10,"Astrolabe":31,"Medical Kit":10,"White Beast Statue":40,"Old Coin":17,"OrangePellets":91,"Anchor":85,"Bloody Idol":58,"Orrery":20,"Turnip":48,"Fusion Hammer":65,"Kunai":124,"Cracked Core":0}]},"card_choices":[{"not_picked":["Rebound","Chill"],"picked":"Sweeping Beam","floor":1.0},{"not_picked":["Loop","Leap"],"picked":"Coolheaded","floor":2.0},{"not_picked":["Coolheaded","Chaos"],"picked":"Lockon","floor":3.0},{"not_picked":["Double Energy","Streamline"],"picked":"Cold Snap","floor":7.0},{"not_picked":["Scrape","Conserve Battery"],"picked":"FTL","floor":10.0},{"not_picked":["Steam","Reinforced Body"],"picked":"Biased Cognition","floor":11.0},{"not_picked":["Hello World","Rip and Tear"],"picked":"Cold Snap","floor":11.0},{"not_picked":["Turbo","Darkness","Coolheaded"],"picked":"SKIP","floor":12.0},{"not_picked":["Conserve Battery","Turbo"],"picked":"Go for the Eyes","floor":14.0},{"not_picked":["Fission","Hyperbeam"],"picked":"Biased Cognition","floor":16.0},{"not_picked":["Stack","Coolheaded","Redo"],"picked":"SKIP","floor":18.0},{"not_picked":["Turbo","Beam Cell","Barrage"],"picked":"SKIP","floor":20.0},{"not_picked":["Coolheaded","Gash"],"picked":"Storm","floor":23.0},{"not_picked":["Sunder","Redo"],"picked":"Echo Form","floor":25.0},{"not_picked":["Reinforced Body","Hologram"],"picked":"Coolheaded","floor":29.0},{"not_picked":["Double Energy","Darkness"],"picked":"White Noise","floor":30.0},{"not_picked":["Hyperbeam","Meteor Strike"],"picked":"Creative AI","floor":33.0},{"not_picked":["Self Repair","Darkness"],"picked":"Coolheaded+1","floor":35.0},{"not_picked":["Hologram","Barrage"],"picked":"Defragment","floor":37.0},{"not_picked":["Turbo","Cold Snap+1"],"picked":"Capacitor","floor":39.0},{"not_picked":["Meteor Strike","Sweeping Beam+1","Genetic Algorithm"],"picked":"SKIP","floor":41.0},{"not_picked":["Swift Strike","Flash of Steel"],"picked":"Secret Technique","floor":44.0},{"not_picked":["Rip and Tear","Stack","Gash"],"picked":"SKIP","floor":45.0},{"not_picked":["Gash+1","All For One","Beam Cell"],"picked":"SKIP","floor":47.0},{"not_picked":["Consume","Stack"],"picked":"Compile Driver","floor":48.0},{"not_picked":["Barrage","Rebound"],"picked":"Leap+1","floor":55.0}],"player_experience":3805280,"relics_obtained":[{"floor":7.0,"key":"Old Coin"},{"floor":9.0,"key":"Pear"},{"floor":23.0,"key":"White Beast Statue"},{"floor":26.0,"key":"Turnip"},{"floor":30.0,"key":"Darkstone Periapt"},{"floor":41.0,"key":"Anchor"},{"floor":45.0,"key":"Happy Flower"},{"floor":55.0,"key":"Kunai"}],"event_choices":[{"damage_healed":0.0,"max_hp_gain":0.0,"max_hp_loss":7.0,"gold_gain":0.0,"event_name":"Golden Idol","player_choice":"Lose Max HP","floor":5.0,"gold_loss":0.0,"damage_taken":0.0,"relics_obtained":["Golden Idol"]},{"cards_removed":["Strike_B"],"damage_healed":0.0,"max_hp_gain":0.0,"max_hp_loss":0.0,"gold_gain":0.0,"event_name":"Purifier","player_choice":"Purged","floor":8.0,"gold_loss":0.0,"damage_taken":0.0},{"damage_healed":0.0,"max_hp_gain":0.0,"max_hp_loss":0.0,"gold_gain":0.0,"event_name":"The Library","player_choice":"Read","floor":19.0,"gold_loss":0.0,"damage_taken":0.0,"cards_obtained":["Reinforced Body"]},{"cards_removed":["Go for the Eyes"],"damage_healed":0.0,"max_hp_gain":0.0,"max_hp_loss":0.0,"gold_gain":0.0,"event_name":"Back to Basics","player_choice":"Elegance","floor":21.0,"gold_loss":0.0,"damage_taken":0.0},{"damage_healed":0.0,"max_hp_gain":0.0,"max_hp_loss":0.0,"gold_gain":50.0,"event_name":"Nest","player_choice":"Stole From Cult","floor":27.0,"gold_loss":0.0,"damage_taken":0.0},{"damage_healed":0.0,"max_hp_gain":0.0,"max_hp_loss":0.0,"gold_gain":0.0,"event_name":"Forgotten Altar","player_choice":"Gave Idol","floor":31.0,"relics_lost":["Golden Idol"],"gold_loss":0.0,"damage_taken":0.0,"relics_obtained":["Bloody Idol"]},{"damage_healed":0.0,"max_hp_gain":0.0,"max_hp_loss":0.0,"gold_gain":0.0,"event_name":"Upgrade Shrine","player_choice":"Upgraded","floor":36.0,"gold_loss":0.0,"damage_taken":0.0,"cards_upgraded":["Creative AI"]},{"damage_healed":0.0,"max_hp_gain":0.0,"max_hp_loss":0.0,"gold_gain":0.0,"event_name":"SensoryStone","player_choice":"Memory 3","floor":44.0,"gold_loss":0.0,"damage_taken":10.0}],"is_beta":true,"boss_relics":[{"not_picked":["Snecko Eye","Pandora\u0027s Box"],"picked":"Astrolabe"},{"not_picked":["Nuclear Battery","Black Star"],"picked":"Fusion Hammer"}],"items_purged_floors":[4,11],"is_endless":false,"potions_floor_spawned":[7,10,14,16,18,23,25,29,30,33,35,37,39,41,45,47,48,55],"killed_by":"The Heart","ascension_level":20}