{"gold_per_floor":[118,118,83,96,114,114,142,142,166,192,205,221,221,256,256,333,333,353,353,388,403,414,414,442,442,442,474,487,512,118,118,118,197,197,207,218,218,52,52,85,85,116,116,133,143,143,177,177,177,177,177],"floor_reached":51,"playtime":26591,"items_purged":["Strike_B"],"score":1772,"play_id":"e8db6e4a-aaee-4bed-8030-84094a74c419","local_time":"20210529205631","is_ascension_mode":true,"campfire_choices":[{"data":"Sweeping Beam","floor":6.0,"key":"SMITH"},{"floor":8.0,"key":"REST"},{"data":"Darkness","floor":15.0,"key":"SMITH"},{"data":"Hyperbeam","floor":23.0,"key":"SMITH"},{"floor":25.0,"key":"REST"},{"data":"Defragment","floor":32.0,"key":"SMITH"},{"data":"Defragment","floor":41,"key":"SMITH"},{"floor":46,"key":"RECALL"},{"data":"Seek","floor":49,"key":"SMITH"}],"neow_cost":"NONE","seed_source_timestamp":732491825476600,"circlet_count":0,"master_deck":["AscendersBane","Strike_B+1","Strike_B+1","Defend_B+1","Defend_B+1","Defend_B+1","Defend_B+1","Zap+1","Dualcast","Sweeping Beam+1","Sweeping Beam","Go for the Eyes","Lockon","Darkness+1","Barrage","Coolheaded","Genetic Algorithm+1","Hologram","Conserve Battery+1","Reboot","Steam+1","Ball Lightning","Defragment+1","Seek+1","Coolheaded","Blind","Static Discharge+1","Auto Shields+1","Coolheaded","Defragment+1","Normality","Undo"],"special_seed":0,"relics":["Cracked Core","Bronze Scales","PreservedInsect","Boot","Mango","Akabeko","Velvet Choker","Red Mask","White Beast Statue","InkBottle","Du-Vu Doll","Ginger","Eternal Feather","Cursed Key","Orrery","FossilizedHelix","Regal Pillow","DataDisk"],"potions_floor_usage":[40,50,51],"damage_taken":[{"damage":1.0,"enemies":"Cultist","floor":1.0,"turns":3.0},{"damage":4.0,"enemies":"Jaw Worm","floor":4.0,"turns":3.0},{"damage":3.0,"enemies":"Small Slimes","floor":5.0,"turns":2.0},{"damage":15.0,"enemies":"Lagavulin","floor":7.0,"turns":7.0},{"damage":13.0,"enemies":"3 Sentries","floor":10.0,"turns":4.0},{"damage":1.0,"enemies":"Blue Slaver","floor":11.0,"turns":2.0},{"damage":12.0,"enemies":"Large Slime","floor":12.0,"turns":3.0},{"damage":0.0,"enemies":"Lagavulin","floor":14.0,"turns":4.0},{"damage":36.0,"enemies":"Slime Boss","floor":16.0,"turns":8.0},{"damage":0.0,"enemies":"Chosen","floor":18.0,"turns":3.0},{"damage":0.0,"enemies":"Masked Bandits","floor":20.0,"turns":2.0},{"damage":4.0,"enemies":"Spheric Guardian","floor":21.0,"turns":3.0},{"damage":17.0,"enemies":"Centurion and Healer","floor":22.0,"turns":7.0},{"damage":0.0,"enemies":"Gremlin Leader","floor":24.0,"turns":4.0},{"damage":0.0,"enemies":"Slavers","floor":27.0,"turns":1.0},{"damage":0.0,"enemies":"Snecko","floor":28.0,"turns":3.0},{"damage":0.0,"enemies":"Book of Stabbing","floor":29.0,"turns":2.0},{"damage":21.0,"enemies":"Collector","floor":33.0,"turns":6.0},{"damage":0,"enemies":"3 Shapes","floor":35,"turns":6},{"damage":11,"enemies":"Orb Walker","floor":36,"turns":3},{"damage":23,"enemies":"Reptomancer","floor":40,"turns":7},{"damage":10,"enemies":"Nemesis","floor":42,"turns":6},{"damage":3,"enemies":"Writhing Mass","floor":44,"turns":9},{"damage":0,"enemies":"Spire Growth","floor":45,"turns":6},{"damage":9,"enemies":"Reptomancer","floor":47,"turns":4},{"damage":47,"enemies":"Donu and Deca","floor":50,"turns":13},{"damage":46,"enemies":"Time Eater","floor":51,"turns":7}],"seed_played":"2067497424177102540","potions_obtained":[{"floor":4.0,"key":"SneckoOil"},{"floor":5.0,"key":"Block Potion"},{"floor":12.0,"key":"AttackPotion"},{"floor":16.0,"key":"DistilledChaos"},{"floor":18.0,"key":"Regen Potion"},{"floor":21.0,"key":"SneckoOil"},{"floor":27.0,"key":"Explosive Potion"},{"floor":28.0,"key":"PowerPotion"},{"floor":33.0,"key":"LiquidBronze"},{"floor":35,"key":"SmokeBomb"},{"floor":36,"key":"EssenceOfSteel"},{"floor":40,"key":"DuplicationPotion"},{"floor":42,"key":"Strength Potion"},{"floor":44,"key":"LiquidMemories"}],"is_trial":false,"path_per_floor":["M","?","?","M","M","R","E","R","T","E","M","M","T","E","R","B",null,"M","?","?","M","M","R","E","R","T","E","M","E","$","?","R","B",null,"M","M","?","$","?","E","R","E","T","M","M","R","E","?","R","B","B"],"character_chosen":"DEFECT","items_purchased":["Defragment","Eternal Feather","Orrery"],"campfire_rested":2,"item_purchase_floors":[30,30,38],"current_hp_per_floor":[63,42,59,55,52,52,37,58,58,45,44,32,46,46,46,10,66,66,66,66,62,45,45,45,70,70,70,70,70,70,70,82,61,79,79,68,58,58,58,35,53,43,43,40,40,58,49,49,67,20,0],"gold":177,"neow_bonus":"REMOVE_CARD","is_prod":false,"is_daily":false,"chose_seed":false,"campfire_upgraded":6,"win_rate":0,"timestamp":1622346991,"path_taken":["M","?","?","M","M","R","E","R","T","E","M","M","?","E","R","BOSS","M","?","?","M","M","R","E","R","T","E","M","E","$","?","R","BOSS","M","M","?","$","?","E","R","E","T","M","M","R","E","?","R","BOSS","BOSS"],"build_version":"2020-12-18","purchased_purges":1,"victory":false,"max_hp_per_floor":[71,71,71,71,71,71,71,71,71,71,71,71,85,85,85,85,85,85,85,85,85,85,85,85,85,85,85,85,85,85,85,85,85,85,85,85,85,85,81,81,81,81,81,81,81,81,81,81,81,81,81],"relic_stats":{"Regal Pillow":0,"counters":[27,128],"Bronze Scales":[240],"Eternal Feather":66,"PreservedInsect":371,"Ginger":[13],"Boot":[70],"Cursed Key":1,"obtain_stats":[{"Regal Pillow":42,"Velvet Choker":17,"Mango":13,"Eternal Feather":30,"PreservedInsect":9,"Ginger":29,"Boot":10,"Cursed Key":34,"Akabeko":14,"White Beast Statue":24,"Du-Vu Doll":27,"DataDisk":47,"Bronze Scales":7,"Orrery":38,"Red Mask":20,"Cracked Core":0,"InkBottle":26,"FossilizedHelix":40},{"Regal Pillow":22,"Velvet Choker":9,"Mango":7,"Eternal Feather":17,"PreservedInsect":4,"Ginger":17,"Boot":5,"Cursed Key":18,"Akabeko":8,"White Beast Statue":14,"Du-Vu Doll":15,"DataDisk":25,"Bronze Scales":4,"Orrery":20,"Red Mask":11,"Cracked Core":0,"InkBottle":14,"FossilizedHelix":21},{"Regal Pillow":89,"Velvet Choker":36,"Mango":24,"Eternal Feather":61,"PreservedInsect":15,"Ginger":61,"Boot":19,"Cursed Key":67,"Akabeko":28,"White Beast Statue":55,"Du-Vu Doll":56,"DataDisk":108,"Bronze Scales":15,"Orrery":76,"Red Mask":41,"Cracked Core":0,"InkBottle":55,"FossilizedHelix":83}],"InkBottle":[31]},"card_choices":[{"not_picked":["Compile Driver","Darkness"],"picked":"Sweeping Beam","floor":1.0},{"not_picked":["Gash","Hello World"],"picked":"Sweeping Beam","floor":4.0},{"not_picked":["Leap","Streamline"],"picked":"Go for the Eyes","floor":5.0},{"not_picked":["Steam","Conserve Battery"],"picked":"Lockon","floor":7.0},{"not_picked":["Steam","Melter"],"picked":"Darkness","floor":10.0},{"not_picked":["Darkness","Recycle","Thunder Strike"],"picked":"SKIP","floor":11.0},{"not_picked":["Leap","Gash"],"picked":"Barrage","floor":12.0},{"not_picked":["Cold Snap","Steam"],"picked":"Coolheaded","floor":14.0},{"not_picked":["Echo Form","Machine Learning"],"picked":"Hyperbeam","floor":16.0},{"not_picked":["Reprogram","Ball Lightning"],"picked":"Genetic Algorithm+1","floor":18.0},{"not_picked":["Conserve Battery","White Noise"],"picked":"Hologram","floor":20.0},{"not_picked":["Barrage","Stack+1"],"picked":"Conserve Battery+1","floor":21.0},{"not_picked":["FTL","Hologram"],"picked":"Reboot","floor":22.0},{"not_picked":["Sweeping Beam","Redo"],"picked":"Steam+1","floor":24.0},{"not_picked":["White Noise","Beam Cell"],"picked":"Ball Lightning","floor":27.0},{"not_picked":["Redo","Steam Power","Hologram"],"picked":"SKIP","floor":28.0},{"not_picked":["Lockon","Gash","Thunder Strike"],"picked":"SKIP","floor":29.0},{"not_picked":["Meteor Strike","Thunder Strike"],"picked":"Seek","floor":33.0},{"not_picked":["Compile Driver","FTL"],"picked":"Coolheaded","floor":35},{"not_picked":["Gash","FTL","Melter+1"],"picked":"SKIP","floor":36},{"not_picked":["Panacea","Trip"],"picked":"Blind","floor":37},{"not_picked":["Skim+1","Heatsinks"],"picked":"Static Discharge+1","floor":38},{"not_picked":["Scrape","Barrage"],"picked":"Auto Shields+1","floor":38},{"not_picked":["Static Discharge","Compile Driver"],"picked":"Coolheaded","floor":38},{"not_picked":["Fusion+1","Stack"],"picked":"Defragment","floor":40},{"not_picked":["Hello World","Stack","Gash"],"picked":"SKIP","floor":42},{"not_picked":["Hello World","Streamline","Barrage"],"picked":"SKIP","floor":44},{"not_picked":["Reprogram+1","Leap","Force Field"],"picked":"SKIP","floor":45},{"not_picked":["Sweeping Beam+1","Beam Cell+1"],"picked":"Undo","floor":47}],"player_experience":3863155,"relics_obtained":[{"floor":7.0,"key":"Bronze Scales"},{"floor":9.0,"key":"PreservedInsect"},{"floor":10.0,"key":"Boot"},{"floor":13.0,"key":"Mango"},{"floor":14.0,"key":"Akabeko"},{"floor":20.0,"key":"Red Mask"},{"floor":24.0,"key":"White Beast Statue"},{"floor":26.0,"key":"InkBottle"},{"floor":27.0,"key":"Du-Vu Doll"},{"floor":29.0,"key":"Ginger"},{"floor":40,"key":"FossilizedHelix"},{"floor":42,"key":"Regal Pillow"},{"floor":47,"key":"DataDisk"}],"event_choices":[{"damage_healed":0.0,"max_hp_gain":0.0,"max_hp_loss":0.0,"gold_gain":0.0,"event_name":"Shining Light","player_choice":"Entered Light","floor":2.0,"gold_loss":0.0,"damage_taken":21.0,"cards_upgraded":["Strike_B","Zap"]},{"damage_healed":17.0,"max_hp_gain":0.0,"max_hp_loss":0.0,"gold_gain":0.0,"event_name":"The Cleric","player_choice":"Healed","floor":3.0,"gold_loss":35.0,"damage_taken":0.0},{"damage_healed":0.0,"max_hp_gain":0.0,"max_hp_loss":0.0,"gold_gain":0.0,"event_name":"Vampires","player_choice":"Ignored","floor":19.0,"gold_loss":0.0,"damage_taken":0.0},{"damage_healed":0.0,"max_hp_gain":0.0,"max_hp_loss":0.0,"gold_gain":0.0,"event_name":"Masked Bandits","player_choice":"Fought Bandits","floor":20.0,"gold_loss":0.0,"damage_taken":0.0},{"damage_healed":0.0,"max_hp_gain":0.0,"max_hp_loss":0.0,"gold_gain":0.0,"event_name":"Back to Basics","player_choice":"Simplicity","floor":31.0,"gold_loss":0.0,"damage_taken":0.0,"cards_upgraded":["Strike_B","Defend_B","Defend_B","Defend_B","Defend_B"]},{"damage_healed":0,"gold_gain":0,"player_choice":"Memory 3","damage_taken":10,"max_hp_gain":0,"max_hp_loss":0,"event_name":"SensoryStone","floor":37,"gold_loss":0},{"damage_healed":0,"gold_gain":0,"player_choice":"Max HP","damage_taken":0,"max_hp_gain":0,"max_hp_loss":4,"event_name":"Winding Halls","floor":39,"gold_loss":0},{"cards_removed":["Hyperbeam"],"damage_healed":0,"gold_gain":0,"player_choice":"Removed Attack","damage_taken":0,"max_hp_gain":0,"max_hp_loss":0,"event_name":"Falling","floor":48,"gold_loss":0}],"is_beta":true,"boss_relics":[{"not_picked":["Busted Crown","Nuclear Battery"],"picked":"Velvet Choker"},{"not_picked":["Runic Dome","Pandora\u0027s Box"],"picked":"Cursed Key"}],"items_purged_floors":[30],"is_endless":false,"potions_floor_spawned":[4,5,12,16,18,21,27,28,29,33,35,36,40,42,44,45,47],"killed_by":"Time Eater","ascension_level":20}