{"gold_per_floor":[110,126,126,142,161,161,236,270,270,270,270,270,349,382,382,382],"floor_reached":16,"playtime":499,"items_purged":[],"score":216,"play_id":"4b142e73-3d57-437f-9224-fa3babe8393e","local_time":"20210526205610","is_ascension_mode":true,"campfire_choices":[{"data":"Sweeping Beam","floor":6,"key":"SMITH"},{"data":"Static Discharge","floor":10,"key":"SMITH"},{"floor":12,"key":"REST"},{"data":"Sweeping Beam","floor":15,"key":"SMITH"}],"neow_cost":"NONE","seed_source_timestamp":499468233749800,"circlet_count":0,"master_deck":["AscendersBane","Strike_B","Strike_B","Strike_B","Strike_B+1","Defend_B+1","Defend_B","Defend_B","Defend_B","Zap","Dualcast","Go for the Eyes","Sweeping Beam+1","Static Discharge+1","Genetic Algorithm","Sweeping Beam+1"],"relics":["Cracked Core","Potion Belt","Smiling Mask","Orichalcum","White Beast Statue","Question Card"],"potions_floor_usage":[7,8,8,8,14,16],"damage_taken":[{"damage":0,"enemies":"2 Louse","floor":1,"turns":2},{"damage":7,"enemies":"Small Slimes","floor":2,"turns":3},{"damage":2,"enemies":"Jaw Worm","floor":4,"turns":3},{"damage":17,"enemies":"Lots of Slimes","floor":5,"turns":3},{"damage":5,"enemies":"3 Sentries","floor":8,"turns":4},{"damage":16,"enemies":"Lagavulin","floor":14,"turns":6},{"damage":17,"enemies":"Hexaghost","floor":16,"turns":7}],"seed_played":"5400500926306122669","potions_obtained":[{"floor":1,"key":"EntropicBrew"},{"floor":14,"key":"PotionOfCapacity"}],"is_trial":false,"path_per_floor":["M","M","?","M","M","R","?","E","T","R","?","R","T","E","R","B"],"character_chosen":"DEFECT","items_purchased":[],"campfire_rested":1,"item_purchase_floors":[],"current_hp_per_floor":[64,57,62,60,43,43,32,27,27,27,4,26,26,10,10,0],"gold":382,"neow_bonus":"RANDOM_COMMON_RELIC","is_prod":false,"is_daily":false,"chose_seed":false,"campfire_upgraded":3,"win_rate":0,"timestamp":1622087770,"path_taken":["M","M","?","M","M","R","?","E","T","R","?","R","?","E","R","BOSS"],"build_version":"2020-12-18","purchased_purges":0,"victory":false,"max_hp_per_floor":[71,71,76,76,76,76,76,76,76,76,76,76,76,76,76,76],"relic_stats":{"counters":[7,28],"Orichalcum":[36],"Smiling Mask":0,"Question Card":0,"obtain_stats":[{"Potion Belt":0,"Orichalcum":9,"Cracked Core":0,"Smiling Mask":8,"Question Card":14,"White Beast Statue":13},{"Potion Belt":0,"Orichalcum":5,"Cracked Core":0,"Smiling Mask":5,"Question Card":6,"White Beast Statue":5},{"Potion Belt":0,"Orichalcum":15,"Cracked Core":0,"Smiling Mask":15,"Question Card":21,"White Beast Statue":15}]},"card_choices":[{"not_picked":["BootSequence","Reinforced Body"],"picked":"Go for the Eyes","floor":1},{"not_picked":["Hologram","Hello World","Stack"],"picked":"SKIP","floor":2},{"not_picked":["Barrage","Redo"],"picked":"Sweeping Beam","floor":4},{"not_picked":["Capacitor","Buffer"],"picked":"Static Discharge","floor":5},{"not_picked":["Undo","Streamline"],"picked":"Genetic Algorithm","floor":8},{"not_picked":["Stack","Turbo"],"picked":"Sweeping Beam","floor":14}],"player_experience":3813710,"relics_obtained":[{"floor":8,"key":"Smiling Mask"},{"floor":9,"key":"Orichalcum"},{"floor":13,"key":"White Beast Statue"},{"floor":14,"key":"Question Card"}],"event_choices":[{"damage_healed":0,"gold_gain":0,"player_choice":"Donut","damage_taken":0,"max_hp_gain":5,"max_hp_loss":0,"event_name":"Big Fish","floor":3,"gold_loss":0},{"damage_healed":0,"gold_gain":75,"player_choice":"Gather Gold","damage_taken":11,"max_hp_gain":0,"max_hp_loss":0,"event_name":"World of Goop","floor":7,"gold_loss":0},{"damage_healed":0,"gold_gain":0,"player_choice":"Entered Light","damage_taken":23,"max_hp_gain":0,"max_hp_loss":0,"event_name":"Shining Light","floor":11,"gold_loss":0,"cards_upgraded":["Defend_B","Strike_B"]}],"is_beta":true,"boss_relics":[],"items_purged_floors":[],"is_endless":false,"potions_floor_spawned":[1,14],"killed_by":"Hexaghost","ascension_level":20}