{"gold_per_floor":[112,130,140,105,115,141,141,175,175,155,181,29,59,70,70,144,144,160,160,28,28,48,48,82,102,102,132,132,147,147,177,177,177],"floor_reached":33,"playtime":1956,"items_purged":["Strike_B"],"score":716,"play_id":"05c9fbc6-fa43-4809-9217-419e5904ca3f","local_time":"20210527130119","is_ascension_mode":true,"campfire_choices":[{"data":"Sweeping Beam","floor":7.0,"key":"SMITH"},{"data":"Darkness","floor":15.0,"key":"SMITH"},{"floor":23,"key":"REST"},{"floor":28,"key":"REST"},{"floor":32,"key":"REST"}],"neow_cost":"NONE","seed_source_timestamp":0,"circlet_count":0,"master_deck":["AscendersBane","Strike_B","Strike_B","Strike_B","Defend_B","Defend_B","Defend_B","Defend_B","Zap","Dualcast","Darkness+1","Sweeping Beam+1","Ball Lightning","Creative AI","Reinforced Body+1","Coolheaded+1","Turbo+1","Electrodynamics","Chill+1","Defragment","Coolheaded+1","Recycle+1","Skim+1","Defragment"],"special_seed":0,"relics":["Cracked Core","PreservedInsect","Juzu Bracelet","Pocketwatch","Toxic Egg 2","Question Card","DataDisk","SlaversCollar","Nilry\u0027s Codex","Matryoshka","TungstenRod","Bag of Marbles","Singing Bowl","Orichalcum","Meat on the Bone"],"potions_floor_usage":[24,24],"damage_taken":[{"damage":0.0,"enemies":"Small Slimes","floor":1.0,"turns":3.0},{"damage":1.0,"enemies":"Cultist","floor":2.0,"turns":3.0},{"damage":3.0,"enemies":"2 Louse","floor":3.0,"turns":3.0},{"damage":5.0,"enemies":"Gremlin Gang","floor":5.0,"turns":3.0},{"damage":0.0,"enemies":"Gremlin Nob","floor":6.0,"turns":2.0},{"damage":15.0,"enemies":"3 Sentries","floor":8.0,"turns":4.0},{"damage":8.0,"enemies":"Gremlin Nob","floor":11.0,"turns":3.0},{"damage":11.0,"enemies":"3 Sentries","floor":13.0,"turns":5.0},{"damage":0.0,"enemies":"Blue Slaver","floor":14.0,"turns":4.0},{"damage":3.0,"enemies":"The Guardian","floor":16.0,"turns":8.0},{"damage":20,"enemies":"Shell Parasite","floor":18,"turns":4},{"damage":9,"enemies":"3 Byrds","floor":22,"turns":4},{"damage":7,"enemies":"Slavers","floor":24,"turns":3},{"damage":2,"enemies":"3 Cultists","floor":25,"turns":4},{"damage":8,"enemies":"Book of Stabbing","floor":27,"turns":3},{"damage":21,"enemies":"Shelled Parasite and Fungi","floor":29,"turns":5},{"damage":14,"enemies":"Slavers","floor":31,"turns":3},{"damage":44,"enemies":"Collector","floor":33,"turns":9}],"seed_played":"-2142074332831708333","potions_obtained":[{"floor":2.0,"key":"FearPotion"},{"floor":5.0,"key":"Fruit Juice"},{"floor":6.0,"key":"GamblersBrew"},{"floor":8.0,"key":"BlessingOfTheForge"},{"floor":10.0,"key":"Weak Potion"},{"floor":13.0,"key":"Strength Potion"},{"floor":14.0,"key":"FearPotion"},{"floor":18,"key":"LiquidMemories"},{"floor":22,"key":"Block Potion"}],"is_trial":false,"path_per_floor":["M","M","M","?","M","E","R","E","T","?","E","$","E","M","R","B",null,"M","?","$","?","M","R","E","M","T","E","R","M","?","E","R","B"],"character_chosen":"DEFECT","items_purchased":["Reinforced Body+1","Defragment","Coolheaded+1"],"campfire_rested":3,"item_purchase_floors":[12,20,20],"current_hp_per_floor":[64,63,60,71,66,66,66,56,56,56,48,48,37,37,37,34,66,46,25,25,25,16,38,31,29,29,23,46,27,27,13,37,0],"gold":177,"neow_bonus":"RANDOM_COMMON_RELIC","is_prod":false,"is_daily":false,"chose_seed":false,"campfire_upgraded":2,"win_rate":0,"timestamp":1622145679,"path_taken":["M","M","M","?","M","E","R","E","T","?","E","$","E","M","R","BOSS","M","?","$","?","M","R","E","M","T","E","R","M","?","E","R","BOSS"],"build_version":"2020-12-18","purchased_purges":1,"victory":false,"max_hp_per_floor":[71,71,71,71,71,71,71,76,76,76,76,76,76,76,76,76,76,76,76,76,76,76,76,76,76,76,78,78,80,80,80,80,80],"relic_stats":{"Singing Bowl":4,"counters":[18,73],"PreservedInsect":234,"Juzu Bracelet":1,"Orichalcum":[12],"Question Card":10,"obtain_stats":[{"Singing Bowl":26,"Nilry\u0027s Codex":19,"PreservedInsect":0,"Juzu Bracelet":6,"Orichalcum":27,"Question Card":11,"SlaversCollar":17,"DataDisk":13,"Matryoshka":21,"Bag of Marbles":26,"Toxic Egg 2":9,"Cracked Core":0,"TungstenRod":24,"Pocketwatch":8,"Meat on the Bone":31},{"Singing Bowl":14,"Nilry\u0027s Codex":11,"PreservedInsect":0,"Juzu Bracelet":5,"Orichalcum":15,"Question Card":7,"SlaversCollar":10,"DataDisk":8,"Matryoshka":11,"Bag of Marbles":14,"Toxic Egg 2":6,"Cracked Core":0,"TungstenRod":13,"Pocketwatch":6,"Meat on the Bone":17},{"Singing Bowl":53,"Nilry\u0027s Codex":42,"PreservedInsect":0,"Juzu Bracelet":14,"Orichalcum":56,"Question Card":21,"SlaversCollar":38,"DataDisk":26,"Matryoshka":42,"Bag of Marbles":53,"Toxic Egg 2":18,"Cracked Core":0,"TungstenRod":49,"Pocketwatch":18,"Meat on the Bone":64}],"TungstenRod":14,"Pocketwatch":[69],"Meat on the Bone":0},"card_choices":[{"not_picked":["Go for the Eyes","Rebound"],"picked":"Darkness","floor":1.0},{"not_picked":["Go for the Eyes","Turbo","Streamline"],"picked":"SKIP","floor":2.0},{"not_picked":["Coolheaded","Beam Cell"],"picked":"Sweeping Beam","floor":3.0},{"not_picked":["Gash","Loop"],"picked":"Ball Lightning","floor":5.0},{"not_picked":["All For One","Leap"],"picked":"Creative AI","floor":6.0},{"not_picked":["Streamline","BootSequence","Gash"],"picked":"SKIP","floor":8.0},{"not_picked":["Rebound","Lockon","Redo+1"],"picked":"SKIP","floor":11.0},{"not_picked":["Self Repair","Cold Snap","Stack+1"],"picked":"Coolheaded+1","floor":13.0},{"not_picked":["BootSequence+1","Sunder","FTL"],"picked":"Turbo+1","floor":14.0},{"not_picked":["All For One","Amplify+1","Multi-Cast+1"],"picked":"Electrodynamics","floor":16.0},{"not_picked":["Beam Cell","Lockon","Streamline+1"],"picked":"Chill+1","floor":18},{"not_picked":["Ball Lightning","Rebound","Stack+1"],"picked":"Recycle+1","floor":22},{"not_picked":["Turbo+1","Cold Snap","Lockon","Redo+1"],"picked":"SKIP","floor":24},{"not_picked":["Leap+1","Go for the Eyes","Hello World"],"picked":"Skim+1","floor":25},{"not_picked":["All For One","Turbo+1","Scrape","Ball Lightning"],"picked":"Singing Bowl","floor":27},{"not_picked":["Turbo+1","Rip and Tear","Doom and Gloom","Ball Lightning"],"picked":"Singing Bowl","floor":29},{"not_picked":["Hologram+1","Sunder","Rebound"],"picked":"Defragment","floor":31}],"player_experience":3817541,"relics_obtained":[{"floor":6.0,"key":"Juzu Bracelet"},{"floor":8.0,"key":"Pocketwatch"},{"floor":9.0,"key":"Toxic Egg 2"},{"floor":11.0,"key":"Question Card"},{"floor":13.0,"key":"DataDisk"},{"floor":19,"key":"Nilry\u0027s Codex"},{"floor":24,"key":"TungstenRod"},{"floor":26,"key":"Bag of Marbles"},{"floor":26,"key":"Singing Bowl"},{"floor":27,"key":"Orichalcum"},{"floor":31,"key":"Meat on the Bone"}],"event_choices":[{"damage_healed":17.0,"max_hp_gain":0.0,"max_hp_loss":0.0,"gold_gain":0.0,"event_name":"The Cleric","player_choice":"Healed","floor":4.0,"gold_loss":35.0,"damage_taken":0.0},{"damage_healed":0.0,"max_hp_gain":0.0,"max_hp_loss":0.0,"gold_gain":0.0,"event_name":"The Woman in Blue","player_choice":"Bought 1 Potion","floor":10.0,"gold_loss":0.0,"damage_taken":0.0},{"damage_healed":0,"gold_gain":0,"player_choice":"Obtained Book","damage_taken":21,"max_hp_gain":0,"max_hp_loss":0,"event_name":"Cursed Tome","floor":19,"gold_loss":0},{"damage_healed":0,"gold_gain":0,"player_choice":"Gave Potion","damage_taken":0,"relics_obtained":["Matryoshka"],"max_hp_gain":0,"max_hp_loss":0,"event_name":"WeMeetAgain","floor":21,"gold_loss":0},{"damage_healed":0,"gold_gain":0,"player_choice":"Ignored","damage_taken":0,"max_hp_gain":0,"max_hp_loss":0,"event_name":"Vampires","floor":30,"gold_loss":0}],"is_beta":true,"boss_relics":[{"not_picked":["Philosopher\u0027s Stone","Nuclear Battery"],"picked":"SlaversCollar"}],"items_purged_floors":[12],"is_endless":false,"potions_floor_spawned":[2,5,6,8,13,14,18,22],"killed_by":"Collector","ascension_level":20}