{"gold_per_floor":[115,129,1,11,23,23,39,64,64,64,90,154,188,208,208,285,285,305,285,300,20,37,37,49,78,160,175,175,175,175,186,186,265,265,279,279,279,108,127,153,153,173,197,222,236,55,55,66,66,66,66,66,66,11,11],"floor_reached":55,"playtime":3667,"items_purged":["Writhe"],"score":2038,"play_id":"3135fcaf-dbc0-4ed6-a46d-d26c2329086b","local_time":"20210528202704","is_ascension_mode":true,"campfire_choices":[{"data":"Sunder","floor":6,"key":"SMITH"},{"data":"Beam Cell","floor":10,"key":"SMITH"},{"data":"Scrape","floor":15,"key":"SMITH"},{"floor":23,"key":"REST"},{"data":"Strike_B","floor":28,"key":"PURGE"},{"floor":30,"key":"REST"},{"floor":32,"key":"REST"},{"floor":41,"key":"RECALL"},{"data":"Turbo","floor":49,"key":"SMITH"},{"data":"Defragment","floor":53,"key":"SMITH"}],"neow_cost":"TEN_PERCENT_HP_LOSS","seed_source_timestamp":667349164270800,"circlet_count":0,"master_deck":["AscendersBane","Defend_B","Defend_B","Defend_B","Defend_B","Gash","BootSequence","Sweeping Beam","Scrape+1","Sunder+1","Cold Snap","Beam Cell+1","FTL","Genetic Algorithm","Core Surge","Echo Form","Ball Lightning","All For One","Go for the Eyes","Gash","Hologram","Gash","Steam","Defragment+1","Hologram+1","Biased Cognition","Steam Power+1","Hologram+1","Fusion+1","Secret Weapon","Panache","Master of Strategy","All For One","Turbo+1","Buffer","Gash+1","Finesse"],"relics":["Cracked Core","Peace Pipe","Gambling Chip","Lizard Tail","Emotion Chip","Cables","SlaversCollar","DataDisk","Bronze Scales","Mercury Hourglass","Akabeko","Astrolabe","DollysMirror","Eternal Feather","Pocketwatch"],"potions_floor_usage":[5,8,11,12,18,25,25,33,33,50,50,55],"damage_taken":[{"damage":1,"enemies":"Cultist","floor":1,"turns":4},{"damage":0,"enemies":"Small Slimes","floor":2,"turns":3},{"damage":0,"enemies":"2 Louse","floor":4,"turns":2},{"damage":0,"enemies":"Gremlin Gang","floor":5,"turns":1},{"damage":2,"enemies":"Exordium Wildlife","floor":7,"turns":4},{"damage":15,"enemies":"3 Sentries","floor":8,"turns":5},{"damage":28,"enemies":"Lagavulin","floor":11,"turns":5},{"damage":30,"enemies":"Lagavulin Event","floor":12,"turns":4},{"damage":8,"enemies":"3 Sentries","floor":13,"turns":4},{"damage":0,"enemies":"3 Louse","floor":14,"turns":1},{"damage":21,"enemies":"The Guardian","floor":16,"turns":10},{"damage":8,"enemies":"3 Byrds","floor":18,"turns":3},{"damage":15,"enemies":"2 Thieves","floor":20,"turns":3},{"damage":11,"enemies":"Centurion and Healer","floor":22,"turns":5},{"damage":13,"enemies":"Cultist and Chosen","floor":24,"turns":4},{"damage":0,"enemies":"Book of Stabbing","floor":25,"turns":3},{"damage":12,"enemies":"Snecko","floor":27,"turns":4},{"damage":8,"enemies":"Centurion and Healer","floor":31,"turns":4},{"damage":21,"enemies":"Automaton","floor":33,"turns":6},{"damage":14,"enemies":"Orb Walker","floor":35,"turns":3},{"damage":6,"enemies":"3 Shapes","floor":39,"turns":5},{"damage":27,"enemies":"Nemesis","floor":40,"turns":5},{"damage":7,"enemies":"Jaw Worm Horde","floor":42,"turns":2},{"damage":0,"enemies":"Giant Head","floor":44,"turns":3},{"damage":0,"enemies":"Spire Growth","floor":45,"turns":3},{"damage":18,"enemies":"Maw","floor":48,"turns":5},{"damage":12,"enemies":"Donu and Deca","floor":50,"turns":4},{"damage":17,"enemies":"Time Eater","floor":51,"turns":7},{"damage":53,"enemies":"Shield and Spear","floor":55,"turns":2}],"seed_played":"6140736669432823899","potions_obtained":[{"floor":2,"key":"Explosive Potion"},{"floor":7,"key":"Fire Potion"},{"floor":11,"key":"BlessingOfTheForge"},{"floor":12,"key":"Block Potion"},{"floor":16,"key":"EssenceOfSteel"},{"floor":19,"key":"Ancient Potion"},{"floor":22,"key":"PowerPotion"},{"floor":24,"key":"Fire Potion"},{"floor":27,"key":"AttackPotion"},{"floor":31,"key":"Fire Potion"},{"floor":35,"key":"Ancient Potion"},{"floor":42,"key":"PowerPotion"},{"floor":44,"key":"BlessingOfTheForge"}],"is_trial":false,"path_per_floor":["M","M","$","M","M","R","M","E","T","R","E","?","E","M","R","B",null,"M","?","M","$","M","R","M","E","T","M","R","?","R","M","R","B",null,"M","?","?","$","M","E","R","M","T","E","M","$","?","M","R","B","B",null,"R","$","E"],"character_chosen":"DEFECT","items_purchased":["Scrape","Strength Potion","DataDisk","Hologram","Gash","DollysMirror","Finesse","ColorlessPotion"],"campfire_rested":3,"item_purchase_floors":[3,3,21,21,21,38,46,54],"current_hp_per_floor":[63,63,63,63,63,63,61,46,46,46,18,32,24,24,24,3,49,41,41,26,26,15,34,21,21,21,9,9,9,28,20,39,18,53,39,29,52,52,46,19,40,33,33,33,33,33,52,34,52,40,23,45,52,52,0],"gold":11,"neow_bonus":"TRANSFORM_TWO_CARDS","is_prod":false,"is_daily":false,"chose_seed":false,"campfire_upgraded":5,"win_rate":0,"timestamp":1622258824,"path_taken":["M","M","$","?","M","R","M","E","T","R","E","?","E","M","R","BOSS","M","?","?","$","M","R","M","E","T","M","R","?","R","M","R","BOSS","M","?","?","$","M","E","R","M","T","E","M","?","?","M","R","BOSS","BOSS","R","$","E"],"build_version":"2020-12-18","purchased_purges":1,"victory":false,"max_hp_per_floor":[64,64,64,64,64,64,64,64,64,64,64,64,64,64,64,64,64,64,64,64,64,64,64,64,64,64,64,64,64,64,64,64,64,64,64,64,52,52,52,52,52,52,52,52,52,52,52,52,52,52,52,52,52,52,52],"relic_stats":{"Peace Pipe":1,"Lizard Tail":32,"Emotion Chip":[49,39,7,0,3],"counters":[29,114],"Gambling Chip":[69],"Bronze Scales":[129],"Astrolabe":["Steam Power","Hologram","Fusion"],"Eternal Feather":46,"obtain_stats":[{"Astrolabe":34,"Eternal Feather":40,"Akabeko":29,"Cables":13,"Mercury Hourglass":26,"Peace Pipe":8,"SlaversCollar":17,"Lizard Tail":11,"Emotion Chip":12,"DataDisk":21,"DollysMirror":38,"Gambling Chip":9,"Bronze Scales":25,"Cracked Core":0,"Pocketwatch":44},{"Astrolabe":19,"Eternal Feather":22,"Akabeko":17,"Cables":9,"Mercury Hourglass":16,"Peace Pipe":6,"SlaversCollar":11,"Lizard Tail":7,"Emotion Chip":8,"DataDisk":13,"DollysMirror":20,"Gambling Chip":6,"Bronze Scales":16,"Cracked Core":0,"Pocketwatch":24},{"Astrolabe":75,"Eternal Feather":88,"Akabeko":65,"Cables":32,"Mercury Hourglass":61,"Peace Pipe":19,"SlaversCollar":43,"Lizard Tail":24,"Emotion Chip":28,"DataDisk":49,"DollysMirror":78,"Gambling Chip":19,"Bronze Scales":61,"Cracked Core":0,"Pocketwatch":93}],"Cables":[88,83,4,0,1],"Mercury Hourglass":[179],"Pocketwatch":[6]},"card_choices":[{"not_picked":["Conserve Battery","Coolheaded"],"picked":"Sweeping Beam","floor":1},{"not_picked":["Rebound","Steam"],"picked":"Static Discharge","floor":2},{"not_picked":["Cold Snap","Recycle"],"picked":"Sunder","floor":4},{"not_picked":["Fusion","Static Discharge"],"picked":"Cold Snap","floor":5},{"not_picked":["Go for the Eyes","White Noise"],"picked":"Beam Cell","floor":7},{"not_picked":["Beam Cell","Skim"],"picked":"FTL","floor":8},{"not_picked":["Recycle","Reinforced Body"],"picked":"Genetic Algorithm","floor":11},{"not_picked":["Steam","Coolheaded"],"picked":"Core Surge","floor":12},{"not_picked":["Coolheaded","Leap"],"picked":"Echo Form","floor":13},{"not_picked":["Loop","Streamline"],"picked":"Ball Lightning","floor":14},{"not_picked":["Echo Form","Thunder Strike"],"picked":"All For One","floor":16},{"not_picked":["Heatsinks","Hologram"],"picked":"Go for the Eyes","floor":18},{"not_picked":["Redo","BootSequence"],"picked":"Gash","floor":20},{"not_picked":["Redo","Compile Driver"],"picked":"Steam","floor":22},{"not_picked":["Rebound","Rip and Tear"],"picked":"Defragment","floor":24},{"not_picked":["Coolheaded","Leap"],"picked":"Hologram+1","floor":25},{"not_picked":["Go for the Eyes","Beam Cell+1","Auto Shields"],"picked":"SKIP","floor":27},{"not_picked":["Hologram+1","Steam"],"picked":"Biased Cognition","floor":31},{"not_picked":["Redo","Gash","Streamline"],"picked":"SKIP","floor":35},{"not_picked":["Finesse","Enlightenment"],"picked":"Secret Weapon","floor":36},{"not_picked":["Transmutation","Forethought"],"picked":"Panache","floor":36},{"not_picked":["Swift Strike","Purity"],"picked":"Master of Strategy","floor":36},{"not_picked":["Tempest+1","Conserve Battery"],"picked":"Turbo","floor":39},{"not_picked":["Scrape","Ball Lightning","Steam Power"],"picked":"SKIP","floor":40},{"not_picked":["Sweeping Beam","White Noise","Redo"],"picked":"SKIP","floor":42},{"not_picked":["Sweeping Beam","Steam"],"picked":"Buffer","floor":44},{"not_picked":["Consume","Turbo"],"picked":"Gash+1","floor":45},{"not_picked":["Rip and Tear","Loop","Storm+1"],"picked":"SKIP","floor":48}],"player_experience":3846739,"relics_obtained":[{"floor":8,"key":"Peace Pipe"},{"floor":9,"key":"Gambling Chip"},{"floor":11,"key":"Lizard Tail"},{"floor":12,"key":"Emotion Chip"},{"floor":13,"key":"Cables"},{"floor":25,"key":"Bronze Scales"},{"floor":26,"key":"Mercury Hourglass"},{"floor":40,"key":"Eternal Feather"},{"floor":44,"key":"Pocketwatch"}],"event_choices":[{"damage_healed":0,"gold_gain":0,"player_choice":"Searched \u00271\u0027 times","damage_taken":0,"max_hp_gain":0,"max_hp_loss":0,"event_name":"Dead Adventurer","floor":12,"gold_loss":0},{"damage_healed":0,"gold_gain":0,"player_choice":"Bought 1 Potion","damage_taken":0,"max_hp_gain":0,"max_hp_loss":0,"event_name":"The Woman in Blue","floor":19,"gold_loss":0},{"damage_healed":0,"gold_gain":0,"player_choice":"Opened","damage_taken":0,"relics_obtained":["Akabeko"],"max_hp_gain":0,"max_hp_loss":0,"event_name":"The Mausoleum","floor":29,"gold_loss":0,"cards_obtained":["Writhe"]},{"damage_healed":0,"gold_gain":0,"player_choice":"Memory 3","damage_taken":10,"max_hp_gain":0,"max_hp_loss":0,"event_name":"SensoryStone","floor":36,"gold_loss":0},{"damage_healed":52,"gold_gain":0,"player_choice":"Heal","damage_taken":0,"max_hp_gain":0,"max_hp_loss":12,"event_name":"The Moai Head","floor":37,"gold_loss":0},{"cards_removed":["Static Discharge"],"damage_healed":19,"gold_gain":0,"player_choice":"Offered Uncommon","damage_taken":0,"max_hp_gain":0,"max_hp_loss":0,"event_name":"Bonfire Elementals","floor":47,"gold_loss":0}],"is_beta":true,"boss_relics":[{"not_picked":["FrozenCore","Inserter"],"picked":"SlaversCollar"},{"not_picked":["Busted Crown","Pandora\u0027s Box"],"picked":"Astrolabe"}],"items_purged_floors":[46],"is_endless":false,"potions_floor_spawned":[2,7,11,12,16,22,24,27,31,35,42,44,48],"killed_by":"Shield and Spear","ascension_level":20}