{"gold_per_floor":[216,232,282,296,296,296,307,342,390,68,68],"floor_reached":11,"playtime":475,"items_purged":[],"score":146,"play_id":"6781b119-ddfe-4307-a808-c2ebd0c53473","local_time":"20210528210248","is_ascension_mode":true,"campfire_choices":[{"data":"Zap","floor":6,"key":"SMITH"}],"neow_cost":"NONE","seed_source_timestamp":672688934975600,"circlet_count":0,"master_deck":["AscendersBane","Strike_B","Strike_B","Strike_B","Strike_B","Defend_B","Defend_B","Defend_B","Defend_B","Zap+1","Dualcast","Storm","Compile Driver","Ball Lightning","Cold Snap","Coolheaded"],"relics":["Cracked Core","Sundial","Art of War","Molten Egg 2"],"potions_floor_usage":[8,11],"damage_taken":[{"damage":1,"enemies":"Small Slimes","floor":1,"turns":3},{"damage":1,"enemies":"Cultist","floor":2,"turns":3},{"damage":11,"enemies":"2 Louse","floor":4,"turns":3},{"damage":15,"enemies":"Large Slime","floor":7,"turns":5},{"damage":8,"enemies":"Gremlin Nob","floor":8,"turns":3},{"damage":22,"enemies":"3 Sentries","floor":11,"turns":7}],"seed_played":"256472778643003618","potions_obtained":[{"floor":1,"key":"AttackPotion"},{"floor":2,"key":"DuplicationPotion"}],"is_trial":false,"path_per_floor":["M","M","?","M","$","R","M","E","T","$","E"],"character_chosen":"DEFECT","items_purchased":["Molten Egg 2","ColorlessPotion"],"campfire_rested":0,"item_purchase_floors":[10,10],"current_hp_per_floor":[63,62,55,44,44,44,29,21,21,21,0],"gold":68,"neow_bonus":"HUNDRED_GOLD","is_prod":false,"is_daily":false,"chose_seed":false,"campfire_upgraded":1,"win_rate":0,"timestamp":1622260968,"path_taken":["M","M","?","M","?","R","M","E","T","$","E"],"build_version":"2020-12-18","purchased_purges":0,"victory":false,"max_hp_per_floor":[71,71,71,71,71,71,71,71,71,71,71],"relic_stats":{"counters":[6,24],"Sundial":[0],"Art of War":[2],"obtain_stats":[{"Sundial":8,"Molten Egg 2":10,"Art of War":9,"Cracked Core":0},{"Sundial":5,"Molten Egg 2":5,"Art of War":5,"Cracked Core":0},{"Sundial":17,"Molten Egg 2":17,"Art of War":17,"Cracked Core":0}]},"card_choices":[{"not_picked":["Loop","Melter"],"picked":"Storm","floor":1},{"not_picked":["Static Discharge","Reprogram"],"picked":"Compile Driver","floor":2},{"not_picked":["Chaos","Loop"],"picked":"Ball Lightning","floor":4},{"not_picked":["Reinforced Body","Capacitor"],"picked":"Cold Snap","floor":7},{"not_picked":["Leap","Hologram"],"picked":"Coolheaded","floor":8}],"player_experience":3852042,"relics_obtained":[{"floor":8,"key":"Sundial"},{"floor":9,"key":"Art of War"}],"event_choices":[{"damage_healed":0,"gold_gain":50,"player_choice":"Touch","damage_taken":7,"max_hp_gain":0,"max_hp_loss":0,"event_name":"FaceTrader","floor":3,"gold_loss":0}],"is_beta":true,"boss_relics":[],"items_purged_floors":[],"is_endless":false,"potions_floor_spawned":[1,2,7],"killed_by":"3 Sentries","ascension_level":20}