{"gold_per_floor":[363,363,378,308,308,333,333,360,360,54,71,21,35,61,61,140,140,154,164,14,64,81,81,101,127,181,131,131,151,151,151,151,224,224,238,159,178,178,191,219,219,248,273,286,318,318,6,0,0,0,0,0,0,0,0],"floor_reached":55,"playtime":3404,"items_purged":["Strike_B","Strike_B","Strike_B","Shame","Regret"],"score":2032,"play_id":"a0ff91b8-28b9-4b53-af91-10cc8355b119","local_time":"20210529234413","is_ascension_mode":true,"campfire_choices":[{"floor":7,"key":"REST"},{"data":"Apotheosis","floor":15,"key":"SMITH"},{"floor":23,"key":"REST"},{"data":"Defragment","floor":28,"key":"SMITH"},{"floor":32,"key":"RECALL"},{"floor":41,"key":"REST"},{"floor":46,"key":"REST"},{"floor":49,"key":"REST"},{"floor":53,"key":"REST"}],"neow_cost":"TEN_PERCENT_HP_LOSS","seed_source_timestamp":765842082771000,"circlet_count":0,"master_deck":["AscendersBane","Defend_B","Defend_B","Defend_B","Defend_B","Zap","Lockon","Conserve Battery","Ball Lightning+1","Compile Driver+1","Apotheosis+1","Compile Driver+1","Glacier","Hologram","Electrodynamics","Sunder+1","Defragment","Go for the Eyes+1","Capacitor","Ball Lightning+1","Defragment+1","Thunder Strike+1","Leap+1","Cold Snap+1","Buffer","Coolheaded","Master of Strategy","Flash of Steel+1","Stack+1","Compile Driver+1","Cold Snap+1","Skim+1"],"relics":["Cracked Core","Molten Egg 2","Oddly Smooth Stone","Smiling Mask","InkBottle","Bronze Scales","Cursed Key","Anchor","Strawberry","Fusion Hammer","Blood Vial","StrikeDummy","Vajra","Bottled Lightning","Red Mask"],"potions_floor_usage":[6,13,14,14,25,55,55],"damage_taken":[{"damage":7,"enemies":"Jaw Worm","floor":1,"turns":3},{"damage":14,"enemies":"Small Slimes","floor":3,"turns":3},{"damage":12,"enemies":"Lagavulin","floor":6,"turns":10},{"damage":11,"enemies":"Gremlin Nob","floor":8,"turns":3},{"damage":1,"enemies":"2 Louse","floor":11,"turns":3},{"damage":0,"enemies":"Looter","floor":13,"turns":1},{"damage":0,"enemies":"Lagavulin","floor":14,"turns":6},{"damage":0,"enemies":"The Guardian","floor":16,"turns":10},{"damage":11,"enemies":"Shell Parasite","floor":18,"turns":3},{"damage":0,"enemies":"3 Byrds","floor":19,"turns":4},{"damage":0,"enemies":"Centurion and Healer","floor":22,"turns":5},{"damage":1,"enemies":"Shelled Parasite and Fungi","floor":24,"turns":4},{"damage":7,"enemies":"Slavers","floor":25,"turns":2},{"damage":3,"enemies":"Snecko","floor":29,"turns":4},{"damage":20,"enemies":"Automaton","floor":33,"turns":8},{"damage":0,"enemies":"3 Shapes","floor":35,"turns":2},{"damage":4,"enemies":"3 Darklings","floor":37,"turns":4},{"damage":0,"enemies":"Transient","floor":39,"turns":6},{"damage":2,"enemies":"Reptomancer","floor":40,"turns":7},{"damage":2,"enemies":"Nemesis","floor":42,"turns":7},{"damage":20,"enemies":"Writhing Mass","floor":44,"turns":6},{"damage":29,"enemies":"Reptomancer","floor":45,"turns":6},{"damage":12,"enemies":"Donu and Deca","floor":50,"turns":10},{"damage":1,"enemies":"Awakened One","floor":51,"turns":14},{"damage":81,"enemies":"Shield and Spear","floor":55,"turns":5}],"seed_played":"-6571623711533419014","potions_obtained":[{"floor":1,"key":"SkillPotion"},{"floor":8,"key":"ColorlessPotion"},{"floor":13,"key":"FearPotion"},{"floor":22,"key":"DistilledChaos"},{"floor":25,"key":"SteroidPotion"},{"floor":33,"key":"SneckoOil"},{"floor":42,"key":"Strength Potion"}],"is_trial":false,"path_per_floor":["M","?","M","?","?","E","R","E","T","$","M","$","M","E","R","B",null,"M","M","$","?","M","R","M","E","T","$","R","M","?","?","R","B",null,"M","$","M","?","M","E","R","E","T","M","E","R","$","?","R","B","B",null,"R","$","E"],"character_chosen":"DEFECT","items_purchased":["Apotheosis","Fire Potion","Go for the Eyes+1","Capacitor","DuplicationPotion","Bottled Lightning"],"campfire_rested":6,"item_purchase_floors":[10,10,20,20,36,47],"current_hp_per_floor":[57,31,17,17,17,5,24,13,13,13,12,12,12,12,12,12,51,40,40,40,40,40,59,58,51,58,58,58,55,55,55,55,35,62,62,62,58,48,48,46,67,67,67,49,22,43,43,43,64,54,55,67,71,71,0],"gold":0,"neow_bonus":"TWO_FIFTY_GOLD","is_prod":false,"is_daily":false,"chose_seed":false,"campfire_upgraded":2,"win_rate":0,"timestamp":1622357053,"path_taken":["M","?","M","?","?","E","R","E","T","$","?","$","M","E","R","BOSS","M","M","$","?","M","R","M","E","T","$","R","M","?","?","R","BOSS","M","$","M","?","M","E","R","E","T","M","E","R","$","?","R","BOSS","BOSS","R","$","E"],"build_version":"2020-12-18","purchased_purges":5,"victory":false,"max_hp_per_floor":[64,64,64,64,64,64,64,64,64,64,64,64,64,64,64,64,64,64,64,64,64,64,64,64,64,71,71,71,71,71,71,71,71,71,71,71,71,71,71,71,71,71,71,71,71,71,71,71,71,71,71,71,71,71,71],"relic_stats":{"Blood Vial":10,"counters":[25,136],"Bronze Scales":[371],"Smiling Mask":375,"Cursed Key":2,"obtain_stats":[{"Oddly Smooth Stone":6,"Vajra":45,"Smiling Mask":8,"Cursed Key":17,"Blood Vial":40,"Anchor":25,"Bronze Scales":14,"Strawberry":26,"Molten Egg 2":2,"Fusion Hammer":34,"Red Mask":48,"Bottled Lightning":47,"Cracked Core":0,"StrikeDummy":42,"InkBottle":9},{"Oddly Smooth Stone":3,"Vajra":22,"Smiling Mask":4,"Cursed Key":8,"Blood Vial":19,"Anchor":13,"Bronze Scales":7,"Strawberry":13,"Molten Egg 2":1,"Fusion Hammer":15,"Red Mask":22,"Bottled Lightning":22,"Cracked Core":0,"StrikeDummy":20,"InkBottle":4},{"Oddly Smooth Stone":16,"Vajra":107,"Smiling Mask":19,"Cursed Key":39,"Blood Vial":88,"Anchor":57,"Bronze Scales":29,"Strawberry":57,"Molten Egg 2":3,"Fusion Hammer":69,"Red Mask":107,"Bottled Lightning":107,"Cracked Core":0,"StrikeDummy":95,"InkBottle":19}],"InkBottle":[50]},"card_choices":[{"not_picked":["Auto Shields","Conserve Battery"],"picked":"Lockon","floor":1},{"not_picked":["BootSequence","Consume"],"picked":"Conserve Battery","floor":3},{"not_picked":["Tempest","Cold Snap+1"],"picked":"Ball Lightning+1","floor":6},{"not_picked":["Reprogram","Stack"],"picked":"Compile Driver+1","floor":8},{"not_picked":["Reprogram","Static Discharge"],"picked":"Compile Driver+1","floor":11},{"not_picked":["Coolheaded","Hello World"],"picked":"Glacier","floor":13},{"not_picked":["Leap","Thunder Strike+1"],"picked":"Hologram","floor":14},{"not_picked":["Multi-Cast","Machine Learning"],"picked":"Electrodynamics","floor":16},{"not_picked":["Coolheaded","FTL+1"],"picked":"Sunder+1","floor":18},{"not_picked":["Stack+1","Chaos"],"picked":"Defragment","floor":19},{"not_picked":["Skim","Leap+1"],"picked":"Ball Lightning+1","floor":22},{"not_picked":["Go for the Eyes+1","Lockon+1"],"picked":"Defragment","floor":24},{"not_picked":["Compile Driver+1","Melter+1"],"picked":"Thunder Strike+1","floor":25},{"not_picked":["Streamline+1","Consume"],"picked":"Leap+1","floor":29},{"not_picked":["Hyperbeam+1","Reboot"],"picked":"Buffer","floor":33},{"not_picked":["Rebound+1","Ball Lightning+1","Leap"],"picked":"SKIP","floor":35},{"not_picked":["Conserve Battery","Go for the Eyes+1"],"picked":"Coolheaded","floor":37},{"not_picked":["Deep Breath","Thinking Ahead"],"picked":"Master of Strategy","floor":38},{"not_picked":["Finesse","Metamorphosis"],"picked":"Flash of Steel+1","floor":38},{"not_picked":["FTL+1","Steam+1"],"picked":"Stack+1","floor":39},{"not_picked":["Turbo+1","Self Repair+1"],"picked":"Compile Driver+1","floor":40},{"not_picked":["Ball Lightning+1","Consume"],"picked":"Cold Snap+1","floor":42},{"not_picked":["Ball Lightning+1","Multi-Cast","Chill"],"picked":"SKIP","floor":44},{"not_picked":["Redo","Heatsinks+1"],"picked":"Skim+1","floor":45}],"player_experience":3889746,"relics_obtained":[{"floor":6,"key":"Oddly Smooth Stone"},{"floor":8,"key":"Smiling Mask"},{"floor":9,"key":"InkBottle"},{"floor":14,"key":"Bronze Scales"},{"floor":25,"key":"Anchor"},{"floor":26,"key":"Strawberry"},{"floor":40,"key":"Blood Vial"},{"floor":42,"key":"StrikeDummy"},{"floor":45,"key":"Vajra"}],"event_choices":[{"damage_healed":0,"gold_gain":0,"player_choice":"Success","damage_taken":26,"relics_obtained":["Molten Egg 2"],"max_hp_gain":0,"max_hp_loss":0,"event_name":"Scrap Ooze","floor":2,"gold_loss":0},{"damage_healed":0,"gold_gain":0,"player_choice":"Left Gold","damage_taken":0,"max_hp_gain":0,"max_hp_loss":0,"event_name":"World of Goop","floor":4,"gold_loss":70},{"damage_healed":0,"gold_gain":0,"player_choice":"Ignored","damage_taken":0,"max_hp_gain":0,"max_hp_loss":0,"event_name":"Golden Wing","floor":5,"gold_loss":0},{"damage_healed":0,"gold_gain":50,"player_choice":"Stole From Cult","damage_taken":0,"max_hp_gain":0,"max_hp_loss":0,"event_name":"Nest","floor":21,"gold_loss":0},{"damage_healed":0,"gold_gain":0,"cards_transformed":["Strike_B","Dualcast"],"player_choice":"Became Test Subject","damage_taken":0,"max_hp_gain":0,"max_hp_loss":0,"event_name":"Drug Dealer","floor":30,"gold_loss":0,"cards_obtained":["Reprogram","Cold Snap"]},{"cards_removed":["Reprogram"],"damage_healed":0,"gold_gain":0,"player_choice":"Elegance","damage_taken":0,"max_hp_gain":0,"max_hp_loss":0,"event_name":"Back to Basics","floor":31,"gold_loss":0},{"damage_healed":0,"gold_gain":0,"player_choice":"Memory 3","damage_taken":10,"max_hp_gain":0,"max_hp_loss":0,"event_name":"SensoryStone","floor":38,"gold_loss":0},{"damage_healed":0,"gold_gain":0,"player_choice":"Paid","damage_taken":0,"relics_obtained":["Red Mask"],"max_hp_gain":0,"max_hp_loss":0,"event_name":"Tomb of Lord Red Mask","floor":48,"gold_loss":6}],"is_beta":true,"boss_relics":[{"not_picked":["Astrolabe","Pandora\u0027s Box"],"picked":"Cursed Key"},{"not_picked":["Velvet Choker","SacredBark"],"picked":"Fusion Hammer"}],"items_purged_floors":[10,12,20,27,47],"is_endless":false,"potions_floor_spawned":[1,8,11,13,22,25,33,42,45],"killed_by":"Shield and Spear","ascension_level":20}