{"gold_per_floor":[359,324,324,344,17,43,43,68,92,127,137,137,147,159,159,238,238,248,265,265,265,36,36,51,82,133,133,167,257,284,298,298,375,375,394,394,439,439,456,456,487,502,502,502,521,534,534,564,564,564,564,564,564,54,88,88],"floor_reached":57,"playtime":20621,"items_purged":["Decay","Strike_B+1"],"score":3376,"play_id":"3552640f-ac1f-4603-b87f-5b0010065b68","local_time":"20210530223354","is_ascension_mode":true,"campfire_choices":[{"floor":7.0,"key":"REST"},{"floor":12.0,"key":"REST"},{"data":"Barrage","floor":15.0,"key":"SMITH"},{"data":"Ghostly","floor":23,"key":"SMITH"},{"floor":32,"key":"RECALL"},{"data":"Defragment","floor":40,"key":"SMITH"},{"data":"Buffer","floor":49,"key":"SMITH"}],"neow_cost":"PERCENT_DAMAGE","seed_source_timestamp":830715314173700,"circlet_count":0,"master_deck":["AscendersBane","Strike_B+1","Strike_B+1","Strike_B+1","Defend_B+1","Defend_B+1","Defend_B+1","Defend_B+1","Zap+1","Dualcast+1","Glacier+1","Barrage+1","Cold Snap+1","Lockon+1","White Noise+1","Ball Lightning+1","Cold Snap+1","Electrodynamics+1","Genetic Algorithm+1","Stack+1","Ghostly+1","Ghostly+1","Ghostly+1","Seek+1","Hologram+1","Glacier+1","Echo Form+1","Capacitor+1","White Noise+1","Amplify+1","Hologram+1","Force Field+1","Secret Technique+1","Defragment+1","Coolheaded+1","Steam Power+1","Buffer+1","Storm","Finesse+1"],"special_seed":0,"relics":["Cracked Core","Mummified Hand","Juzu Bracelet","Question Card","DataDisk","FossilizedHelix","Inserter","Toxic Egg 2","Bag of Preparation","Pocketwatch","Bronze Scales","Coffee Dripper","Mark of the Bloom","Thread and Needle","Oddly Smooth Stone","Akabeko","Runic Capacitor","Happy Flower"],"potions_floor_usage":[25,56,56],"damage_taken":[{"damage":10.0,"enemies":"Small Slimes","floor":1.0,"turns":3.0},{"damage":1.0,"enemies":"Cultist","floor":4.0,"turns":4.0},{"damage":41.0,"enemies":"Gremlin Nob","floor":6.0,"turns":5.0},{"damage":8.0,"enemies":"3 Sentries","floor":8.0,"turns":11.0},{"damage":10.0,"enemies":"Lagavulin","floor":10.0,"turns":7.0},{"damage":0.0,"enemies":"2 Louse","floor":11.0,"turns":3.0},{"damage":0.0,"enemies":"2 Fungi Beasts","floor":13.0,"turns":3.0},{"damage":0.0,"enemies":"Exordium Thugs","floor":14.0,"turns":3.0},{"damage":9.0,"enemies":"Slime Boss","floor":16.0,"turns":7.0},{"damage":11.0,"enemies":"2 Thieves","floor":18.0,"turns":2.0},{"damage":0,"enemies":"Chosen","floor":19,"turns":3},{"damage":0,"enemies":"Centurion and Healer","floor":24,"turns":6},{"damage":0,"enemies":"Gremlin Leader","floor":25,"turns":6},{"damage":5,"enemies":"Slavers","floor":28,"turns":5},{"damage":0,"enemies":"Gremlin Leader","floor":30,"turns":8},{"damage":0,"enemies":"Snecko","floor":31,"turns":5},{"damage":0,"enemies":"Champ","floor":33,"turns":15},{"damage":0,"enemies":"3 Shapes","floor":35,"turns":4},{"damage":0,"enemies":"2 Orb Walkers","floor":37,"turns":4},{"damage":0,"enemies":"Orb Walker","floor":39,"turns":3},{"damage":0,"enemies":"Reptomancer","floor":41,"turns":3},{"damage":0,"enemies":"Sphere and 2 Shapes","floor":42,"turns":2},{"damage":0,"enemies":"3 Darklings","floor":45,"turns":2},{"damage":0,"enemies":"Spire Growth","floor":46,"turns":4},{"damage":0,"enemies":"Nemesis","floor":48,"turns":5},{"damage":0,"enemies":"Donu and Deca","floor":50,"turns":6},{"damage":0,"enemies":"Awakened One","floor":51,"turns":13},{"damage":0,"enemies":"Shield and Spear","floor":55,"turns":4},{"damage":12,"enemies":"The Heart","floor":56,"turns":8}],"seed_played":"6044412765634035951","potions_obtained":[{"floor":6.0,"key":"SkillPotion"},{"floor":8.0,"key":"DuplicationPotion"},{"floor":10.0,"key":"Explosive Potion"},{"floor":28,"key":"PotionOfCapacity"}],"is_trial":false,"path_per_floor":["M","?","?","M","$","E","R","E","T","E","M","R","M","M","R","B",null,"M","M","?","?","$","R","M","E","T","?","E","?","E","M","R","B",null,"M","?","?","?","M","R","E","M","T","R","M","M","?","E","R","B","B",null,"R","$","E","B",null],"character_chosen":"DEFECT","items_purchased":["Mummified Hand","Fire Potion","Seek","FocusPotion","Runic Capacitor","Storm","Finesse+1"],"campfire_rested":2,"item_purchase_floors":[5,5,22,54,54,54,54],"current_hp_per_floor":[36,53,53,52,52,11,32,24,24,14,14,35,35,35,35,26,60,49,49,35,35,35,35,35,35,35,35,30,18,18,18,18,18,31,31,31,31,26,26,26,26,26,26,26,26,26,26,26,26,26,26,26,26,26,26,14],"gold":88,"neow_bonus":"TWO_FIFTY_GOLD","is_prod":false,"is_daily":false,"chose_seed":false,"campfire_upgraded":4,"win_rate":0,"timestamp":1622439234,"path_taken":["M","?","?","M","$","E","R","E","T","E","M","R","M","M","R","BOSS","M","M","?","?","$","R","M","E","T","?","E","?","E","M","R","BOSS","M","?","?","?","M","R","E","M","T","R","M","M","?","E","R","BOSS","BOSS","R","$","E","BOSS"],"build_version":"2020-12-18","purchased_purges":2,"victory":true,"max_hp_per_floor":[71,71,71,71,71,71,71,71,71,71,71,71,71,71,71,71,71,71,71,35,35,35,35,35,35,35,35,35,35,35,35,35,35,35,35,35,35,35,35,35,35,35,35,35,35,35,35,35,35,35,35,35,35,35,35,35],"relic_stats":{"Mark of the Bloom":7,"Inserter":[43],"Happy Flower":[2],"counters":[29,154],"Mummified Hand":[142],"Bronze Scales":[284],"Juzu Bracelet":2,"Bag of Preparation":[32],"Question Card":24,"obtain_stats":[{"Mark of the Bloom":36,"Inserter":17,"Happy Flower":55,"Oddly Smooth Stone":41,"Thread and Needle":37,"Juzu Bracelet":6,"Bag of Preparation":26,"Runic Capacitor":54,"Question Card":8,"Akabeko":48,"DataDisk":9,"Mummified Hand":5,"Bronze Scales":30,"Coffee Dripper":34,"Toxic Egg 2":25,"Cracked Core":0,"FossilizedHelix":10,"Pocketwatch":28},{"Mark of the Bloom":18,"Inserter":9,"Happy Flower":28,"Oddly Smooth Stone":21,"Thread and Needle":19,"Juzu Bracelet":3,"Bag of Preparation":13,"Runic Capacitor":27,"Question Card":4,"Akabeko":25,"DataDisk":4,"Mummified Hand":2,"Bronze Scales":15,"Coffee Dripper":17,"Toxic Egg 2":13,"Cracked Core":0,"FossilizedHelix":5,"Pocketwatch":14},{"Mark of the Bloom":100,"Inserter":46,"Happy Flower":146,"Oddly Smooth Stone":110,"Thread and Needle":104,"Juzu Bracelet":12,"Bag of Preparation":63,"Runic Capacitor":142,"Question Card":23,"Akabeko":123,"DataDisk":23,"Mummified Hand":7,"Bronze Scales":76,"Coffee Dripper":96,"Toxic Egg 2":63,"Cracked Core":0,"FossilizedHelix":30,"Pocketwatch":68}],"Pocketwatch":[51]},"card_choices":[{"not_picked":["Ball Lightning","White Noise"],"picked":"Glacier","floor":1.0},{"not_picked":["Rip and Tear","Auto Shields"],"picked":"Barrage","floor":4.0},{"not_picked":["Redo","Conserve Battery"],"picked":"Cold Snap","floor":6.0},{"not_picked":["Genetic Algorithm","BootSequence"],"picked":"Lockon","floor":8.0},{"not_picked":["Double Energy","Rebound","Gash"],"picked":"White Noise","floor":10.0},{"not_picked":["Go for the Eyes","Redo","Conserve Battery"],"picked":"Ball Lightning","floor":11.0},{"not_picked":["Redo","Gash","Fusion","Go for the Eyes"],"picked":"SKIP","floor":13.0},{"not_picked":["Machine Learning","Leap","Coolheaded"],"picked":"Cold Snap","floor":14.0},{"not_picked":["Buffer","Rainbow","Biased Cognition"],"picked":"Electrodynamics","floor":16.0},{"not_picked":["Barrage","Ball Lightning","Turbo"],"picked":"Genetic Algorithm","floor":18.0},{"not_picked":["Ball Lightning+1","Coolheaded","Lockon"],"picked":"Stack+1","floor":19},{"not_picked":["Force Field","Cold Snap","Heatsinks"],"picked":"Hologram","floor":24},{"not_picked":["Compile Driver","Barrage","Redo+1"],"picked":"Glacier+1","floor":25},{"not_picked":["Stack+1","Sunder","Barrage","Turbo+1"],"picked":"SKIP","floor":28},{"not_picked":["Electrodynamics","Ball Lightning","Streamline"],"picked":"Capacitor","floor":30},{"not_picked":["Darkness+1","Leap+1","Barrage"],"picked":"White Noise+1","floor":31},{"not_picked":["Hyperbeam","Thunder Strike","Machine Learning"],"picked":"Amplify+1","floor":33},{"not_picked":["Auto Shields+1","Beam Cell+1","Fusion+1"],"picked":"Hologram+1","floor":35},{"not_picked":["Chill+1","Steam+1","Streamline+1"],"picked":"Force Field+1","floor":37},{"not_picked":["Bandage Up+1","Good Instincts+1","Deep Breath+1"],"picked":"Secret Technique+1","floor":38},{"not_picked":["Conserve Battery+1","Lockon","Turbo+1"],"picked":"Defragment","floor":39},{"not_picked":["Recycle+1","Stack+1","Cold Snap"],"picked":"Coolheaded+1","floor":41},{"not_picked":["Stack+1","Darkness+1","Blizzard"],"picked":"Steam Power+1","floor":42},{"not_picked":["Self Repair","Steam+1","Hologram+1","Gash"],"picked":"SKIP","floor":45},{"not_picked":["Gash","Conserve Battery+1","Hologram+1","Stack+1"],"picked":"SKIP","floor":46},{"not_picked":["Steam+1","Rebound","Ball Lightning"],"picked":"Buffer","floor":48},{"not_picked":["Go for the Eyes","Auto Shields+1","Streamline","Redo+1"],"picked":"SKIP","floor":55}],"player_experience":3902820,"relics_obtained":[{"floor":6.0,"key":"Juzu Bracelet"},{"floor":8.0,"key":"Question Card"},{"floor":9.0,"key":"DataDisk"},{"floor":10.0,"key":"FossilizedHelix"},{"floor":25,"key":"Toxic Egg 2"},{"floor":26,"key":"Bag of Preparation"},{"floor":28,"key":"Pocketwatch"},{"floor":30,"key":"Bronze Scales"},{"floor":37,"key":"Thread and Needle"},{"floor":41,"key":"Oddly Smooth Stone"},{"floor":48,"key":"Akabeko"},{"floor":55,"key":"Happy Flower"}],"event_choices":[{"damage_healed":17.0,"max_hp_gain":0.0,"max_hp_loss":0.0,"gold_gain":0.0,"event_name":"The Cleric","player_choice":"Healed","floor":2.0,"gold_loss":35.0,"damage_taken":0.0},{"damage_healed":0.0,"max_hp_gain":0.0,"max_hp_loss":0.0,"gold_gain":0.0,"event_name":"Wheel of Change","player_choice":"Cursed","floor":3.0,"gold_loss":0.0,"damage_taken":0.0,"cards_obtained":["Decay"]},{"damage_healed":0,"gold_gain":0,"player_choice":"Became a Ghost","damage_taken":0,"max_hp_gain":0,"max_hp_loss":36,"event_name":"Ghosts","floor":20,"gold_loss":0,"cards_obtained":["Ghostly","Ghostly","Ghostly"]},{"damage_healed":0,"gold_gain":0,"player_choice":"Ignored","damage_taken":0,"max_hp_gain":0,"max_hp_loss":0,"event_name":"Vampires","floor":21,"gold_loss":0},{"damage_healed":0,"gold_gain":0,"player_choice":"Read","damage_taken":0,"max_hp_gain":0,"max_hp_loss":0,"event_name":"The Library","floor":27,"gold_loss":0,"cards_obtained":["Echo Form"]},{"damage_healed":0,"gold_gain":90,"player_choice":"GOLD ","damage_taken":12,"max_hp_gain":0,"max_hp_loss":0,"event_name":"Knowing Skull","floor":29,"potions_obtained":[],"gold_loss":0,"cards_obtained":[]},{"damage_healed":0,"gold_gain":0,"player_choice":"Upgrade","damage_taken":0,"relics_obtained":["Mark of the Bloom"],"max_hp_gain":0,"max_hp_loss":0,"event_name":"MindBloom","floor":36,"gold_loss":0,"cards_upgraded":["Strike_B","Strike_B","Strike_B","Strike_B","Defend_B","Defend_B","Defend_B","Defend_B","Zap","Dualcast","Glacier","Cold Snap","Lockon","White Noise","Ball Lightning","Cold Snap","Electrodynamics","Genetic Algorithm","Ghostly","Ghostly","Seek","Hologram","Echo Form","Capacitor"]},{"damage_healed":0,"gold_gain":0,"player_choice":"Fight","damage_taken":0,"max_hp_gain":0,"max_hp_loss":0,"event_name":"Mysterious Sphere","floor":37,"gold_loss":0},{"damage_healed":0,"gold_gain":0,"player_choice":"Memory 2","damage_taken":5,"max_hp_gain":0,"max_hp_loss":0,"event_name":"SensoryStone","floor":38,"gold_loss":0},{"damage_healed":0,"gold_gain":0,"player_choice":"Ignored","damage_taken":0,"max_hp_gain":0,"max_hp_loss":0,"event_name":"Tomb of Lord Red Mask","floor":47,"gold_loss":0}],"is_beta":true,"boss_relics":[{"not_picked":["FrozenCore","Runic Dome"],"picked":"Inserter"},{"not_picked":["Empty Cage","SacredBark"],"picked":"Coffee Dripper"}],"items_purged_floors":[22,54],"is_endless":false,"potions_floor_spawned":[6,8,10,18,24,28,37,41,45,48],"ascension_level":20}