{"gold_per_floor":[109,109,29,40,54,54,64,64,88,117,117,144,159,139,139,213,213,232,74,85,104,104,104,29,54,81,92,110,110,130,160,160,235,235,252,1251,1268,1321,811,811,124,124,124,139,171,187,221,236,236,236,236,236,236,30,70,70],"floor_reached":56,"playtime":4068,"items_purged":["Strike_B","Normality","Normality","Clumsy"],"score":1939,"play_id":"4a0dd9c2-8834-4c55-9634-42b97709ab56","local_time":"20210528221124","is_ascension_mode":true,"campfire_choices":[{"data":"Sunder","floor":6.0,"key":"SMITH"},{"floor":8.0,"key":"REST"},{"data":"Barrage","floor":11.0,"key":"SMITH"},{"data":"Defragment","floor":15.0,"key":"SMITH"},{"data":"Defragment","floor":23.0,"key":"SMITH"},{"floor":29.0,"key":"REST"},{"data":"Capacitor","floor":32.0,"key":"SMITH"},{"floor":40,"key":"RECALL"},{"floor":42,"key":"REST"},{"floor":49,"key":"REST"},{"data":"Coolheaded","floor":53,"key":"SMITH"}],"neow_cost":"PERCENT_DAMAGE","seed_source_timestamp":673177486833600,"circlet_count":0,"master_deck":["AscendersBane","Strike_B","Strike_B","Defend_B","Defend_B","Defend_B","Defend_B","Zap","Dualcast","Defragment+1","Sunder+1","Conserve Battery","Barrage+1","Double Energy","Cold Snap","Sunder","Sweeping Beam","Echo Form","Compile Driver","Defragment+1","Capacitor+1","All For One","Coolheaded+1","Double Energy","Compile Driver","Rainbow","Sunder+1","Crippling Poison","Mayhem","Blur","Clothesline"],"special_seed":0,"relics":["Cracked Core","Ice Cream","Pen Nib","Vajra","Darkstone Periapt","Snecko Eye","Lantern","Kunai","Toy Ornithopter","Happy Flower","Cursed Key","Unceasing Top","PrismaticShard","Centennial Puzzle","Pantograph","Question Card","Bottled Flame","CeramicFish","Gambling Chip"],"potions_floor_usage":[38,38,47,50,55,56],"damage_taken":[{"damage":4.0,"enemies":"Jaw Worm","floor":1.0,"turns":4.0},{"damage":1.0,"enemies":"Cultist","floor":4.0,"turns":4.0},{"damage":0.0,"enemies":"2 Louse","floor":5.0,"turns":3.0},{"damage":22.0,"enemies":"Lots of Slimes","floor":7.0,"turns":4.0},{"damage":8.0,"enemies":"Lagavulin","floor":10.0,"turns":5.0},{"damage":22.0,"enemies":"3 Sentries","floor":12.0,"turns":6.0},{"damage":0.0,"enemies":"Large Slime","floor":13.0,"turns":3.0},{"damage":4.0,"enemies":"The Guardian","floor":16.0,"turns":10.0},{"damage":19.0,"enemies":"Shell Parasite","floor":18.0,"turns":3.0},{"damage":6.0,"enemies":"Spheric Guardian","floor":20.0,"turns":3.0},{"damage":0.0,"enemies":"Snecko","floor":21.0,"turns":3.0},{"damage":28.0,"enemies":"Book of Stabbing","floor":25.0,"turns":5.0},{"damage":9.0,"enemies":"Centurion and Healer","floor":27.0,"turns":4.0},{"damage":20.0,"enemies":"Shelled Parasite and Fungi","floor":28.0,"turns":3.0},{"damage":0.0,"enemies":"Chosen and Byrds","floor":30.0,"turns":3.0},{"damage":0.0,"enemies":"Gremlin Leader","floor":31.0,"turns":3.0},{"damage":14.0,"enemies":"Champ","floor":33.0,"turns":8.0},{"damage":0.0,"enemies":"Orb Walker","floor":35.0,"turns":2.0},{"damage":26.0,"enemies":"3 Darklings","floor":37.0,"turns":5.0},{"damage":43,"enemies":"2 Orb Walkers","floor":38,"turns":4},{"damage":0,"enemies":"Transient","floor":44,"turns":6},{"damage":5,"enemies":"Nemesis","floor":45,"turns":3},{"damage":3,"enemies":"Jaw Worm Horde","floor":46,"turns":3},{"damage":27,"enemies":"Giant Head","floor":47,"turns":6},{"damage":1,"enemies":"Maw","floor":48,"turns":7},{"damage":65,"enemies":"Awakened One","floor":50,"turns":15},{"damage":24,"enemies":"Time Eater","floor":51,"turns":9},{"damage":72,"enemies":"Shield and Spear","floor":55,"turns":7},{"damage":48,"enemies":"The Heart","floor":56,"turns":3}],"seed_played":"647509120362697776","potions_obtained":[{"floor":1.0,"key":"GamblersBrew"},{"floor":10.0,"key":"Fire Potion"},{"floor":12.0,"key":"LiquidMemories"},{"floor":13.0,"key":"Explosive Potion"},{"floor":14.0,"key":"BlessingOfTheForge"},{"floor":16.0,"key":"Fire Potion"},{"floor":27.0,"key":"Regen Potion"},{"floor":28.0,"key":"Ancient Potion"},{"floor":30.0,"key":"Explosive Potion"},{"floor":33.0,"key":"SteroidPotion"},{"floor":38,"key":"LiquidBronze"},{"floor":45,"key":"Ancient Potion"},{"floor":48,"key":"SneckoOil"}],"is_trial":false,"path_per_floor":["M","?","$","M","M","R","M","R","T","E","R","E","M","?","R","B",null,"M","$","M","M","?","R","$","E","T","M","M","R","M","E","R","B",null,"M","?","M","?","$","R","$","R","T","M","E","M","E","M","R","B","B",null,"R","$","E","B"],"character_chosen":"DEFECT","items_purchased":["Sunder","Lantern","PrismaticShard","Centennial Puzzle","Regen Potion","Pantograph","Question Card","PowerPotion"],"campfire_rested":4,"item_purchase_floors":[3,19,39,39,39,41,41,54],"current_hp_per_floor":[42,42,42,41,41,41,19,40,40,32,32,10,10,10,10,6,55,36,36,30,30,71,71,71,43,43,34,33,54,54,54,54,40,63,63,75,49,16,16,16,16,40,46,46,41,38,31,30,56,21,22,72,72,72,5,0],"gold":70,"neow_bonus":"ONE_RARE_RELIC","is_prod":false,"is_daily":false,"chose_seed":false,"campfire_upgraded":6,"win_rate":0,"timestamp":1622265084,"path_taken":["M","?","$","?","M","R","?","R","T","E","R","E","M","?","R","BOSS","M","?","M","M","?","R","$","E","T","?","M","R","M","E","R","BOSS","M","?","M","?","$","R","$","R","T","M","E","M","E","M","R","BOSS","BOSS","R","$","E","BOSS"],"build_version":"2020-12-18","purchased_purges":4,"victory":false,"max_hp_per_floor":[71,71,71,71,71,71,71,71,71,71,71,71,71,71,71,71,71,71,71,71,71,71,71,71,71,71,71,71,71,71,71,71,71,71,71,83,83,83,83,83,83,83,89,89,89,89,89,89,89,89,89,89,89,89,89,89],"relic_stats":{"Darkstone Periapt":18,"Happy Flower":[26],"counters":[29,144],"CeramicFish":9,"Pen Nib":[32],"Cursed Key":1,"Question Card":6,"Centennial Puzzle":[24],"Pantograph":75,"Gambling Chip":[6],"Snecko Eye":[226,240,218,220],"Kunai":[64],"obtain_stats":[{"Ice Cream":0,"Darkstone Periapt":12,"Lantern":19,"Happy Flower":31,"CeramicFish":47,"Vajra":10,"Pen Nib":9,"Cursed Key":34,"PrismaticShard":39,"Question Card":41,"Centennial Puzzle":39,"Bottled Flame":45,"Pantograph":41,"Gambling Chip":55,"Snecko Eye":17,"Kunai":25,"Cracked Core":0,"Toy Ornithopter":26,"Unceasing Top":38},{"Ice Cream":0,"Darkstone Periapt":6,"Lantern":9,"Happy Flower":16,"CeramicFish":24,"Vajra":5,"Pen Nib":4,"Cursed Key":17,"PrismaticShard":20,"Question Card":20,"Centennial Puzzle":20,"Bottled Flame":22,"Pantograph":20,"Gambling Chip":28,"Snecko Eye":8,"Kunai":12,"Cracked Core":0,"Toy Ornithopter":12,"Unceasing Top":20},{"Ice Cream":0,"Darkstone Periapt":26,"Lantern":42,"Happy Flower":66,"CeramicFish":103,"Vajra":20,"Pen Nib":15,"Cursed Key":74,"PrismaticShard":85,"Question Card":85,"Centennial Puzzle":85,"Bottled Flame":94,"Pantograph":85,"Gambling Chip":141,"Snecko Eye":39,"Kunai":53,"Cracked Core":0,"Toy Ornithopter":53,"Unceasing Top":85}],"Toy Ornithopter":40,"Unceasing Top":[2]},"card_choices":[{"not_picked":["Aggregate","Leap"],"picked":"Defragment","floor":1.0},{"not_picked":["Aggregate","Rebound"],"picked":"Conserve Battery","floor":4.0},{"not_picked":["Go for the Eyes","Aggregate"],"picked":"Barrage","floor":5.0},{"not_picked":["Chaos","Steam"],"picked":"Double Energy","floor":7.0},{"not_picked":["Darkness","Turbo"],"picked":"Cold Snap","floor":10.0},{"not_picked":["Rip and Tear","Compile Driver"],"picked":"Sunder","floor":12.0},{"not_picked":["Beam Cell","Heatsinks"],"picked":"Sweeping Beam","floor":13.0},{"not_picked":["Amplify","Fission"],"picked":"Echo Form","floor":16.0},{"not_picked":["Stack","Heatsinks"],"picked":"Compile Driver","floor":18.0},{"not_picked":["Go for the Eyes","Barrage"],"picked":"Defragment","floor":20.0},{"not_picked":["Leap","Gash","Beam Cell"],"picked":"SKIP","floor":21.0},{"not_picked":["Steam Power+1","Go for the Eyes"],"picked":"Capacitor","floor":25.0},{"not_picked":["Conserve Battery","Barrage"],"picked":"All For One","floor":27.0},{"not_picked":["Go for the Eyes","Leap"],"picked":"Coolheaded","floor":28.0},{"not_picked":["BootSequence+1","Cold Snap"],"picked":"Double Energy","floor":30.0},{"not_picked":["Amplify","Streamline"],"picked":"Compile Driver","floor":31.0},{"not_picked":["Electrodynamics","Fission"],"picked":"Rainbow","floor":33.0},{"not_picked":["Turbo","Rebound","Fusion+1"],"picked":"SKIP","floor":35.0},{"not_picked":["Turbo+1","Chill","Rebound"],"picked":"SKIP","floor":37.0},{"not_picked":["Go for the Eyes","Steam"],"picked":"Sunder+1","floor":38},{"not_picked":["Battle Trance+1","JustLucky","Meditate"],"picked":"Crippling Poison","floor":44},{"not_picked":["Pummel+1","White Noise","Underhanded Strike"],"picked":"Mayhem","floor":45},{"not_picked":["PanicButton","Accuracy","Thunderclap"],"picked":"Blur","floor":46},{"not_picked":["Dramatic Entrance","ThirdEye","Infinite Blades","Escape Plan"],"picked":"SKIP","floor":47},{"not_picked":["Prepared","Gash","Flechettes","Escape Plan+1"],"picked":"SKIP","floor":48},{"not_picked":["Heavy Blade","Wild Strike","Shrug It Off"],"picked":"Clothesline","floor":55}],"player_experience":3852517,"relics_obtained":[{"floor":9.0,"key":"Pen Nib"},{"floor":10.0,"key":"Vajra"},{"floor":12.0,"key":"Darkstone Periapt"},{"floor":25.0,"key":"Kunai"},{"floor":26.0,"key":"Toy Ornithopter"},{"floor":31.0,"key":"Happy Flower"},{"floor":38,"key":"Unceasing Top"},{"floor":45,"key":"Bottled Flame"},{"floor":47,"key":"CeramicFish"},{"floor":55,"key":"Gambling Chip"}],"event_choices":[{"cards_removed":["Strike_B"],"damage_healed":0.0,"max_hp_gain":0.0,"max_hp_loss":0.0,"gold_gain":0.0,"event_name":"Bonfire Elementals","player_choice":"Offered Basic","floor":2.0,"gold_loss":0.0,"damage_taken":0.0},{"damage_healed":0.0,"max_hp_gain":0.0,"max_hp_loss":0.0,"gold_gain":0.0,"event_name":"The Woman in Blue","player_choice":"Bought 1 Potion","floor":14.0,"gold_loss":0.0,"damage_taken":0.0},{"damage_healed":41.0,"max_hp_gain":0.0,"max_hp_loss":0.0,"gold_gain":0.0,"event_name":"Wheel of Change","player_choice":"Full Heal","floor":22.0,"gold_loss":0.0,"damage_taken":0.0},{"damage_healed":0.0,"max_hp_gain":0.0,"max_hp_loss":0.0,"gold_gain":999.0,"event_name":"MindBloom","player_choice":"Gold","floor":36.0,"gold_loss":0.0,"damage_taken":0.0,"cards_obtained":["Normality","Normality"]},{"damage_healed":0,"gold_gain":0,"player_choice":"Fight","damage_taken":0,"max_hp_gain":0,"max_hp_loss":0,"event_name":"Mysterious Sphere","floor":38,"gold_loss":0}],"is_beta":true,"boss_relics":[{"not_picked":["Nuclear Battery","Fusion Hammer"],"picked":"Snecko Eye"},{"not_picked":["FrozenCore","Velvet Choker"],"picked":"Cursed Key"}],"items_purged_floors":[24,39,41,54],"is_endless":false,"potions_floor_spawned":[1,10,12,13,16,27,28,30,33,38,44,45,48],"killed_by":"The Heart","ascension_level":20}