{"gold_per_floor":[109,184,196,196,196,196,227,227,227,227,241,241,241,3,3,3],"floor_reached":16,"playtime":560,"items_purged":["Strike_B"],"score":192,"play_id":"3bd61bff-71e0-4005-8ee0-a77c8c2a28ec","local_time":"20210530234219","is_ascension_mode":true,"campfire_choices":[{"data":"Beam Cell","floor":6,"key":"SMITH"},{"data":"Sweeping Beam","floor":8,"key":"SMITH"},{"data":"Zap","floor":10,"key":"SMITH"},{"data":"Go for the Eyes","floor":12,"key":"SMITH"},{"data":"Scrape","floor":15,"key":"SMITH"}],"neow_cost":"NONE","seed_source_timestamp":854973073919100,"circlet_count":0,"master_deck":["AscendersBane","Strike_B","Strike_B","Defend_B","Defend_B","Defend_B","Defend_B","Zap+1","Beam Cell+1","Gash","Sweeping Beam+1","Go for the Eyes+1","Chill","Scrape+1","Ball Lightning","Conserve Battery"],"relics":["Cracked Core","Akabeko","Strawberry","StrikeDummy","Mercury Hourglass"],"potions_floor_usage":[7,7,16],"damage_taken":[{"damage":2,"enemies":"Jaw Worm","floor":1,"turns":3},{"damage":0,"enemies":"2 Louse","floor":3,"turns":2},{"damage":14,"enemies":"Gremlin Nob","floor":7,"turns":3},{"damage":13,"enemies":"Small Slimes","floor":11,"turns":2},{"damage":22,"enemies":"The Guardian","floor":16,"turns":7}],"seed_played":"-8991638283390469260","potions_obtained":[{"floor":3,"key":"EntropicBrew"}],"is_trial":false,"path_per_floor":["M","?","M","?","?","R","E","R","T","R","M","R","?","$","R","B"],"character_chosen":"DEFECT","items_purchased":["Scrape","Ball Lightning","Conserve Battery"],"campfire_rested":0,"item_purchase_floors":[14,14,14],"current_hp_per_floor":[62,51,51,44,46,46,32,32,32,32,19,19,19,19,19,0],"gold":3,"neow_bonus":"RANDOM_COMMON_RELIC","is_prod":false,"is_daily":false,"chose_seed":false,"campfire_upgraded":5,"win_rate":0,"timestamp":1622443339,"path_taken":["M","?","M","?","?","R","E","R","T","R","M","R","?","$","R","BOSS"],"build_version":"2020-12-18","purchased_purges":1,"victory":false,"max_hp_per_floor":[71,71,71,71,78,78,78,78,78,78,78,78,78,78,78,78],"relic_stats":{"counters":[5,16],"obtain_stats":[{"Strawberry":5,"Cracked Core":0,"StrikeDummy":7,"Akabeko":0,"Mercury Hourglass":9},{"Strawberry":2,"Cracked Core":0,"StrikeDummy":3,"Akabeko":0,"Mercury Hourglass":3},{"Strawberry":5,"Cracked Core":0,"StrikeDummy":8,"Akabeko":0,"Mercury Hourglass":8}],"Mercury Hourglass":[31]},"card_choices":[{"not_picked":["Conserve Battery","Coolheaded"],"picked":"Beam Cell","floor":1},{"not_picked":["Redo","Steam Power"],"picked":"Gash","floor":3},{"not_picked":["Meteor Strike","Darkness"],"picked":"Sweeping Beam","floor":7},{"not_picked":["Conserve Battery","Streamline"],"picked":"Go for the Eyes","floor":11}],"player_experience":3923441,"relics_obtained":[{"floor":7,"key":"StrikeDummy"},{"floor":9,"key":"Mercury Hourglass"}],"event_choices":[{"damage_healed":0,"gold_gain":75,"player_choice":"Gather Gold","damage_taken":11,"max_hp_gain":0,"max_hp_loss":0,"event_name":"World of Goop","floor":2,"gold_loss":0},{"cards_removed":["Strike_B"],"damage_healed":0,"gold_gain":0,"player_choice":"Card Removal","damage_taken":7,"max_hp_gain":0,"max_hp_loss":0,"event_name":"Golden Wing","floor":4,"gold_loss":0},{"damage_healed":0,"gold_gain":0,"player_choice":"Success","damage_taken":5,"relics_obtained":["Strawberry"],"max_hp_gain":0,"max_hp_loss":0,"event_name":"Scrap Ooze","floor":5,"gold_loss":0},{"damage_healed":0,"gold_gain":0,"cards_transformed":["Dualcast"],"player_choice":"Transformed","damage_taken":0,"max_hp_gain":0,"max_hp_loss":0,"event_name":"Transmorgrifier","floor":13,"gold_loss":0,"cards_obtained":["Chill"]}],"is_beta":true,"boss_relics":[],"items_purged_floors":[14],"is_endless":false,"potions_floor_spawned":[3],"killed_by":"The Guardian","ascension_level":20}