{"gold_per_floor":[111,130,145,195,210,210,228,228,228,256,268,43,60,60,60,134,134,144,144,162,32,43,74,88,88],"floor_reached":25,"playtime":1469,"items_purged":["Strike_B"],"score":454,"play_id":"06153485-39ec-45c6-bfef-e34b146c9d62","local_time":"20210527001314","is_ascension_mode":true,"campfire_choices":[{"data":"Zap","floor":6,"key":"SMITH"},{"data":"Ball Lightning","floor":8,"key":"SMITH"},{"data":"Thunder Strike","floor":15,"key":"SMITH"}],"neow_cost":"TEN_PERCENT_HP_LOSS","seed_source_timestamp":510321952567000,"circlet_count":0,"master_deck":["AscendersBane","Strike_B","Defend_B","Defend_B","Defend_B","Defend_B","Zap+1","Dualcast","Coolheaded","Cold Snap","Ball Lightning+1","Ball Lightning","Storm","Conserve Battery","Core Surge","Thunder Strike+1","Seek","Glacier","Sweeping Beam","Leap","Sunder","Consume+1"],"relics":["Cracked Core","PreservedInsect","Snecko Eye","Question Card","TungstenRod"],"potions_floor_usage":[10,16,16,23,24,25],"damage_taken":[{"damage":7,"enemies":"Jaw Worm","floor":1,"turns":3},{"damage":0,"enemies":"Cultist","floor":2,"turns":4},{"damage":3,"enemies":"Small Slimes","floor":3,"turns":3},{"damage":7,"enemies":"Red Slaver","floor":5,"turns":3},{"damage":1,"enemies":"Blue Slaver","floor":7,"turns":3},{"damage":8,"enemies":"3 Sentries","floor":10,"turns":7},{"damage":11,"enemies":"Exordium Thugs","floor":11,"turns":2},{"damage":0,"enemies":"Large Slime","floor":13,"turns":4},{"damage":7,"enemies":"Hexaghost","floor":16,"turns":8},{"damage":9,"enemies":"Shell Parasite","floor":18,"turns":2},{"damage":13,"enemies":"3 Byrds","floor":20,"turns":6},{"damage":13,"enemies":"Snake Plant","floor":22,"turns":5},{"damage":10,"enemies":"Slavers","floor":23,"turns":4},{"damage":8,"enemies":"Snecko","floor":24,"turns":6},{"damage":13,"enemies":"Gremlin Leader","floor":25,"turns":4}],"seed_played":"-763856853900828785","potions_obtained":[{"floor":7,"key":"PowerPotion"},{"floor":11,"key":"EssenceOfDarkness"},{"floor":13,"key":"ColorlessPotion"},{"floor":16,"key":"SpeedPotion"},{"floor":18,"key":"Fire Potion"},{"floor":23,"key":"Weak Potion"}],"is_trial":false,"path_per_floor":["M","M","M","?","M","R","M","R","T","E","M","$","M","$","R","B",null,"M","?","M","$","M","E","M","E"],"character_chosen":"DEFECT","items_purchased":["Core Surge","Regen Potion","Sweeping Beam"],"campfire_rested":0,"item_purchase_floors":[12,21,21],"current_hp_per_floor":[57,57,54,48,41,41,40,40,40,32,21,21,21,21,21,14,52,43,43,30,30,17,19,11,0],"gold":88,"neow_bonus":"REMOVE_TWO","is_prod":false,"is_daily":false,"chose_seed":false,"campfire_upgraded":3,"win_rate":0,"timestamp":1622099594,"path_taken":["M","M","M","?","?","R","M","R","T","E","M","$","M","?","R","BOSS","M","?","M","$","M","E","M","E"],"build_version":"2020-12-18","purchased_purges":1,"victory":false,"max_hp_per_floor":[64,64,64,64,64,64,64,64,64,64,64,64,64,64,64,64,64,64,64,64,64,64,64,64,64],"relic_stats":{"counters":[15,64],"Snecko Eye":[45,49,50,43],"PreservedInsect":87,"Question Card":4,"obtain_stats":[{"Snecko Eye":17,"PreservedInsect":10,"Cracked Core":0,"Question Card":19,"TungstenRod":23},{"Snecko Eye":9,"PreservedInsect":6,"Cracked Core":0,"Question Card":10,"TungstenRod":13},{"Snecko Eye":37,"PreservedInsect":23,"Cracked Core":0,"Question Card":39,"TungstenRod":54}],"TungstenRod":3},"card_choices":[{"not_picked":["Hologram","Go for the Eyes"],"picked":"Coolheaded","floor":1},{"not_picked":["BootSequence","Steam Power"],"picked":"Cold Snap","floor":2},{"not_picked":["Loop","Steam"],"picked":"Ball Lightning","floor":3},{"not_picked":["Heatsinks","Conserve Battery"],"picked":"Ball Lightning","floor":5},{"not_picked":["Coolheaded","Force Field"],"picked":"Storm","floor":7},{"not_picked":["Chill","Steam Power","Melter"],"picked":"SKIP","floor":10},{"not_picked":["Aggregate","Darkness"],"picked":"Conserve Battery","floor":11},{"not_picked":["Ball Lightning","Skim"],"picked":"Thunder Strike","floor":13},{"not_picked":["Machine Learning","Buffer"],"picked":"Seek","floor":16},{"not_picked":["Redo","Lockon"],"picked":"Glacier","floor":18},{"not_picked":["Gash","Consume","Ball Lightning","Reprogram+1"],"picked":"SKIP","floor":20},{"not_picked":["Hologram","Rebound","Streamline"],"picked":"Leap","floor":22},{"not_picked":["FTL","Double Energy","Redo"],"picked":"Sunder","floor":23},{"not_picked":["Auto Shields","Go for the Eyes","Barrage"],"picked":"Consume+1","floor":24}],"player_experience":3816072,"relics_obtained":[{"floor":10,"key":"PreservedInsect"},{"floor":23,"key":"TungstenRod"}],"event_choices":[{"damage_healed":0,"gold_gain":50,"player_choice":"Touch","damage_taken":6,"max_hp_gain":0,"max_hp_loss":0,"event_name":"FaceTrader","floor":4,"gold_loss":0},{"damage_healed":0,"gold_gain":0,"player_choice":"Gave Potion","damage_taken":0,"relics_obtained":["Question Card"],"max_hp_gain":0,"max_hp_loss":0,"event_name":"WeMeetAgain","floor":19,"gold_loss":0}],"is_beta":true,"boss_relics":[{"not_picked":["Busted Crown","Astrolabe"],"picked":"Snecko Eye"}],"items_purged_floors":[12],"is_endless":false,"potions_floor_spawned":[7,11,13,16,18,23],"killed_by":"Gremlin Leader","ascension_level":20}