{"gold_per_floor":[114,114,114,57,70,70,80,80,80,80,107,117,142,157,157,230,230,247,261,261,26,43,43,75,75,75,75,102,120,21,21,21,97,97,117,417,165,179,0,0,26,26,26,59,72,88,120,139,139,139,139,139,139,11,40,40],"floor_reached":57,"playtime":4346,"items_purged":["Shame","Strike_B"],"score":2751,"play_id":"3de05630-64ab-4fd1-bfb9-95393d8dd166","local_time":"20210530105846","is_ascension_mode":true,"campfire_choices":[{"data":"Sunder","floor":6,"key":"SMITH"},{"data":"Ball Lightning","floor":8,"key":"SMITH"},{"data":"Biased Cognition","floor":15,"key":"SMITH"},{"data":"Defragment","floor":23,"key":"SMITH"},{"data":"Fission","floor":25,"key":"SMITH"},{"floor":27,"key":"REST"},{"data":"Loop","floor":32,"key":"SMITH"},{"data":"Defragment","floor":40,"key":"SMITH"},{"floor":42,"key":"RECALL"},{"data":"Capacitor","floor":49,"key":"SMITH"},{"data":"Biased Cognition","floor":53,"key":"SMITH"}],"neow_cost":"PERCENT_DAMAGE","seed_source_timestamp":805354190874700,"circlet_count":0,"master_deck":["AscendersBane","Defend_B","Defend_B","Defend_B","Defend_B","Zap","Dualcast","Sunder+1","FTL","Tempest","Biased Cognition+1","Sweeping Beam","Cold Snap","Conserve Battery","Core Surge","Sunder","Defragment+1","Storm","Fission+1","Storm","Genetic Algorithm+1","Steam+1","Loop+1","Ghostly+1","Ghostly+1","Ghostly+1","Biased Cognition+1","BootSequence+1","Capacitor+1","Hologram+1","Chaos+1","Defragment+1","Electrodynamics","Amplify+1","Recycle+1","Compile Driver","Force Field+1","Chill+1","Coolheaded+1","Echo Form"],"relics":["Cracked Core","Meat on the Bone","Anchor","Lizard Tail","Runic Pyramid","Mummified Hand","OrangePellets","Question Card","Toy Ornithopter","Toxic Egg 2","SlaversCollar","Old Coin","Orrery","Ancient Tea Set","Bag of Preparation","Pantograph"],"potions_floor_usage":[11,16,19,28,56,56],"damage_taken":[{"damage":1,"enemies":"Cultist","floor":1,"turns":3},{"damage":0,"enemies":"2 Louse","floor":5,"turns":3},{"damage":4,"enemies":"Small Slimes","floor":7,"turns":3},{"damage":10,"enemies":"Lagavulin","floor":11,"turns":5},{"damage":0,"enemies":"Gremlin Gang","floor":12,"turns":3},{"damage":10,"enemies":"3 Sentries","floor":13,"turns":4},{"damage":0,"enemies":"Blue Slaver","floor":14,"turns":2},{"damage":35,"enemies":"Hexaghost","floor":16,"turns":8},{"damage":5,"enemies":"3 Byrds","floor":18,"turns":4},{"damage":0,"enemies":"Spheric Guardian","floor":19,"turns":3},{"damage":6,"enemies":"Snecko","floor":22,"turns":4},{"damage":40,"enemies":"Book of Stabbing","floor":24,"turns":5},{"damage":12,"enemies":"Gremlin Leader","floor":28,"turns":6},{"damage":7,"enemies":"Centurion and Healer","floor":29,"turns":4},{"damage":17,"enemies":"Collector","floor":33,"turns":10},{"damage":5,"enemies":"3 Shapes","floor":35,"turns":2},{"damage":0,"enemies":"Orb Walker","floor":38,"turns":3},{"damage":18,"enemies":"Nemesis","floor":41,"turns":5},{"damage":5,"enemies":"Reptomancer","floor":44,"turns":6},{"damage":23,"enemies":"Jaw Worm Horde","floor":45,"turns":3},{"damage":0,"enemies":"Spire Growth","floor":46,"turns":4},{"damage":0,"enemies":"Nemesis","floor":47,"turns":4},{"damage":0,"enemies":"3 Darklings","floor":48,"turns":3},{"damage":10,"enemies":"Donu and Deca","floor":50,"turns":6},{"damage":5,"enemies":"Time Eater","floor":51,"turns":5},{"damage":12,"enemies":"Shield and Spear","floor":55,"turns":7},{"damage":12,"enemies":"The Heart","floor":56,"turns":7}],"seed_played":"7668648658382607218","potions_obtained":[{"floor":3,"key":"DistilledChaos"},{"floor":3,"key":"FocusPotion"},{"floor":11,"key":"EssenceOfSteel"},{"floor":16,"key":"LiquidMemories"},{"floor":18,"key":"Dexterity Potion"},{"floor":29,"key":"DuplicationPotion"},{"floor":33,"key":"PotionOfCapacity"}],"is_trial":false,"path_per_floor":["M","?","?","$","M","R","M","R","T","?","E","M","E","M","R","B",null,"M","M","?","$","M","R","E","R","T","R","E","M","$","?","R","B",null,"M","?","$","M","$","R","E","R","T","E","M","M","E","M","R","B","B",null,"R","$","E","B",null],"character_chosen":"DEFECT","items_purchased":["Ball Lightning","OrangePellets","Steam+1","Loop","Orrery","Defragment","Electrodynamics","Coolheaded+1"],"campfire_rested":1,"item_purchase_floors":[4,21,30,30,37,37,39,54],"current_hp_per_floor":[45,50,50,50,50,50,46,46,46,46,48,48,50,50,50,27,64,59,59,59,59,53,53,25,25,25,47,40,45,45,38,38,21,34,29,29,29,29,29,29,23,23,23,30,19,31,31,31,31,21,28,36,36,36,24,31],"gold":40,"neow_bonus":"REMOVE_TWO","is_prod":false,"is_daily":false,"chose_seed":false,"campfire_upgraded":9,"win_rate":0,"timestamp":1622397526,"path_taken":["M","?","?","$","M","R","?","R","T","?","E","?","E","M","R","BOSS","M","M","?","$","M","R","E","R","T","R","E","M","$","?","R","BOSS","M","?","?","M","$","R","E","R","T","E","M","M","E","M","R","BOSS","BOSS","R","$","E","BOSS"],"build_version":"2020-12-18","purchased_purges":2,"victory":true,"max_hp_per_floor":[71,76,76,76,76,76,76,76,76,76,76,76,76,76,76,76,76,76,76,76,76,76,76,76,76,76,76,76,76,76,38,38,38,38,38,38,38,38,38,38,38,38,38,38,38,38,38,38,38,38,38,38,38,38,38,38],"relic_stats":{"OrangePellets":[23],"Lizard Tail":0,"counters":[27,120],"Mummified Hand":[106],"Pantograph":14,"Bag of Preparation":[10],"Question Card":17,"obtain_stats":[{"Bag of Preparation":47,"Question Card":24,"Ancient Tea Set":44,"Old Coin":36,"OrangePellets":21,"SlaversCollar":34,"Anchor":11,"Lizard Tail":13,"Mummified Hand":20,"Pantograph":55,"Orrery":37,"Toxic Egg 2":28,"Cracked Core":0,"Toy Ornithopter":26,"Meat on the Bone":9,"Runic Pyramid":17},{"Bag of Preparation":22,"Question Card":12,"Ancient Tea Set":19,"Old Coin":16,"OrangePellets":10,"SlaversCollar":15,"Anchor":4,"Lizard Tail":6,"Mummified Hand":10,"Pantograph":26,"Orrery":16,"Toxic Egg 2":13,"Cracked Core":0,"Toy Ornithopter":12,"Meat on the Bone":3,"Runic Pyramid":8},{"Bag of Preparation":93,"Question Card":47,"Ancient Tea Set":83,"Old Coin":69,"OrangePellets":38,"SlaversCollar":67,"Anchor":14,"Lizard Tail":21,"Mummified Hand":38,"Pantograph":114,"Orrery":69,"Toxic Egg 2":53,"Cracked Core":0,"Toy Ornithopter":47,"Meat on the Bone":9,"Runic Pyramid":31}],"Toy Ornithopter":10,"Meat on the Bone":120},"card_choices":[{"not_picked":["Hologram","Redo","Stack"],"picked":"SKIP","floor":1},{"not_picked":["Hologram","Fusion"],"picked":"Sunder","floor":5},{"not_picked":["Leap","Redo"],"picked":"FTL","floor":7},{"not_picked":["Stack","Rebound"],"picked":"Biased Cognition","floor":11},{"not_picked":["FTL","Chaos"],"picked":"Sweeping Beam","floor":12},{"not_picked":["White Noise","Reprogram"],"picked":"Cold Snap","floor":13},{"not_picked":["Loop","Tempest"],"picked":"Conserve Battery","floor":14},{"not_picked":["Creative AI","Rainbow"],"picked":"Core Surge","floor":16},{"not_picked":["Steam","Leap"],"picked":"Sunder","floor":18},{"not_picked":["Leap","Turbo+1"],"picked":"Defragment","floor":19},{"not_picked":["Skim","Conserve Battery"],"picked":"Storm","floor":22},{"not_picked":["Barrage","Rip and Tear"],"picked":"Fission","floor":24},{"not_picked":["Barrage","Consume+1","Beam Cell"],"picked":"Storm","floor":28},{"not_picked":["Compile Driver","Loop","Turbo+1"],"picked":"Genetic Algorithm+1","floor":29},{"not_picked":["Machine Learning","Reboot+1","Seek+1"],"picked":"Biased Cognition","floor":33},{"not_picked":["Ball Lightning","Go for the Eyes","Cold Snap"],"picked":"BootSequence+1","floor":35},{"not_picked":["Rebound","Streamline","Buffer"],"picked":"Capacitor","floor":37},{"not_picked":["Thunder Strike","Ball Lightning","Streamline+1"],"picked":"Hologram+1","floor":37},{"not_picked":["Compile Driver","Ball Lightning+1","Tempest+1"],"picked":"Chaos+1","floor":37},{"not_picked":["Melter","Rebound+1","Tempest+1","Gash"],"picked":"SKIP","floor":38},{"not_picked":["Leap+1","Stack+1","Doom and Gloom"],"picked":"Amplify+1","floor":41},{"not_picked":["Leap+1","Doom and Gloom","Turbo+1","Hello World+1"],"picked":"SKIP","floor":44},{"not_picked":["BootSequence+1","Leap+1","Steam+1"],"picked":"Recycle+1","floor":45},{"not_picked":["Conserve Battery+1","Auto Shields+1","Genetic Algorithm+1"],"picked":"Compile Driver","floor":46},{"not_picked":["BootSequence+1","Beam Cell","Turbo+1"],"picked":"Force Field+1","floor":47},{"not_picked":["Turbo+1","Rebound","Redo+1"],"picked":"Chill+1","floor":48},{"not_picked":["Coolheaded+1","Loop","Rebound+1"],"picked":"Echo Form","floor":55}],"player_experience":3893150,"relics_obtained":[{"floor":9,"key":"Meat on the Bone"},{"floor":11,"key":"Anchor"},{"floor":13,"key":"Lizard Tail"},{"floor":24,"key":"Question Card"},{"floor":26,"key":"Toy Ornithopter"},{"floor":28,"key":"Toxic Egg 2"},{"floor":44,"key":"Ancient Tea Set"},{"floor":47,"key":"Bag of Preparation"},{"floor":55,"key":"Pantograph"}],"event_choices":[{"damage_healed":0,"gold_gain":0,"player_choice":"Donut","damage_taken":0,"max_hp_gain":5,"max_hp_loss":0,"event_name":"Big Fish","floor":2,"gold_loss":0},{"damage_healed":0,"gold_gain":0,"player_choice":"Got Potions","damage_taken":0,"max_hp_gain":0,"max_hp_loss":0,"event_name":"Lab","floor":3,"gold_loss":0},{"damage_healed":0,"gold_gain":0,"cards_transformed":["Strike_B"],"player_choice":"Transformed","damage_taken":0,"max_hp_gain":0,"max_hp_loss":0,"event_name":"Transmorgrifier","floor":10,"gold_loss":0,"cards_obtained":["Tempest"]},{"damage_healed":0,"gold_gain":0,"player_choice":"Stole Relic","damage_taken":0,"relics_obtained":["Mummified Hand"],"max_hp_gain":0,"max_hp_loss":0,"event_name":"Addict","floor":20,"gold_loss":0,"cards_obtained":["Shame"]},{"damage_healed":0,"gold_gain":0,"player_choice":"Became a Ghost","damage_taken":0,"max_hp_gain":0,"max_hp_loss":38,"event_name":"Ghosts","floor":31,"gold_loss":0,"cards_obtained":["Ghostly","Ghostly","Ghostly"]},{"cards_removed":["Ball Lightning"],"damage_healed":0,"gold_gain":0,"player_choice":"Gave Card","damage_taken":0,"relics_obtained":["Old Coin"],"max_hp_gain":0,"max_hp_loss":0,"event_name":"WeMeetAgain","floor":36,"gold_loss":0}],"is_beta":true,"boss_relics":[{"not_picked":["FrozenCore","Sozu"],"picked":"Runic Pyramid"},{"not_picked":["Velvet Choker","Black Star"],"picked":"SlaversCollar"}],"items_purged_floors":[21,54],"is_endless":false,"potions_floor_spawned":[5,11,16,18,29,33,35,45],"ascension_level":20}