{"gold_per_floor":[115,80,92,92,108,108,137,8,88,88,101,123,150,160,160,232,232,242,242,242,242,255,255,282,46,46,80,98,98,124,35,35,109,109,120,132,132,150,203,229,229,259,286,41,41,41,67,78,78,78,78,78,78,8,33,33],"floor_reached":57,"playtime":10696,"items_purged":["Strike_B","Strike_B+1"],"score":3133,"play_id":"1520ec4c-2e0b-4d8d-96f3-48b4a146795f","local_time":"20210531130052","is_ascension_mode":true,"campfire_choices":[{"data":"Sunder","floor":6,"key":"SMITH"},{"floor":15,"key":"REST"},{"floor":23,"key":"REST"},{"floor":32,"key":"REST"},{"data":"Defragment","floor":41,"key":"SMITH"},{"floor":46,"key":"REST"},{"floor":49,"key":"RECALL"},{"data":"Capacitor","floor":53,"key":"SMITH"}],"neow_cost":"PERCENT_DAMAGE","seed_source_timestamp":892726032943100,"circlet_count":0,"master_deck":["AscendersBane","Defend_B+1","Defend_B+1","Defend_B+1","Defend_B+1","Zap+1","Dualcast+1","Beam Cell","Blizzard","Cold Snap","Barrage+1","Sunder+1","Cold Snap","Seek+1","Fusion+1","Leap+1","Hologram+1","Seek+1","Seek+1","Compile Driver","Go for the Eyes+1","Undo+1","Coolheaded+1","Rainbow+1","Hologram+1","Leap+1","Defragment+1","Capacitor+1","Genetic Algorithm+1","Fission+1","Compile Driver","Coolheaded+1","Multi-Cast+1","FTL","Consume+1","Compile Driver","Turbo+1","Discovery+1","Recycle+1","Coolheaded+1","Hologram+1","Leap+1"],"relics":["Cracked Core","Regal Pillow","Pocketwatch","Toxic Egg 2","Odd Mushroom","Dream Catcher","Nuclear Battery","Nilry\u0027s Codex","Bag of Marbles","Smiling Mask","Shuriken","Black Star","Ice Cream","Shovel","Nunchaku","Kunai","Bottled Lightning","Bronze Scales","Membership Card","Anchor","War Paint","Blood Vial","FossilizedHelix"],"potions_floor_usage":[7,13,16,24,30,42,56,56],"damage_taken":[{"damage":9,"enemies":"Jaw Worm","floor":1,"turns":6},{"damage":8,"enemies":"2 Louse","floor":3,"turns":3},{"damage":0,"enemies":"Small Slimes","floor":5,"turns":2},{"damage":19,"enemies":"Lagavulin","floor":7,"turns":7},{"damage":0,"enemies":"Blue Slaver","floor":11,"turns":2},{"damage":7,"enemies":"The Mushroom Lair","floor":12,"turns":3},{"damage":0,"enemies":"Gremlin Nob","floor":13,"turns":2},{"damage":0,"enemies":"3 Louse","floor":14,"turns":2},{"damage":26,"enemies":"Hexaghost","floor":16,"turns":7},{"damage":4,"enemies":"2 Thieves","floor":18,"turns":3},{"damage":5,"enemies":"Shell Parasite","floor":22,"turns":3},{"damage":5,"enemies":"Slavers","floor":24,"turns":5},{"damage":18,"enemies":"Gremlin Leader","floor":27,"turns":10},{"damage":0,"enemies":"Cultist and Chosen","floor":28,"turns":2},{"damage":9,"enemies":"Book of Stabbing","floor":30,"turns":8},{"damage":4,"enemies":"Champ","floor":33,"turns":14},{"damage":20,"enemies":"3 Darklings","floor":35,"turns":5},{"damage":0,"enemies":"Orb Walker","floor":36,"turns":3},{"damage":0,"enemies":"3 Darklings","floor":38,"turns":4},{"damage":1,"enemies":"2 Orb Walkers","floor":39,"turns":7},{"damage":9,"enemies":"Giant Head","floor":40,"turns":6},{"damage":25,"enemies":"Reptomancer","floor":42,"turns":7},{"damage":0,"enemies":"Giant Head","floor":47,"turns":6},{"damage":0,"enemies":"Jaw Worm Horde","floor":48,"turns":1},{"damage":0,"enemies":"Donu and Deca","floor":50,"turns":8},{"damage":0,"enemies":"Awakened One","floor":51,"turns":10},{"damage":0,"enemies":"Shield and Spear","floor":55,"turns":7},{"damage":48,"enemies":"The Heart","floor":56,"turns":11}],"seed_played":"-7876458548485753552","potions_obtained":[{"floor":5,"key":"BlessingOfTheForge"},{"floor":7,"key":"EssenceOfDarkness"},{"floor":13,"key":"PotionOfCapacity"},{"floor":14,"key":"Dexterity Potion"},{"floor":16,"key":"LiquidMemories"},{"floor":28,"key":"DuplicationPotion"},{"floor":38,"key":"Dexterity Potion"},{"floor":40,"key":"FocusPotion"},{"floor":42,"key":"LiquidBronze"}],"is_trial":false,"path_per_floor":["M","?","M","?","M","R","E","$","T","?","M","?","E","M","R","B",null,"M","?","?","?","M","R","E","$","T","E","M","?","E","$","R","B",null,"M","M","$","M","?","E","R","E","T","$","?","R","E","M","R","B","B",null,"R","$","E","B",null],"character_chosen":"DEFECT","items_purchased":["Cold Snap","Rainbow+1","Bag of Marbles","Capacitor","Membership Card","Turbo+1","Coolheaded+1","Hologram+1","ColorlessPotion"],"campfire_rested":4,"item_purchase_floors":[8,25,25,31,44,44,54,54,54],"current_hp_per_floor":[37,54,46,41,41,41,22,22,22,22,22,15,15,15,51,25,60,56,56,35,35,30,66,61,61,61,43,43,23,14,14,51,47,69,49,49,49,49,48,39,39,14,14,14,4,41,41,41,41,41,41,67,67,67,67,21],"gold":33,"neow_bonus":"TRANSFORM_TWO_CARDS","is_prod":false,"is_daily":false,"chose_seed":false,"campfire_upgraded":3,"win_rate":0,"timestamp":1622491252,"path_taken":["M","?","M","?","M","R","E","$","T","?","M","?","E","M","R","BOSS","M","?","?","?","M","R","E","$","T","E","M","?","E","$","R","BOSS","M","M","$","M","?","E","R","E","T","$","?","R","E","M","R","BOSS","BOSS","R","$","E","BOSS"],"build_version":"2020-12-18","purchased_purges":2,"victory":true,"max_hp_per_floor":[71,71,71,71,71,71,71,71,71,71,71,71,71,71,71,71,71,71,71,71,71,71,71,71,71,71,71,71,76,76,76,76,76,76,76,76,76,76,76,76,76,76,76,76,76,76,76,76,76,76,76,76,76,76,76,76],"relic_stats":{"Regal Pillow":60,"counters":[28,154],"War Paint":["Zap","Dualcast"],"Smiling Mask":0,"Blood Vial":2,"Dream Catcher":4,"Nunchaku":[14],"Shovel":0,"Shuriken":[51],"Bronze Scales":[252],"Black Star":4,"Kunai":[30],"obtain_stats":[{"Ice Cream":39,"Regal Pillow":4,"Nilry\u0027s Codex":20,"Odd Mushroom":12,"War Paint":47,"Smiling Mask":27,"Nuclear Battery":17,"Blood Vial":55,"Dream Catcher":13,"Nunchaku":40,"Anchor":47,"Shovel":40,"Shuriken":30,"Bronze Scales":43,"Bag of Marbles":25,"Black Star":34,"Kunai":42,"Bottled Lightning":42,"Membership Card":44,"Toxic Egg 2":9,"Cracked Core":0,"FossilizedHelix":55,"Pocketwatch":7},{"Ice Cream":20,"Regal Pillow":2,"Nilry\u0027s Codex":10,"Odd Mushroom":6,"War Paint":23,"Smiling Mask":13,"Nuclear Battery":9,"Blood Vial":27,"Dream Catcher":7,"Nunchaku":21,"Anchor":23,"Shovel":21,"Shuriken":15,"Bronze Scales":22,"Bag of Marbles":12,"Black Star":16,"Kunai":22,"Bottled Lightning":22,"Membership Card":22,"Toxic Egg 2":4,"Cracked Core":0,"FossilizedHelix":27,"Pocketwatch":4},{"Ice Cream":98,"Regal Pillow":9,"Nilry\u0027s Codex":37,"Odd Mushroom":23,"War Paint":117,"Smiling Mask":55,"Nuclear Battery":34,"Blood Vial":143,"Dream Catcher":25,"Nunchaku":104,"Anchor":117,"Shovel":104,"Shuriken":65,"Bronze Scales":111,"Bag of Marbles":45,"Black Star":79,"Kunai":111,"Bottled Lightning":111,"Membership Card":111,"Toxic Egg 2":18,"Cracked Core":0,"FossilizedHelix":143,"Pocketwatch":18}],"Pocketwatch":[66]},"card_choices":[{"not_picked":["Consume","Stack"],"picked":"Cold Snap","floor":1},{"not_picked":["Aggregate","Leap"],"picked":"Barrage","floor":3},{"not_picked":["Streamline","Skim"],"picked":"Sunder","floor":5},{"not_picked":["Gash","Turbo","Aggregate"],"picked":"SKIP","floor":7},{"not_picked":["Go for the Eyes","Rebound"],"picked":"Seek+1","floor":11},{"not_picked":["Leap+1","Steam+1"],"picked":"Fusion+1","floor":12},{"not_picked":["Lockon","Stack+1"],"picked":"Leap+1","floor":13},{"not_picked":["Rebound","Barrage"],"picked":"Hologram+1","floor":14},{"not_picked":["Sunder","Go for the Eyes"],"picked":"Seek+1","floor":15},{"not_picked":["Thunder Strike","All For One"],"picked":"Seek+1","floor":16},{"not_picked":["Lockon","Steam Power+1"],"picked":"Compile Driver","floor":18},{"not_picked":["Sweeping Beam","Rebound"],"picked":"Go for the Eyes+1","floor":22},{"not_picked":["Beam Cell","Steam+1"],"picked":"Undo+1","floor":23},{"not_picked":["Turbo+1","Fusion+1"],"picked":"Coolheaded+1","floor":24},{"not_picked":["Rip and Tear","Doom and Gloom"],"picked":"Hologram+1","floor":27},{"not_picked":["Streamline","Chill+1"],"picked":"Leap+1","floor":28},{"not_picked":["Creative AI","Darkness+1"],"picked":"Defragment","floor":30},{"not_picked":["Ball Lightning","Stack+1"],"picked":"Genetic Algorithm+1","floor":32},{"not_picked":["Biased Cognition","Amplify+1"],"picked":"Fission+1","floor":33},{"not_picked":["Steam+1","Leap+1"],"picked":"Compile Driver","floor":35},{"not_picked":["Steam+1","Sweeping Beam+1"],"picked":"Coolheaded+1","floor":36},{"not_picked":["Conserve Battery+1","Hologram+1"],"picked":"Multi-Cast+1","floor":38},{"not_picked":["Go for the Eyes","Gash"],"picked":"FTL","floor":39},{"not_picked":["Ball Lightning","Lockon+1"],"picked":"Consume+1","floor":40},{"not_picked":["Go for the Eyes","Gash"],"picked":"Compile Driver","floor":42},{"not_picked":["Dramatic Entrance","Forethought+1"],"picked":"Discovery+1","floor":45},{"not_picked":["Redo+1","Steam Power+1"],"picked":"Recycle+1","floor":47},{"not_picked":["Rebound","Compile Driver","Gash"],"picked":"SKIP","floor":48},{"not_picked":["Compile Driver","Tempest+1"],"picked":"Leap+1","floor":55}],"player_experience":3926184,"relics_obtained":[{"floor":7,"key":"Pocketwatch"},{"floor":9,"key":"Toxic Egg 2"},{"floor":12,"key":"Odd Mushroom"},{"floor":13,"key":"Dream Catcher"},{"floor":20,"key":"Nilry\u0027s Codex"},{"floor":27,"key":"Smiling Mask"},{"floor":30,"key":"Shuriken"},{"floor":39,"key":"Ice Cream"},{"floor":40,"key":"Shovel"},{"floor":40,"key":"Nunchaku"},{"floor":42,"key":"Kunai"},{"floor":42,"key":"Bottled Lightning"},{"floor":43,"key":"Bronze Scales"},{"floor":47,"key":"Anchor"},{"floor":47,"key":"War Paint"},{"floor":55,"key":"Blood Vial"},{"floor":55,"key":"FossilizedHelix"}],"event_choices":[{"damage_healed":17,"gold_gain":0,"player_choice":"Healed","damage_taken":0,"max_hp_gain":0,"max_hp_loss":0,"event_name":"The Cleric","floor":2,"gold_loss":35},{"damage_healed":0,"gold_gain":0,"player_choice":"Success","damage_taken":5,"relics_obtained":["Regal Pillow"],"max_hp_gain":0,"max_hp_loss":0,"event_name":"Scrap Ooze","floor":4,"gold_loss":0},{"damage_healed":0,"gold_gain":0,"player_choice":"Grow","damage_taken":0,"max_hp_gain":0,"max_hp_loss":0,"event_name":"Living Wall","floor":10,"gold_loss":0,"cards_upgraded":["Barrage"]},{"damage_healed":0,"gold_gain":0,"player_choice":"Fought Mushrooms","damage_taken":0,"max_hp_gain":0,"max_hp_loss":0,"event_name":"Mushrooms","floor":12,"gold_loss":0},{"damage_healed":0,"gold_gain":0,"player_choice":"Ignored","damage_taken":0,"max_hp_gain":0,"max_hp_loss":0,"event_name":"The Mausoleum","floor":19,"gold_loss":0},{"damage_healed":0,"gold_gain":0,"player_choice":"Obtained Book","damage_taken":21,"max_hp_gain":0,"max_hp_loss":0,"event_name":"Cursed Tome","floor":20,"gold_loss":0},{"damage_healed":0,"gold_gain":0,"player_choice":"Simplicity","damage_taken":0,"max_hp_gain":0,"max_hp_loss":0,"event_name":"Back to Basics","floor":21,"gold_loss":0,"cards_upgraded":["Strike_B","Defend_B","Defend_B","Defend_B","Defend_B"]},{"damage_healed":0,"gold_gain":0,"player_choice":"Shed Blood","damage_taken":25,"max_hp_gain":5,"max_hp_loss":0,"event_name":"Forgotten Altar","floor":29,"gold_loss":0},{"damage_healed":0,"gold_gain":0,"player_choice":"Fight","damage_taken":0,"max_hp_gain":0,"max_hp_loss":0,"event_name":"Mysterious Sphere","floor":39,"gold_loss":0},{"damage_healed":0,"gold_gain":0,"player_choice":"Memory 3","damage_taken":10,"max_hp_gain":0,"max_hp_loss":0,"event_name":"SensoryStone","floor":45,"gold_loss":0}],"is_beta":true,"boss_relics":[{"not_picked":["SacredBark","Runic Pyramid"],"picked":"Nuclear Battery"},{"not_picked":["Busted Crown","Velvet Choker"],"picked":"Black Star"}],"items_purged_floors":[8,44],"is_endless":false,"potions_floor_spawned":[5,7,13,14,16,18,22,28,38,40,42],"ascension_level":20}