{"gold_per_floor":[114,114,128,138,158,158,184,184,259,274,239,272,15,50,50,50],"floor_reached":16,"playtime":678,"items_purged":["Strike_B"],"score":240,"play_id":"3718bf8e-192a-4dff-b5b0-c6d5467e24c4","local_time":"20210530163333","is_ascension_mode":true,"campfire_choices":[{"data":"Sweeping Beam","floor":6.0,"key":"SMITH"},{"data":"Sweeping Beam","floor":8,"key":"SMITH"},{"data":"Doom and Gloom","floor":15,"key":"SMITH"}],"neow_cost":"NONE","seed_source_timestamp":829089539821100,"circlet_count":0,"master_deck":["AscendersBane","Strike_B","Strike_B+1","Defend_B","Defend_B","Defend_B","Defend_B","Zap","Dualcast","Sweeping Beam+1","Sweeping Beam+1","Hologram","Steam","Beam Cell+1","Doom and Gloom+1","Conserve Battery","Compile Driver","FTL"],"special_seed":0,"relics":["Cracked Core","Blood Vial","Bird Faced Urn","White Beast Statue","Whetstone","ClockworkSouvenir","Darkstone Periapt"],"potions_floor_usage":[12,14,16,16],"damage_taken":[{"damage":0.0,"enemies":"Cultist","floor":1.0,"turns":3.0},{"damage":2.0,"enemies":"Jaw Worm","floor":3.0,"turns":4.0},{"damage":3.0,"enemies":"2 Louse","floor":4.0,"turns":3.0},{"damage":6.0,"enemies":"2 Fungi Beasts","floor":5.0,"turns":3.0},{"damage":23,"enemies":"3 Sentries","floor":7,"turns":8},{"damage":3,"enemies":"Red Slaver","floor":10,"turns":4},{"damage":32,"enemies":"Gremlin Nob","floor":12,"turns":4},{"damage":5,"enemies":"3 Sentries","floor":14,"turns":4},{"damage":26,"enemies":"Slime Boss","floor":16,"turns":7}],"seed_played":"3575137344156424098","potions_obtained":[{"floor":4.0,"key":"SpeedPotion"},{"floor":5.0,"key":"Ancient Potion"},{"floor":7,"key":"DistilledChaos"},{"floor":10,"key":"CultistPotion"},{"floor":12,"key":"Dexterity Potion"},{"floor":14,"key":"EssenceOfSteel"}],"is_trial":false,"path_per_floor":["M","?","M","M","M","R","E","R","T","M","?","E","$","E","R","B"],"character_chosen":"DEFECT","items_purchased":["ClockworkSouvenir","Compile Driver"],"campfire_rested":0,"item_purchase_floors":[13,13],"current_hp_per_floor":[66,66,66,65,61,61,40,40,40,39,56,26,26,23,23,0],"gold":50,"neow_bonus":"RANDOM_COMMON_RELIC","is_prod":false,"is_daily":false,"chose_seed":false,"campfire_upgraded":3,"win_rate":0,"timestamp":1622417613,"path_taken":["M","?","M","M","?","R","E","R","T","M","?","E","$","E","R","BOSS"],"build_version":"2020-12-18","purchased_purges":1,"victory":false,"max_hp_per_floor":[71,71,71,71,71,71,71,71,71,71,71,71,71,71,71,71],"relic_stats":{"Blood Vial":18,"Darkstone Periapt":0,"counters":[9,40],"Bird Faced Urn":[0],"Whetstone":["Beam Cell","Strike_B"],"obtain_stats":[{"Blood Vial":0,"Darkstone Periapt":14,"Bird Faced Urn":7,"Whetstone":12,"Cracked Core":0,"White Beast Statue":9,"ClockworkSouvenir":13},{"Blood Vial":0,"Darkstone Periapt":8,"Bird Faced Urn":5,"Whetstone":7,"Cracked Core":0,"White Beast Statue":5,"ClockworkSouvenir":7},{"Blood Vial":0,"Darkstone Periapt":33,"Bird Faced Urn":21,"Whetstone":29,"Cracked Core":0,"White Beast Statue":21,"ClockworkSouvenir":29}]},"card_choices":[{"not_picked":["Gash","Compile Driver"],"picked":"Sweeping Beam","floor":1.0},{"not_picked":["Rebound","Stack"],"picked":"Sweeping Beam","floor":3.0},{"not_picked":["Auto Shields","Hello World"],"picked":"Hologram","floor":4.0},{"not_picked":["Leap","Rebound"],"picked":"Steam","floor":5.0},{"not_picked":["Lockon","Skim"],"picked":"Beam Cell","floor":7},{"not_picked":["Go for the Eyes","Reinforced Body"],"picked":"Doom and Gloom","floor":10},{"not_picked":["Double Energy","Hologram"],"picked":"Conserve Battery","floor":12},{"not_picked":["Compile Driver","Melter"],"picked":"FTL","floor":14}],"player_experience":3901371,"relics_obtained":[{"floor":7,"key":"Bird Faced Urn"},{"floor":9,"key":"White Beast Statue"},{"floor":12,"key":"Whetstone"},{"floor":14,"key":"Darkstone Periapt"}],"event_choices":[{"cards_removed":["Strike_B"],"damage_healed":0.0,"max_hp_gain":0.0,"max_hp_loss":0.0,"gold_gain":0.0,"event_name":"Purifier","player_choice":"Purged","floor":2.0,"gold_loss":0.0,"damage_taken":0.0},{"damage_healed":17,"gold_gain":0,"player_choice":"Healed","damage_taken":0,"max_hp_gain":0,"max_hp_loss":0,"event_name":"The Cleric","floor":11,"gold_loss":35}],"is_beta":true,"boss_relics":[],"items_purged_floors":[13],"is_endless":false,"potions_floor_spawned":[4,5,7,10,12,14],"killed_by":"Slime Boss","ascension_level":20}