{"gold_per_floor":[118,131,106,106,125,125,138,177,177,215,238,272,272,281,281,369,369,393,393,0,90,110,148,148,192,272,295,323,323,22,59,59,141,141,166,166,217,233,267,267,267,295,304,304],"floor_reached":44,"playtime":3579,"items_purged":["Pain","Writhe"],"score":1074,"play_id":"d9019532-1e1e-4459-becd-5cd654f5ba92","local_time":"20210530140702","is_ascension_mode":true,"campfire_choices":[{"data":"Darkness","floor":6.0,"key":"SMITH"},{"data":"Sunder","floor":13.0,"key":"SMITH"},{"data":"Barrage","floor":15.0,"key":"SMITH"},{"floor":24.0,"key":"REST"},{"floor":32,"key":"REST"},{"floor":40,"key":"RECALL"}],"neow_cost":"NONE","seed_source_timestamp":817387281785600,"circlet_count":0,"master_deck":["AscendersBane","Strike_B","Strike_B","Strike_B","Strike_B","Defend_B","Defend_B","Defend_B","Defend_B","Zap","Dualcast","Barrage+1","Compile Driver","Beam Cell","Echo Form","Darkness+1","Ball Lightning","Genetic Algorithm","Machine Learning","Sunder+1","Cold Snap","Seek","Doom and Gloom","Chill+1","Genetic Algorithm","Redo+1","Coolheaded","Compile Driver+1","Conserve Battery","Go for the Eyes+1","Biased Cognition","Defragment","Glacier","Doubt"],"special_seed":0,"relics":["Cracked Core","Nunchaku","CeramicFish","Eternal Feather","Blue Candle","Bag of Marbles","WarpedTongs","Cursed Key","Regal Pillow","Medical Kit","Happy Flower","Toy Ornithopter","Question Card","OrangePellets","Orichalcum","SacredBark","StoneCalendar","Girya","Blood Vial"],"potions_floor_usage":[31,33,37,42],"damage_taken":[{"damage":5.0,"enemies":"2 Louse","floor":1.0,"turns":3.0},{"damage":1.0,"enemies":"Cultist","floor":2.0,"turns":3.0},{"damage":7.0,"enemies":"Jaw Worm","floor":5.0,"turns":3.0},{"damage":8.0,"enemies":"Blue Slaver","floor":7.0,"turns":4.0},{"damage":0.0,"enemies":"Lagavulin","floor":8.0,"turns":4.0},{"damage":8.0,"enemies":"Gremlin Nob","floor":10.0,"turns":3.0},{"damage":9.0,"enemies":"Looter","floor":11.0,"turns":3.0},{"damage":15.0,"enemies":"3 Sentries","floor":12.0,"turns":5.0},{"damage":5.0,"enemies":"Slime Boss","floor":16.0,"turns":6.0},{"damage":9.0,"enemies":"3 Byrds","floor":18.0,"turns":4.0},{"damage":0.0,"enemies":"Chosen","floor":22.0,"turns":3.0},{"damage":15.0,"enemies":"Slavers","floor":23.0,"turns":4.0},{"damage":4.0,"enemies":"Gremlin Leader","floor":25.0,"turns":6.0},{"damage":17,"enemies":"Centurion and Healer","floor":27,"turns":4},{"damage":14,"enemies":"Chosen and Byrds","floor":28,"turns":7},{"damage":13,"enemies":"Slavers","floor":31,"turns":5},{"damage":43,"enemies":"Collector","floor":33,"turns":9},{"damage":0,"enemies":"3 Shapes","floor":35,"turns":5},{"damage":27,"enemies":"2 Orb Walkers","floor":37,"turns":6},{"damage":11,"enemies":"Orb Walker","floor":38,"turns":4},{"damage":0,"enemies":"Mind Bloom Boss Battle","floor":39,"turns":7},{"damage":15,"enemies":"Giant Head","floor":42,"turns":7},{"damage":44,"enemies":"Sphere and 2 Shapes","floor":44,"turns":5}],"seed_played":"3261589823122745999","potions_obtained":[{"floor":1.0,"key":"EntropicBrew"},{"floor":5.0,"key":"Block Potion"},{"floor":8.0,"key":"ColorlessPotion"},{"floor":11.0,"key":"SkillPotion"},{"floor":18.0,"key":"SteroidPotion"},{"floor":22.0,"key":"PowerPotion"},{"floor":28,"key":"Explosive Potion"},{"floor":31,"key":"LiquidBronze"},{"floor":33,"key":"EntropicBrew"},{"floor":38,"key":"DistilledChaos"}],"is_trial":false,"path_per_floor":["M","M","$","?","M","R","M","E","T","E","M","E","R","?","R","B",null,"M","?","$","?","M","E","R","E","T","M","M","?","$","E","R","B",null,"M","?","?","M","?","R","?","E","T","M"],"character_chosen":"DEFECT","items_purchased":["Beam Cell","Regal Pillow","Medical Kit","OrangePellets","Conserve Battery"],"campfire_rested":2,"item_purchase_floors":[3,20,20,30,30],"current_hp_per_floor":[59,58,58,58,51,51,43,43,43,35,26,11,23,23,35,30,61,52,52,52,40,40,25,71,67,67,50,36,16,16,8,63,25,63,63,63,41,30,30,48,48,38,38,0],"gold":304,"neow_bonus":"RANDOM_COMMON_RELIC","is_prod":false,"is_daily":false,"chose_seed":false,"campfire_upgraded":3,"win_rate":0,"timestamp":1622408822,"path_taken":["M","M","$","?","M","R","?","E","T","E","M","E","R","?","R","BOSS","M","?","$","?","M","E","R","E","T","M","?","?","$","E","R","BOSS","M","?","?","M","?","R","?","E","T","M"],"build_version":"2020-12-18","purchased_purges":2,"victory":false,"max_hp_per_floor":[71,71,71,71,71,71,71,71,71,71,71,71,71,71,71,71,71,71,71,71,71,71,71,71,71,71,71,71,76,76,76,76,76,76,76,72,72,72,72,72,72,72,72,72],"relic_stats":{"Regal Pillow":25,"Happy Flower":[21],"counters":[23,110],"CeramicFish":171,"Blue Candle":[6],"Eternal Feather":75,"StoneCalendar":[8],"Orichalcum":[42],"Cursed Key":2,"Medical Kit":[6],"Question Card":9,"WarpedTongs":[82],"Blood Vial":2,"OrangePellets":[10],"Nunchaku":[20],"obtain_stats":[{"Girya":39,"Regal Pillow":20,"Happy Flower":23,"CeramicFish":8,"Blue Candle":10,"SacredBark":34,"Eternal Feather":9,"StoneCalendar":37,"Orichalcum":31,"Cursed Key":17,"Medical Kit":20,"Question Card":26,"WarpedTongs":14,"Blood Vial":42,"OrangePellets":30,"Nunchaku":0,"Bag of Marbles":12,"Cracked Core":0,"Toy Ornithopter":25},{"Girya":21,"Regal Pillow":10,"Happy Flower":12,"CeramicFish":5,"Blue Candle":6,"SacredBark":17,"Eternal Feather":5,"StoneCalendar":19,"Orichalcum":16,"Cursed Key":9,"Medical Kit":10,"Question Card":13,"WarpedTongs":8,"Blood Vial":22,"OrangePellets":15,"Nunchaku":0,"Bag of Marbles":8,"Cracked Core":0,"Toy Ornithopter":13},{"Girya":98,"Regal Pillow":38,"Happy Flower":45,"CeramicFish":17,"Blue Candle":20,"SacredBark":76,"Eternal Feather":17,"StoneCalendar":87,"Orichalcum":67,"Cursed Key":34,"Medical Kit":38,"Question Card":51,"WarpedTongs":28,"Blood Vial":105,"OrangePellets":62,"Nunchaku":0,"Bag of Marbles":28,"Cracked Core":0,"Toy Ornithopter":51}],"Toy Ornithopter":20},"card_choices":[{"not_picked":["Steam","Rip and Tear"],"picked":"Barrage","floor":1.0},{"not_picked":["Steam","Chill"],"picked":"Compile Driver","floor":2.0},{"not_picked":["Chill","Undo"],"picked":"Darkness","floor":5.0},{"not_picked":["Rip and Tear","Coolheaded"],"picked":"Ball Lightning","floor":7.0},{"not_picked":["Cold Snap","Meteor Strike"],"picked":"Genetic Algorithm","floor":8.0},{"not_picked":["Beam Cell","Rebound"],"picked":"Machine Learning","floor":10.0},{"not_picked":["Coolheaded","Turbo"],"picked":"Sunder","floor":11.0},{"not_picked":["Capacitor","Sweeping Beam"],"picked":"Cold Snap","floor":12.0},{"not_picked":["Reboot","Fission"],"picked":"Seek","floor":16.0},{"not_picked":["Darkness","Storm"],"picked":"Doom and Gloom","floor":18.0},{"not_picked":["Leap","Compile Driver"],"picked":"Chill+1","floor":22.0},{"not_picked":["Redo","Aggregate"],"picked":"Genetic Algorithm","floor":23.0},{"not_picked":["Chaos","Compile Driver"],"picked":"Redo+1","floor":25.0},{"not_picked":["Recycle","Self Repair","Auto Shields"],"picked":"Coolheaded","floor":27},{"not_picked":["Redo","Reprogram+1","Blizzard"],"picked":"Compile Driver+1","floor":28},{"not_picked":["Barrage","Thunder Strike","Leap"],"picked":"Go for the Eyes+1","floor":31},{"not_picked":["Machine Learning","Echo Form","Rainbow"],"picked":"Biased Cognition","floor":33},{"not_picked":["Scrape+1","Sweeping Beam","Skim"],"picked":"Defragment","floor":35},{"not_picked":["Chaos","Consume","Go for the Eyes","BootSequence+1"],"picked":"SKIP","floor":38},{"not_picked":["Rip and Tear+1","Leap+1","Turbo"],"picked":"Glacier","floor":39},{"not_picked":["Hello World","Tempest+1","Static Discharge","Barrage"],"picked":"SKIP","floor":42}],"player_experience":3897496,"relics_obtained":[{"floor":8.0,"key":"CeramicFish"},{"floor":9.0,"key":"Eternal Feather"},{"floor":10.0,"key":"Blue Candle"},{"floor":12.0,"key":"Bag of Marbles"},{"floor":23.0,"key":"Happy Flower"},{"floor":25.0,"key":"Toy Ornithopter"},{"floor":26.0,"key":"Question Card"},{"floor":31,"key":"Orichalcum"},{"floor":37,"key":"StoneCalendar"},{"floor":39,"key":"Girya"},{"floor":42,"key":"Blood Vial"}],"event_choices":[{"damage_healed":0.0,"max_hp_gain":0.0,"max_hp_loss":0.0,"gold_gain":0.0,"event_name":"Match and Keep!","player_choice":"1 cards matched","floor":4.0,"gold_loss":0.0,"damage_taken":0.0,"cards_obtained":["Echo Form"]},{"damage_healed":0.0,"max_hp_gain":0.0,"max_hp_loss":0.0,"gold_gain":0.0,"event_name":"Accursed Blacksmith","player_choice":"Rummage","floor":14.0,"gold_loss":0.0,"damage_taken":0.0,"relics_obtained":["WarpedTongs"],"cards_obtained":["Pain"]},{"damage_healed":0.0,"max_hp_gain":0.0,"max_hp_loss":0.0,"gold_gain":0.0,"event_name":"The Mausoleum","player_choice":"Ignored","floor":19.0,"gold_loss":0.0,"damage_taken":0.0},{"damage_healed":0.0,"max_hp_gain":0.0,"max_hp_loss":0.0,"gold_gain":90.0,"event_name":"Knowing Skull","player_choice":"GOLD ","floor":21.0,"potions_obtained":[],"gold_loss":0.0,"damage_taken":12.0,"cards_obtained":[]},{"damage_healed":0,"gold_gain":0,"player_choice":"Shed Blood","damage_taken":25,"max_hp_gain":5,"max_hp_loss":0,"event_name":"Forgotten Altar","floor":29,"gold_loss":0},{"damage_healed":0,"gold_gain":0,"player_choice":"Max HP","damage_taken":0,"max_hp_gain":0,"max_hp_loss":4,"event_name":"Winding Halls","floor":36,"gold_loss":0},{"damage_healed":0,"gold_gain":0,"player_choice":"Fight","damage_taken":0,"max_hp_gain":0,"max_hp_loss":0,"event_name":"Mysterious Sphere","floor":37,"gold_loss":0},{"damage_healed":0,"gold_gain":0,"player_choice":"Fight","damage_taken":0,"max_hp_gain":0,"max_hp_loss":0,"event_name":"MindBloom","floor":39,"gold_loss":0},{"damage_healed":0,"gold_gain":0,"player_choice":"Ignored","damage_taken":0,"max_hp_gain":0,"max_hp_loss":0,"event_name":"Tomb of Lord Red Mask","floor":41,"gold_loss":0}],"is_beta":true,"boss_relics":[{"not_picked":["Tiny House","Nuclear Battery"],"picked":"Cursed Key"},{"not_picked":["Snecko Eye","FrozenCore"],"picked":"SacredBark"}],"items_purged_floors":[20,30],"is_endless":false,"potions_floor_spawned":[1,5,8,11,18,22,28,31,33,38,39],"killed_by":"Sphere and 2 Shapes","ascension_level":20}