{"gold_per_floor":[111,121,133,1,1,1,29,41,41,53,53,68,68,68,68,146,146,156,175,205,215,96,96,123,103,103,114,114,142,142,174,174,174],"floor_reached":33,"playtime":1863,"items_purged":["Strike_B"],"score":760,"play_id":"6c5c2206-1dca-452d-949b-e1ab57489157","local_time":"20210526222847","is_ascension_mode":true,"campfire_choices":[{"data":"Sweeping Beam","floor":6.0,"key":"SMITH"},{"data":"Doom and Gloom","floor":11.0,"key":"SMITH"},{"data":"Hyperbeam","floor":13.0,"key":"SMITH"},{"data":"Biased Cognition","floor":15,"key":"SMITH"},{"data":"Electrodynamics","floor":23,"key":"SMITH"},{"floor":28,"key":"REST"},{"data":"Defragment","floor":32,"key":"SMITH"}],"neow_cost":"NONE","seed_source_timestamp":503618613982600,"circlet_count":0,"master_deck":["AscendersBane","Strike_B","Strike_B","Strike_B","Defend_B","Defend_B","Defend_B","Defend_B","Zap","Dualcast","Ball Lightning","Doom and Gloom+1","Sweeping Beam+1","Rainbow","Biased Cognition+1","Loop","Compile Driver","Hyperbeam+1","Electrodynamics+1","Reinforced Body+1","Glacier","Ball Lightning","Defragment+1","Darkness+1","Aggregate+1"],"special_seed":0,"relics":["Cracked Core","Happy Flower","Emotion Chip","TungstenRod","Question Card","Snecko Eye","Red Mask","Letter Opener","InkBottle","Pen Nib","Strawberry","Shovel"],"potions_floor_usage":[16,27,33,33],"damage_taken":[{"damage":1.0,"enemies":"Cultist","floor":1.0,"turns":4.0},{"damage":0.0,"enemies":"2 Louse","floor":2.0,"turns":3.0},{"damage":12.0,"enemies":"Jaw Worm","floor":3.0,"turns":2.0},{"damage":6.0,"enemies":"3 Sentries","floor":7.0,"turns":3.0},{"damage":10.0,"enemies":"3 Louse","floor":8.0,"turns":3.0},{"damage":9.0,"enemies":"Exordium Thugs","floor":10.0,"turns":3.0},{"damage":6.0,"enemies":"Blue Slaver","floor":12.0,"turns":3.0},{"damage":0,"enemies":"Slime Boss","floor":16,"turns":5},{"damage":0,"enemies":"Spheric Guardian","floor":18,"turns":1},{"damage":15,"enemies":"2 Thieves","floor":19,"turns":2},{"damage":10,"enemies":"Masked Bandits","floor":20,"turns":2},{"damage":0,"enemies":"Cultist and Chosen","floor":21,"turns":3},{"damage":20,"enemies":"Book of Stabbing","floor":24,"turns":4},{"damage":3,"enemies":"Shelled Parasite and Fungi","floor":27,"turns":4},{"damage":2,"enemies":"Gremlin Leader","floor":29,"turns":3},{"damage":0,"enemies":"Slavers","floor":31,"turns":2},{"damage":85,"enemies":"Automaton","floor":33,"turns":6}],"seed_played":"-3352681217163254605","potions_obtained":[{"floor":3.0,"key":"SmokeBomb"},{"floor":8.0,"key":"EssenceOfSteel"},{"floor":10.0,"key":"Strength Potion"},{"floor":12.0,"key":"Fruit Juice"},{"floor":19,"key":"Explosive Potion"},{"floor":20,"key":"Explosive Potion"},{"floor":24,"key":"SneckoOil"},{"floor":27,"key":"Energy Potion"}],"is_trial":false,"path_per_floor":["M","M","M","$","T","R","E","M","T","M","R","M","R","?","R","B",null,"M","M","?","M","$","R","E","?","T","M","R","E","T","E","R","B"],"character_chosen":"DEFECT","items_purchased":["Rainbow","Energy Potion","Defragment"],"campfire_rested":1,"item_purchase_floors":[4,4,22],"current_hp_per_floor":[63,63,51,51,51,51,45,35,35,26,26,25,25,25,25,25,63,63,48,38,38,38,38,18,18,18,15,37,35,42,42,42,0],"gold":174,"neow_bonus":"RANDOM_COMMON_RELIC","is_prod":false,"is_daily":false,"chose_seed":false,"campfire_upgraded":6,"win_rate":0,"timestamp":1622093327,"path_taken":["M","M","?","?","?","R","E","M","T","M","R","?","R","?","R","BOSS","M","M","?","M","$","R","E","?","T","?","R","E","?","E","R","BOSS"],"build_version":"2020-12-18","purchased_purges":1,"victory":false,"max_hp_per_floor":[71,71,71,71,71,71,71,71,71,71,71,76,76,76,76,76,76,76,76,76,76,76,76,76,76,76,76,76,76,83,83,83,83],"relic_stats":{"Emotion Chip":[36,18,7,11,0],"Shovel":0,"Happy Flower":[17],"counters":[17,53],"Snecko Eye":[51,43,48,57],"Pen Nib":[1],"Letter Opener":[45],"Question Card":11,"obtain_stats":[{"Emotion Chip":5,"Shovel":31,"Happy Flower":0,"Strawberry":30,"Snecko Eye":17,"Pen Nib":29,"Red Mask":20,"Letter Opener":24,"Cracked Core":0,"Question Card":9,"TungstenRod":7,"InkBottle":26},{"Emotion Chip":3,"Shovel":16,"Happy Flower":0,"Strawberry":15,"Snecko Eye":8,"Pen Nib":15,"Red Mask":11,"Letter Opener":13,"Cracked Core":0,"Question Card":5,"TungstenRod":4,"InkBottle":13},{"Emotion Chip":9,"Shovel":47,"Happy Flower":0,"Strawberry":45,"Snecko Eye":26,"Pen Nib":45,"Red Mask":31,"Letter Opener":38,"Cracked Core":0,"Question Card":15,"TungstenRod":12,"InkBottle":38}],"TungstenRod":23,"InkBottle":[6]},"card_choices":[{"not_picked":["Go for the Eyes","Streamline"],"picked":"Ball Lightning","floor":1.0},{"not_picked":["Rebound","Ball Lightning"],"picked":"Doom and Gloom","floor":2.0},{"not_picked":["FTL","Barrage"],"picked":"Sweeping Beam","floor":3.0},{"not_picked":["Stack","Ball Lightning"],"picked":"Biased Cognition","floor":7.0},{"not_picked":["Stack","Go for the Eyes"],"picked":"Loop","floor":8.0},{"not_picked":["Gash","Ball Lightning","White Noise"],"picked":"Compile Driver","floor":10.0},{"not_picked":["Aggregate","Cold Snap","Hologram"],"picked":"Hyperbeam","floor":12.0},{"not_picked":["Echo Form","Seek","Multi-Cast"],"picked":"Electrodynamics","floor":16},{"not_picked":["Defragment","Sunder","Hologram"],"picked":"Reinforced Body+1","floor":18},{"not_picked":["Streamline+1","Barrage","Scrape","Rebound"],"picked":"SKIP","floor":19},{"not_picked":["Steam","Beam Cell","Scrape"],"picked":"Glacier","floor":20},{"not_picked":["Streamline","Rebound","Lockon"],"picked":"Ball Lightning","floor":21},{"not_picked":["Rebound","Melter","Undo"],"picked":"Darkness+1","floor":24},{"not_picked":["Tempest","Static Discharge","Streamline","FTL+1"],"picked":"SKIP","floor":27},{"not_picked":["Ball Lightning","FTL","White Noise"],"picked":"Aggregate+1","floor":29},{"not_picked":["Redo","Cold Snap","Genetic Algorithm+1","Machine Learning"],"picked":"SKIP","floor":31}],"player_experience":3814209,"relics_obtained":[{"floor":5.0,"key":"Emotion Chip"},{"floor":7.0,"key":"TungstenRod"},{"floor":9.0,"key":"Question Card"},{"floor":20,"key":"Red Mask"},{"floor":24,"key":"Letter Opener"},{"floor":26,"key":"InkBottle"},{"floor":29,"key":"Pen Nib"},{"floor":30,"key":"Strawberry"},{"floor":31,"key":"Shovel"}],"event_choices":[{"damage_healed":0,"gold_gain":0,"player_choice":"Searched \u00270\u0027 times","damage_taken":0,"max_hp_gain":0,"max_hp_loss":0,"event_name":"Dead Adventurer","floor":14,"gold_loss":0},{"damage_healed":0,"gold_gain":0,"player_choice":"Fought Bandits","damage_taken":0,"max_hp_gain":0,"max_hp_loss":0,"event_name":"Masked Bandits","floor":20,"gold_loss":0},{"damage_healed":0,"gold_gain":0,"player_choice":"Bought 1 Potion","damage_taken":0,"max_hp_gain":0,"max_hp_loss":0,"event_name":"The Woman in Blue","floor":25,"gold_loss":0}],"is_beta":true,"boss_relics":[{"not_picked":["Runic Dome","Astrolabe"],"picked":"Snecko Eye"}],"items_purged_floors":[22],"is_endless":false,"potions_floor_spawned":[3,8,10,12,19,20,24,27],"killed_by":"Automaton","ascension_level":20}