{"gold_per_floor":[111,128,141,141,121,446,446,464,546,546,546,546,546,581,581,581],"floor_reached":16,"playtime":493,"items_purged":[],"score":266,"play_id":"20acfffc-adb3-4e5b-81d9-13c34b54ca0d","local_time":"20210530164332","is_ascension_mode":true,"campfire_choices":[{"data":"Sunder","floor":7.0,"key":"SMITH"},{"data":"Barrage","floor":10.0,"key":"SMITH"},{"data":"Sweeping Beam","floor":12.0,"key":"SMITH"},{"data":"Zap","floor":15.0,"key":"SMITH"}],"neow_cost":"TEN_PERCENT_HP_LOSS","seed_source_timestamp":829819909549200,"circlet_count":0,"master_deck":["AscendersBane","Strike_B","Strike_B","Defend_B","Defend_B","Defend_B","Defend_B","Zap+1","Dualcast","All For One","Sweeping Beam+1","Barrage+1","Sunder+1","Ball Lightning","Ball Lightning","Compile Driver","Thunder Strike"],"special_seed":0,"relics":["Cracked Core","Old Coin","The Courier","Golden Idol","Anchor"],"potions_floor_usage":[16],"damage_taken":[{"damage":7.0,"enemies":"Jaw Worm","floor":1.0,"turns":4.0},{"damage":0.0,"enemies":"2 Louse","floor":2.0,"turns":2.0},{"damage":1.0,"enemies":"Cultist","floor":3.0,"turns":3.0},{"damage":20.0,"enemies":"Lagavulin","floor":6.0,"turns":5.0},{"damage":0.0,"enemies":"Large Slime","floor":8.0,"turns":3.0},{"damage":0.0,"enemies":"Gremlin Nob","floor":14.0,"turns":2.0},{"damage":44,"enemies":"Hexaghost","floor":16,"turns":7}],"seed_played":"2452698025806863860","potions_obtained":[{"floor":3.0,"key":"Strength Potion"},{"floor":5.0,"key":"BlessingOfTheForge"},{"floor":6.0,"key":"PowerPotion"},{"floor":8.0,"key":"FearPotion"}],"is_trial":false,"path_per_floor":["M","M","M","?","?","E","R","M","T","R","?","R","?","E","R","B"],"character_chosen":"DEFECT","items_purchased":[],"campfire_rested":0,"item_purchase_floors":[],"current_hp_per_floor":[57,57,56,56,56,36,36,36,36,36,41,41,41,41,41,0],"gold":581,"neow_bonus":"TRANSFORM_TWO_CARDS","is_prod":false,"is_daily":false,"chose_seed":false,"campfire_upgraded":4,"win_rate":0,"timestamp":1622418212,"path_taken":["M","M","M","?","?","E","R","?","T","R","?","R","?","E","R","BOSS"],"build_version":"2020-12-18","purchased_purges":0,"victory":false,"max_hp_per_floor":[64,64,64,64,64,64,64,64,64,64,69,69,63,63,63,63],"relic_stats":{"counters":[7,26],"Golden Idol":7,"obtain_stats":[{"Anchor":14,"Golden Idol":13,"The Courier":9,"Cracked Core":0,"Old Coin":6},{"Anchor":6,"Golden Idol":5,"The Courier":5,"Cracked Core":0,"Old Coin":4},{"Anchor":19,"Golden Idol":17,"The Courier":17,"Cracked Core":0,"Old Coin":14}]},"card_choices":[{"not_picked":["Melter","Consume"],"picked":"Barrage","floor":1.0},{"not_picked":["Beam Cell","Stack"],"picked":"Sunder","floor":2.0},{"not_picked":["Reprogram","Streamline"],"picked":"Ball Lightning","floor":3.0},{"not_picked":["Storm","Steam"],"picked":"Ball Lightning","floor":6.0},{"not_picked":["Redo","Go for the Eyes"],"picked":"Compile Driver","floor":8.0},{"not_picked":["Steam","Fission"],"picked":"Thunder Strike","floor":14.0}],"player_experience":3902049,"relics_obtained":[{"floor":6.0,"key":"Old Coin"},{"floor":9.0,"key":"The Courier"},{"floor":14.0,"key":"Anchor"}],"event_choices":[{"damage_healed":0.0,"max_hp_gain":0.0,"max_hp_loss":0.0,"gold_gain":0.0,"event_name":"Liars Game","player_choice":"Ignored","floor":4.0,"gold_loss":0.0,"damage_taken":0.0},{"damage_healed":0.0,"max_hp_gain":0.0,"max_hp_loss":0.0,"gold_gain":0.0,"event_name":"The Woman in Blue","player_choice":"Bought 1 Potion","floor":5.0,"gold_loss":0.0,"damage_taken":0.0},{"damage_healed":0.0,"max_hp_gain":5.0,"max_hp_loss":0.0,"gold_gain":0.0,"event_name":"Big Fish","player_choice":"Donut","floor":11.0,"gold_loss":0.0,"damage_taken":0.0},{"damage_healed":0.0,"max_hp_gain":0.0,"max_hp_loss":6.0,"gold_gain":0.0,"event_name":"Golden Idol","player_choice":"Lose Max HP","floor":13.0,"gold_loss":0.0,"damage_taken":0.0,"relics_obtained":["Golden Idol"]}],"is_beta":true,"boss_relics":[],"items_purged_floors":[],"is_endless":false,"potions_floor_spawned":[3,6,8],"killed_by":"Hexaghost","ascension_level":20}