{"gold_per_floor":[109,125,125,143,143,143,171,184,209,274,274],"floor_reached":11,"playtime":502,"items_purged":[],"score":137,"play_id":"88cb1047-1e97-4df6-9c0d-500eddd336eb","local_time":"20190919153504","is_ascension_mode":true,"campfire_choices":[{"data":"SandsOfTime","floor":6,"key":"SMITH"}],"neow_cost":"NONE","seed_source_timestamp":654253891376200,"circlet_count":0,"master_deck":["AscendersBane","Strike_P","Strike_P","Strike_P","Strike_P","Defend_P","Defend_P","Defend_P","Defend_P","Eruption","Vigilance","CrushJoints","SandsOfTime+1","Vengeance","Decay","SashWhip","ReachHeaven","Swivel"],"relics":["PureWater","Boot","Potion Belt","Tiny Chest"],"potions_floor_usage":[7,10],"damage_taken":[{"damage":0,"enemies":"2 Louse","floor":1,"turns":2},{"damage":0,"enemies":"Small Slimes","floor":2,"turns":2},{"damage":5,"enemies":"Cultist","floor":4,"turns":4},{"damage":24,"enemies":"3 Sentries","floor":7,"turns":5},{"damage":13,"enemies":"3 Louse","floor":8,"turns":4},{"damage":18,"enemies":"Gremlin Nob","floor":10,"turns":3},{"damage":26,"enemies":"Red Slaver","floor":11,"turns":4}],"seed_played":"3782776788201489751","potions_obtained":[{"floor":0,"key":"EssenceOfSteel"},{"floor":0,"key":"StancePotion"},{"floor":8,"key":"StancePotion"}],"is_trial":false,"path_per_floor":["M","M","?","M","?","R","E","M","T","E","M"],"character_chosen":"WATCHER","items_purchased":[],"campfire_rested":0,"item_purchase_floors":[],"current_hp_per_floor":[59,59,64,59,59,59,35,22,22,4,0],"gold":274,"neow_bonus":"THREE_SMALL_POTIONS","is_prod":false,"is_daily":false,"chose_seed":false,"campfire_upgraded":1,"win_rate":0,"timestamp":1568903704,"path_taken":["M","M","?","M","?","R","E","?","T","E","M"],"build_version":"2019-09-18","purchased_purges":0,"victory":false,"max_hp_per_floor":[65,65,70,70,70,70,70,70,70,70,70],"card_choices":[{"not_picked":["ThirdEye","FollowUp"],"picked":"CrushJoints","floor":1},{"not_picked":["SpiritShield","WreathOfFlame"],"picked":"SandsOfTime","floor":2},{"not_picked":["Perseverance","FlyingSleeves"],"picked":"Vengeance","floor":4},{"not_picked":["Sanctity","BowlingBash"],"picked":"SashWhip","floor":7},{"not_picked":["Collect","Crescendo"],"picked":"ReachHeaven","floor":8},{"not_picked":["ForeignInfluence","CleanseEvil"],"picked":"Swivel","floor":10}],"player_experience":1811564,"relics_obtained":[{"floor":7,"key":"Boot"},{"floor":9,"key":"Potion Belt"},{"floor":10,"key":"Tiny Chest"}],"event_choices":[{"damage_healed":0,"gold_gain":0,"player_choice":"Donut","damage_taken":0,"max_hp_gain":5,"max_hp_loss":0,"event_name":"Big Fish","floor":3,"gold_loss":0},{"damage_healed":0,"gold_gain":0,"player_choice":"Cursed","damage_taken":0,"max_hp_gain":0,"max_hp_loss":0,"event_name":"Wheel of Change","floor":5,"gold_loss":0,"cards_obtained":["Decay"]}],"is_beta":true,"boss_relics":[],"items_purged_floors":[],"is_endless":false,"potions_floor_spawned":[1,8],"killed_by":"Red Slaver","ascension_level":13}