{"gold_per_floor":[117,117,117,142,161,205,205,218,218,249,268,268,42,83,83,180,180,205,305,335,15,45,45,89,89,89,102,38,59,59,100,100,197,197,215,23,148,199,220,220,220,220,220,255,255,269,269,294,294,294],"floor_reached":51,"playtime":4779,"items_purged":["Strike_P"],"score":1569,"play_id":"683ebcdb-809a-4e25-b5ca-e8cbfbfaa72a","local_time":"20190919232430","is_ascension_mode":true,"campfire_choices":[{"floor":7.0,"key":"REST"},{"floor":12,"key":"REST"},{"data":"MentalFortress","floor":15,"key":"SMITH"},{"floor":23,"key":"REST"},{"floor":25,"key":"REST"},{"floor":32,"key":"REST"},{"floor":40,"key":"REST"},{"floor":42,"key":"RECALL"},{"floor":45,"key":"REST"},{"floor":47,"key":"REST"},{"floor":49,"key":"REST"}],"neow_cost":"NONE","seed_source_timestamp":678043209083700,"circlet_count":0,"master_deck":["AscendersBane","Strike_P","Strike_P","Strike_P","Defend_P","Defend_P+1","Defend_P","Defend_P","Eruption","Vigilance","Meditate+1","CutThroughFate+1","SashWhip","Sanctity+1","Crescendo+1","FlowState+1","Blasphemy+1","MentalFortress+1","Protect+1","Alpha+1","Protect+1","EmptyBody+1","EmptyBody+1","FearNoEvil+1","EmptyMind+1","Alpha+1","EmptyBody+1","EmptyMind+1"],"special_seed":0,"relics":["PureWater","Pen Nib","Golden Idol","Toxic Egg 2","Dead Branch","Bottled Lightning","Oddly Smooth Stone","Sling","CeramicFish","SlaversCollar","Lee\u0027s Waffle","Ice Cream","Akabeko","Gambling Chip","Fusion Hammer","Anchor","CloakClasp","War Paint","Whetstone","Nunchaku"],"potions_floor_usage":[8,20,29,31,50,50],"damage_taken":[{"damage":0.0,"enemies":"Small Slimes","floor":1.0,"turns":2.0},{"damage":7.0,"enemies":"Jaw Worm","floor":4.0,"turns":3.0},{"damage":3.0,"enemies":"2 Louse","floor":5.0,"turns":3.0},{"damage":17.0,"enemies":"3 Sentries","floor":6.0,"turns":7.0},{"damage":21,"enemies":"Exordium Thugs","floor":8,"turns":3},{"damage":5,"enemies":"Lagavulin","floor":10,"turns":4},{"damage":0,"enemies":"Blue Slaver","floor":11,"turns":2},{"damage":7,"enemies":"3 Sentries","floor":14,"turns":6},{"damage":0,"enemies":"Hexaghost","floor":16,"turns":10},{"damage":10,"enemies":"Chosen","floor":18,"turns":6},{"damage":19,"enemies":"2 Thieves","floor":20,"turns":3},{"damage":33,"enemies":"Sentry and Sphere","floor":22,"turns":6},{"damage":27,"enemies":"Book of Stabbing","floor":24,"turns":6},{"damage":16,"enemies":"Snake Plant","floor":27,"turns":8},{"damage":4,"enemies":"Shelled Parasite and Fungi","floor":29,"turns":6},{"damage":10,"enemies":"Slavers","floor":31,"turns":6},{"damage":0,"enemies":"Champ","floor":33,"turns":9},{"damage":5,"enemies":"Orb Walker","floor":35,"turns":8},{"damage":0,"enemies":"Mind Bloom Boss Battle","floor":37,"turns":6},{"damage":0,"enemies":"3 Shapes","floor":39,"turns":7},{"damage":14,"enemies":"Giant Head","floor":44,"turns":10},{"damage":7,"enemies":"Maw","floor":46,"turns":9},{"damage":12,"enemies":"Writhing Mass","floor":48,"turns":8},{"damage":0,"enemies":"Awakened One","floor":50,"turns":11}],"seed_played":"-1129889988871784543","potions_obtained":[{"floor":6.0,"key":"SteroidPotion"},{"floor":11,"key":"SteroidPotion"},{"floor":14,"key":"SteroidPotion"},{"floor":24,"key":"AttackPotion"},{"floor":39,"key":"Ancient Potion"},{"floor":44,"key":"BottledMiracle"}],"is_trial":false,"path_per_floor":["M","?","T","M","M","E","R","M","T","E","M","R","$","E","R","B",null,"M","?","M","$","M","R","E","R","T","M","$","M","?","E","R","B",null,"M","$","?","T","M","R","?","R","T","E","R","M","R","M","R","B",null],"character_chosen":"WATCHER","items_purchased":["Sling","MentalFortress","Lee\u0027s Waffle","EmptyBody+1","SteroidPotion","EmptyMind+1","Anchor","EmptyBody+1"],"campfire_rested":9,"item_purchase_floors":[13,13,21,21,21,28,36,36],"current_hp_per_floor":[55,55,55,48,45,28,45,24,24,19,19,36,36,29,29,29,50,40,40,21,64,31,50,23,42,42,26,26,22,22,12,31,31,56,51,51,51,51,51,64,64,64,64,64,64,57,64,52,64,64],"gold":294,"neow_bonus":"RANDOM_COMMON_RELIC","is_prod":false,"is_daily":false,"chose_seed":false,"campfire_upgraded":1,"win_rate":0,"timestamp":1568931870,"path_taken":["M","?","?","M","M","E","R","M","T","E","M","R","?","E","R","BOSS","M","?","M","?","?","R","E","R","T","M","$","M","?","E","R","BOSS","M","$","?","?","M","R","?","R","T","E","R","?","R","M","R","BOSS"],"build_version":"2019-09-19","purchased_purges":1,"victory":true,"max_hp_per_floor":[61,57,57,57,57,57,57,57,57,57,57,57,57,57,57,57,57,57,57,57,64,64,64,64,64,64,64,64,64,64,64,64,64,64,64,64,64,64,64,64,64,64,64,64,64,64,64,64,64,64],"card_choices":[{"not_picked":["FollowUp","BowlingBash"],"picked":"Meditate","floor":1.0},{"not_picked":["StepAndStrike","Prostrate+1"],"picked":"CutThroughFate","floor":4.0},{"not_picked":["FearNoEvil","Halt+1"],"picked":"SashWhip","floor":5.0},{"not_picked":["FlyingSleeves","Consecrate"],"picked":"Sanctity+1","floor":6.0},{"not_picked":["TalkToTheHand","Perseverance+1"],"picked":"Crescendo+1","floor":8},{"not_picked":["Scrawl+1","PathToVictory+1"],"picked":"FlowState+1","floor":10},{"not_picked":["Vengeance+1","FlyingSleeves"],"picked":"Blasphemy+1","floor":11},{"not_picked":["CutThroughFate","ClearTheMind+1"],"picked":"Protect+1","floor":14},{"not_picked":["Judgement+1","BattleHymn"],"picked":"Alpha+1","floor":16},{"not_picked":["SashWhip","CutThroughFate"],"picked":"Protect+1","floor":18},{"not_picked":["TalkToTheHand","JustLucky"],"picked":"EmptyBody+1","floor":20},{"not_picked":["ThirdEye+1","Protect+1"],"picked":"FearNoEvil","floor":22},{"not_picked":["ForeignInfluence+1","Protect+1","Halt+1"],"picked":"SKIP","floor":24},{"not_picked":["CrushJoints","CutThroughFate","ThirdEye+1"],"picked":"SKIP","floor":27},{"not_picked":["FlowState+1","Prostrate+1","Weave"],"picked":"SKIP","floor":29},{"not_picked":["Conclude","CutThroughFate","Weave"],"picked":"SKIP","floor":31},{"not_picked":["BattleHymn","Unraveling+1"],"picked":"Alpha+1","floor":33},{"not_picked":["Sanctity+1","FollowUp+1","Meditate+1"],"picked":"SKIP","floor":35},{"not_picked":["Wallop","Scrawl+1","Halt+1"],"picked":"SKIP","floor":39},{"not_picked":["Halt+1","FlowState+1","FollowUp+1"],"picked":"SKIP","floor":44},{"not_picked":["EmptyBody+1","Crescendo+1","TalkToTheHand+1"],"picked":"SKIP","floor":46},{"not_picked":["Protect+1","Wireheading"],"picked":"EmptyMind+1","floor":48}],"player_experience":1816667,"relics_obtained":[{"floor":3.0,"key":"Toxic Egg 2"},{"floor":6.0,"key":"Dead Branch"},{"floor":9,"key":"Bottled Lightning"},{"floor":10,"key":"Oddly Smooth Stone"},{"floor":14,"key":"CeramicFish"},{"floor":24,"key":"Ice Cream"},{"floor":26,"key":"Akabeko"},{"floor":31,"key":"Gambling Chip"},{"floor":37,"key":"CloakClasp"},{"floor":38,"key":"War Paint"},{"floor":43,"key":"Whetstone"},{"floor":44,"key":"Nunchaku"}],"event_choices":[{"damage_healed":0.0,"max_hp_gain":0.0,"max_hp_loss":4.0,"gold_gain":0.0,"event_name":"Golden Idol","player_choice":"Lose Max HP","floor":2.0,"gold_loss":0.0,"damage_taken":0.0,"relics_obtained":["Golden Idol"]},{"damage_healed":0,"gold_gain":100,"player_choice":"Pray","damage_taken":0,"max_hp_gain":0,"max_hp_loss":0,"event_name":"Golden Shrine","floor":19,"gold_loss":0},{"damage_healed":0,"gold_gain":0,"player_choice":"Ignored","damage_taken":0,"max_hp_gain":0,"max_hp_loss":0,"event_name":"Vampires","floor":30,"gold_loss":0},{"damage_healed":0,"gold_gain":0,"player_choice":"Fight","damage_taken":0,"max_hp_gain":0,"max_hp_loss":0,"event_name":"MindBloom","floor":37,"gold_loss":0},{"damage_healed":0,"gold_gain":0,"player_choice":"Full Heal","damage_taken":0,"max_hp_gain":0,"max_hp_loss":0,"event_name":"Wheel of Change","floor":41,"gold_loss":0}],"is_beta":true,"boss_relics":[{"not_picked":["Black Star","SacredBark"],"picked":"SlaversCollar"},{"not_picked":["Velvet Choker","Coffee Dripper"],"picked":"Fusion Hammer"}],"items_purged_floors":[21],"is_endless":false,"potions_floor_spawned":[6,11,14,24,27,39,44],"ascension_level":14}