{"gold_per_floor":[119,134,154,15,33,66,66,66,93,93,18,38,49,49,61,175,187,216,244,256,268,41,41,56,56,106,141,92,127,127,162,162,259,259,273,273,290,0,14,14,49,68,116,128,146,146],"floor_reached":46,"playtime":4321,"items_purged":["Defend_P","Strike_P"],"score":535,"play_id":"cf50e2d9-b965-4010-97bf-cd2925aef9ea","local_time":"20190910210650","is_ascension_mode":false,"campfire_choices":[{"floor":8.0,"key":"REST"},{"floor":10.0,"key":"REST"},{"floor":15.0,"key":"REST"},{"floor":23,"key":"REST"},{"floor":25,"key":"REST"},{"floor":30,"key":"REST"},{"data":"DevaForm","floor":32,"key":"SMITH"}],"neow_cost":"NONE","seed_source_timestamp":0,"circlet_count":0,"master_deck":["Strike_P+1","Strike_P+1","Defend_P+1","Defend_P+1","Defend_P+1","Eruption+1","Vigilance+1","LessonLearned+1","Establishment+1","DevaForm+1","Devotion+1","CrushJoints+1","Protect+1","Vault+1","Necronomicurse","DevaForm+1","CutThroughFate+1","CleanseEvil+1","EmptyFist+1","ReachHeaven+1","EmptyBody+1","TalkToTheHand+1","DeceiveReality+1"],"special_seed":0,"relics":["PureWater","TungstenRod","Toy Ornithopter","MawBank","VioletLotus","Necronomicon","Pear","Dream Catcher","Orichalcum","Ancient Tea Set","Pen Nib","Busted Crown","Du-Vu Doll","ClockworkSouvenir","Smiling Mask","Anchor"],"potions_floor_usage":[27,27,29,31,46,46,46],"damage_taken":[{"damage":1.0,"enemies":"Jaw Worm","floor":1.0,"turns":3.0},{"damage":14.0,"enemies":"2 Louse","floor":2.0,"turns":4.0},{"damage":12.0,"enemies":"Cultist","floor":3.0,"turns":4.0},{"damage":3.0,"enemies":"Looter","floor":5.0,"turns":5.0},{"damage":17.0,"enemies":"Lagavulin","floor":6.0,"turns":14.0},{"damage":3.0,"enemies":"Red Slaver","floor":12.0,"turns":5.0},{"damage":9.0,"enemies":"2 Fungi Beasts","floor":13.0,"turns":3.0},{"damage":17.0,"enemies":"The Guardian","floor":16.0,"turns":13.0},{"damage":36,"enemies":"3 Byrds","floor":18,"turns":8},{"damage":3,"enemies":"Shell Parasite","floor":19,"turns":10},{"damage":14,"enemies":"Shelled Parasite and Fungi","floor":24,"turns":9},{"damage":7,"enemies":"Slavers","floor":27,"turns":13},{"damage":16,"enemies":"Gremlin Leader","floor":29,"turns":10},{"damage":5,"enemies":"Book of Stabbing","floor":31,"turns":9},{"damage":18,"enemies":"Collector","floor":33,"turns":7},{"damage":6,"enemies":"3 Darklings","floor":35,"turns":6},{"damage":0,"enemies":"Orb Walker","floor":37,"turns":5},{"damage":6,"enemies":"4 Shapes","floor":39,"turns":9},{"damage":20,"enemies":"Reptomancer","floor":41,"turns":8},{"damage":1,"enemies":"3 Darklings","floor":42,"turns":5},{"damage":0,"enemies":"Maw","floor":44,"turns":5},{"damage":0,"enemies":"Spire Growth","floor":45,"turns":6},{"damage":71,"enemies":"Writhing Mass","floor":46,"turns":3}],"seed_played":"-7072171849741353533","potions_obtained":[{"floor":1.0,"key":"Strength Potion"},{"floor":3.0,"key":"FearPotion"},{"floor":12.0,"key":"Strength Potion"},{"floor":19,"key":"SkillPotion"},{"floor":27,"key":"AttackPotion"},{"floor":31,"key":"Explosive Potion"},{"floor":37,"key":"Ancient Potion"},{"floor":39,"key":"Poison Potion"}],"is_trial":false,"path_per_floor":["M","M","M","$","M","E","?","R","T","R","$","M","M","?","R","B",null,"M","M","?","?","$","R","M","R","T","E","$","E","R","E","R","B",null,"M","T","M","$","M","?","E","M","T","M","M","M"],"character_chosen":"WATCHER","items_purchased":["DevaForm","Pear","SkillPotion","TalkToTheHand","ClockworkSouvenir"],"campfire_rested":6,"item_purchase_floors":[4,22,28,38,38],"current_hp_per_floor":[64,50,38,38,35,18,5,24,24,43,43,40,31,24,43,26,65,29,26,10,10,20,42,28,50,50,53,53,42,64,64,64,46,75,69,69,69,69,63,63,43,42,42,42,42,0],"gold":146,"neow_bonus":"ONE_RANDOM_RARE_CARD","is_prod":false,"is_daily":false,"chose_seed":false,"campfire_upgraded":1,"win_rate":0.0,"timestamp":1568146010,"path_taken":["M","M","M","$","M","E","?","R","T","R","$","M","M","?","R","BOSS","M","M","?","?","$","R","M","R","T","E","$","E","R","E","R","BOSS","M","?","M","$","M","?","E","M","T","M","?","M"],"build_version":"2019-09-09v2","purchased_purges":2,"victory":false,"max_hp_per_floor":[65,65,65,65,65,65,65,65,65,65,65,65,65,65,65,65,65,65,65,65,65,75,75,75,75,75,75,75,75,75,75,75,75,75,75,75,75,75,75,75,75,75,75,75,75,75],"card_choices":[{"not_picked":["Swivel","FlyingSleeves","SpiritShield"],"picked":"SKIP","floor":1.0},{"not_picked":["TalkToTheHand","CarveReality"],"picked":"Establishment","floor":2.0},{"not_picked":["Halt","Weave","Prostrate"],"picked":"SKIP","floor":3.0},{"not_picked":["FollowUp","FearNoEvil"],"picked":"Devotion","floor":5.0},{"not_picked":["FlyingSleeves","Worship"],"picked":"CrushJoints","floor":6.0},{"not_picked":["Collect","Weave"],"picked":"Protect","floor":12.0},{"not_picked":["CrushJoints","CutThroughFate","FollowUp"],"picked":"SKIP","floor":13.0},{"not_picked":["MasterReality","ReachHeaven"],"picked":"Vault","floor":16.0},{"not_picked":["InnerPeace","FollowUp","CrushJoints"],"picked":"SKIP","floor":18},{"not_picked":["FlyingSleeves+1","Vengeance","CrushJoints+1"],"picked":"SKIP","floor":19},{"not_picked":["CutThroughFate","Vengeance"],"picked":"DevaForm","floor":24},{"not_picked":["JustLucky","ThirdEye"],"picked":"CutThroughFate","floor":27},{"not_picked":["Collect+1","ForeignInfluence+1"],"picked":"CleanseEvil+1","floor":29},{"not_picked":["Halt","FollowUp"],"picked":"EmptyFist+1","floor":30},{"not_picked":["ForeignInfluence","WaveOfTheHand","CleanseEvil+1"],"picked":"SKIP","floor":31},{"not_picked":["Nirvana","DeusExMachina"],"picked":"ReachHeaven","floor":33},{"not_picked":["CrushJoints+1"],"picked":"SKIP","floor":35},{"not_picked":[],"picked":"EmptyBody+1","floor":37},{"not_picked":[],"picked":"DeceiveReality+1","floor":39},{"not_picked":["InnerPeace"],"picked":"SKIP","floor":41},{"not_picked":["Weave+1"],"picked":"SKIP","floor":42},{"not_picked":["JustLucky"],"picked":"SKIP","floor":44},{"not_picked":["Consecrate+1"],"picked":"SKIP","floor":45}],"player_experience":1676912,"relics_obtained":[{"floor":6.0,"key":"TungstenRod"},{"floor":9.0,"key":"Toy Ornithopter"},{"floor":20,"key":"Necronomicon"},{"floor":26,"key":"Dream Catcher"},{"floor":27,"key":"Orichalcum"},{"floor":29,"key":"Ancient Tea Set"},{"floor":31,"key":"Pen Nib"},{"floor":36,"key":"Du-Vu Doll"},{"floor":41,"key":"Smiling Mask"},{"floor":43,"key":"Anchor"}],"event_choices":[{"damage_healed":0.0,"max_hp_gain":0.0,"max_hp_loss":0.0,"gold_gain":0.0,"event_name":"Shining Light","player_choice":"Entered Light","floor":7.0,"gold_loss":0.0,"damage_taken":13.0,"cards_upgraded":["CrushJoints","LessonLearned"]},{"damage_healed":0.0,"max_hp_gain":0.0,"max_hp_loss":0.0,"gold_gain":0.0,"event_name":"Scrap Ooze","player_choice":"Success","floor":14.0,"gold_loss":0.0,"damage_taken":7.0,"relics_obtained":["MawBank"]},{"damage_healed":0,"gold_gain":0,"player_choice":"Obtained Book","damage_taken":16,"max_hp_gain":0,"max_hp_loss":0,"event_name":"Cursed Tome","floor":20,"gold_loss":0},{"damage_healed":0,"gold_gain":0,"player_choice":"Bought 0 Potions","damage_taken":0,"max_hp_gain":0,"max_hp_loss":0,"event_name":"The Woman in Blue","floor":21,"gold_loss":0},{"cards_removed":["Strike_P"],"damage_healed":0,"gold_gain":0,"player_choice":"Offered Basic","damage_taken":0,"max_hp_gain":0,"max_hp_loss":0,"event_name":"Bonfire Elementals","floor":40,"gold_loss":0}],"is_beta":true,"boss_relics":[{"not_picked":["Sozu","Pandora\u0027s Box"],"picked":"VioletLotus"},{"not_picked":["Runic Pyramid","Coffee Dripper"],"picked":"Busted Crown"}],"items_purged_floors":[11,38],"is_endless":false,"potions_floor_spawned":[1,3,12,19,27,31,37,39,45],"killed_by":"Writhing Mass","ascension_level":0}