{"gold_per_floor":[109,129,8,27,47,47,79,91,114,114,145,145,178,196,196,301,301,318,318,27,39,39,72,24,24],"floor_reached":25,"playtime":1635,"items_purged":["Strike_P"],"score":346,"play_id":"bb4f03d9-63cc-4009-ad47-39ac3394edb0","local_time":"20190915135731","is_ascension_mode":true,"campfire_choices":[{"data":"TalkToTheHand","floor":6.0,"key":"SMITH"},{"floor":10.0,"key":"REST"},{"data":"EmptyFist","floor":15.0,"key":"SMITH"}],"neow_cost":"NONE","seed_source_timestamp":0,"circlet_count":0,"master_deck":["Strike_P","Strike_P","Defend_P","Defend_P","Defend_P","Defend_P","Eruption","Vigilance","TalkToTheHand+1","FollowUp","EmptyFist+1","Wish","Conclude+1","WreathOfFlame","MentalFortress","DeceiveReality","Collect"],"special_seed":0,"relics":["PureWater","Ice Cream","InkBottle","Pen Nib","Bag of Marbles","Black Star","TungstenRod","StoneCalendar","Anchor"],"potions_floor_usage":[23,23,23,25],"damage_taken":[{"damage":0.0,"enemies":"Cultist","floor":1.0,"turns":2.0},{"damage":0.0,"enemies":"Small Slimes","floor":2.0,"turns":2.0},{"damage":3.0,"enemies":"Jaw Worm","floor":4.0,"turns":3.0},{"damage":9.0,"enemies":"Red Slaver","floor":5.0,"turns":4.0},{"damage":19.0,"enemies":"Gremlin Nob","floor":7.0,"turns":4.0},{"damage":0.0,"enemies":"Blue Slaver","floor":8.0,"turns":4.0},{"damage":28.0,"enemies":"3 Sentries","floor":11.0,"turns":6.0},{"damage":0.0,"enemies":"Lagavulin","floor":13.0,"turns":6.0},{"damage":0.0,"enemies":"Looter","floor":14.0,"turns":3.0},{"damage":12.0,"enemies":"Hexaghost","floor":16.0,"turns":9.0},{"damage":12,"enemies":"Chosen","floor":18,"turns":6},{"damage":12,"enemies":"3 Byrds","floor":21,"turns":7},{"damage":27,"enemies":"Book of Stabbing","floor":23,"turns":7},{"damage":17,"enemies":"Gremlin Leader","floor":25,"turns":2}],"seed_played":"6466366835431028220","potions_obtained":[{"floor":0.0,"key":"Ancient Potion"},{"floor":0.0,"key":"Strength Potion"},{"floor":0.0,"key":"Energy Potion"},{"floor":7.0,"key":"DuplicationPotion"},{"floor":8.0,"key":"Regen Potion"},{"floor":14.0,"key":"Dexterity Potion"},{"floor":16.0,"key":"EssenceOfSteel"},{"floor":18,"key":"Swift Potion"},{"floor":21,"key":"FearPotion"}],"is_trial":false,"path_per_floor":["M","M","$","M","M","R","E","M","T","R","E","?","E","M","R","B",null,"M","?","$","M","?","E","$","E"],"character_chosen":"WATCHER","items_purchased":["EmptyFist","TungstenRod","PowerPotion"],"campfire_rested":1,"item_purchase_floors":[3,20,24],"current_hp_per_floor":[59,59,59,56,47,47,28,28,28,47,34,34,34,34,34,22,54,42,42,42,30,30,3,3,0],"gold":24,"neow_bonus":"THREE_SMALL_POTIONS","is_prod":false,"is_daily":false,"chose_seed":false,"campfire_upgraded":2,"win_rate":0,"timestamp":1568552251,"path_taken":["M","M","?","?","M","R","E","M","T","R","E","?","E","M","R","BOSS","M","?","$","?","?","E","$","E"],"build_version":"2019-09-12","purchased_purges":1,"victory":false,"max_hp_per_floor":[65,65,65,65,65,65,65,65,65,65,65,65,65,65,65,65,65,65,65,65,65,65,65,65,65],"card_choices":[{"not_picked":["Halt","Perseverance"],"picked":"TalkToTheHand","floor":1.0},{"not_picked":["Sanctity","Devotion"],"picked":"FollowUp","floor":2.0},{"not_picked":["EmptyFist","CutThroughFate"],"picked":"Wish","floor":4.0},{"not_picked":["ThirdEye","Consecrate"],"picked":"Conclude","floor":5.0},{"not_picked":["EmptyFist","FlyingSleeves"],"picked":"WreathOfFlame","floor":7.0},{"not_picked":["Adaptation","Devotion"],"picked":"MentalFortress","floor":8.0},{"not_picked":["Wireheading","CrushJoints","Prostrate"],"picked":"SKIP","floor":11.0},{"not_picked":["Sanctity","EmptyFist"],"picked":"DeceiveReality","floor":13.0},{"not_picked":["Nirvana","Protect","Consecrate"],"picked":"SKIP","floor":14.0},{"not_picked":["CutThroughFate","EmptyBody","WindmillStrike"],"picked":"SKIP","floor":18},{"not_picked":["Protect+1","Sanctity+1","EmptyFist"],"picked":"SKIP","floor":21},{"not_picked":["Weave","EmptyMind+1"],"picked":"Collect","floor":23}],"player_experience":1746222,"relics_obtained":[{"floor":7.0,"key":"Ice Cream"},{"floor":9.0,"key":"InkBottle"},{"floor":11.0,"key":"Pen Nib"},{"floor":13.0,"key":"Bag of Marbles"},{"floor":23,"key":"StoneCalendar"},{"floor":23,"key":"Anchor"}],"event_choices":[{"damage_healed":0.0,"max_hp_gain":0.0,"max_hp_loss":0.0,"gold_gain":0.0,"event_name":"Living Wall","player_choice":"Grow","floor":12.0,"gold_loss":0.0,"damage_taken":0.0,"cards_upgraded":["Conclude"]},{"cards_removed":["Strike_P"],"damage_healed":0,"gold_gain":0,"player_choice":"Offered Basic","damage_taken":0,"max_hp_gain":0,"max_hp_loss":0,"event_name":"Bonfire Elementals","floor":19,"gold_loss":0}],"is_beta":true,"boss_relics":[{"not_picked":["Runic Pyramid","Velvet Choker"],"picked":"Black Star"}],"items_purged_floors":[3],"is_endless":false,"potions_floor_spawned":[4,7,8,14,16,18,21],"killed_by":"Gremlin Leader","ascension_level":6}