{"gold_per_floor":[118,118,131,81,81,119,119,119,176,201,237,237,237,258,258,381,381,401,401,17,37,57,57,57],"floor_reached":24,"playtime":2683,"items_purged":["Strike_P"],"score":286,"play_id":"1644e10f-c5bd-4277-90e7-12ab251300d5","local_time":"20190918004714","is_ascension_mode":true,"campfire_choices":[{"floor":7,"key":"REST"},{"floor":13,"key":"REST"},{"floor":15,"key":"REST"},{"floor":23,"key":"REST"}],"neow_cost":"NONE","seed_source_timestamp":512402296232000,"circlet_count":0,"master_deck":["Strike_P","Strike_P","Strike_P","Defend_P","Defend_P","Defend_P","Eruption+1","Vigilance","WindmillStrike","EmptyBody","CutThroughFate","FearNoEvil","Establishment","EmptyFist","Alpha","SashWhip","Panache","DevaForm","ClearTheMind","EmptyMind"],"relics":["PureWater","Bronze Scales","Sundial","Golden Idol","Torii","Tiny Chest","Calipers","VioletLotus"],"potions_floor_usage":[6,11,22,24],"damage_taken":[{"damage":0,"enemies":"Jaw Worm","floor":1,"turns":3},{"damage":0,"enemies":"2 Louse","floor":3,"turns":2},{"damage":34,"enemies":"Gremlin Nob","floor":6,"turns":5},{"damage":0,"enemies":"Cultist","floor":10,"turns":2},{"damage":31,"enemies":"Lagavulin","floor":11,"turns":6},{"damage":1,"enemies":"2 Fungi Beasts","floor":14,"turns":3},{"damage":32,"enemies":"The Guardian","floor":16,"turns":14},{"damage":37,"enemies":"2 Thieves","floor":18,"turns":4},{"damage":25,"enemies":"3 Byrds","floor":21,"turns":4},{"damage":18,"enemies":"Snake Plant","floor":22,"turns":4},{"damage":41,"enemies":"Slavers","floor":24,"turns":3}],"seed_played":"3928122316414807560","potions_obtained":[{"floor":1,"key":"Regen Potion"},{"floor":6,"key":"GamblersBrew"},{"floor":18,"key":"LiquidBronze"},{"floor":21,"key":"Explosive Potion"}],"is_trial":false,"path_per_floor":["M","?","M","?","?","E","R","?","T","M","E","?","R","M","R","B",null,"M","?","$","M","M","R","E"],"character_chosen":"WATCHER","items_purchased":["Panache","DevaForm"],"campfire_rested":4,"item_purchase_floors":[20,20],"current_hp_per_floor":[59,52,52,52,36,16,35,35,35,35,4,4,23,22,41,9,51,14,65,65,40,22,41,0],"gold":57,"neow_bonus":"RANDOM_COMMON_RELIC","is_prod":false,"is_daily":false,"chose_seed":false,"campfire_upgraded":0,"win_rate":0,"timestamp":1568764034,"path_taken":["M","?","M","?","?","E","R","?","T","?","E","?","R","M","R","BOSS","M","?","$","M","M","R","E"],"build_version":"2019-09-17","purchased_purges":1,"victory":false,"max_hp_per_floor":[65,65,65,65,65,65,65,65,65,65,65,65,65,65,65,65,65,65,65,65,65,65,65,65],"card_choices":[{"not_picked":["Fasting","Sanctity"],"picked":"WindmillStrike","floor":1},{"not_picked":["CrushJoints","Protect"],"picked":"EmptyBody","floor":3},{"not_picked":["CleanseEvil","Weave"],"picked":"CutThroughFate","floor":6},{"not_picked":["EmptyBody","JustLucky"],"picked":"FearNoEvil","floor":10},{"not_picked":["SashWhip","WreathOfFlame"],"picked":"Establishment","floor":11},{"not_picked":["SashWhip","BowlingBash"],"picked":"EmptyFist","floor":14},{"not_picked":["Metaphysics","Brilliance"],"picked":"Alpha","floor":16},{"not_picked":["EmptyBody","Prostrate"],"picked":"SashWhip","floor":18},{"not_picked":["CleanseEvil","SashWhip"],"picked":"ClearTheMind","floor":21},{"not_picked":["BowlingBash","CutThroughFate"],"picked":"EmptyMind","floor":22}],"player_experience":1766253,"relics_obtained":[{"floor":6,"key":"Torii"},{"floor":9,"key":"Tiny Chest"},{"floor":11,"key":"Calipers"}],"event_choices":[{"damage_healed":0,"gold_gain":0,"player_choice":"Success","damage_taken":7,"relics_obtained":["Sundial"],"max_hp_gain":0,"max_hp_loss":0,"event_name":"Scrap Ooze","floor":2,"gold_loss":0},{"cards_removed":["Defend_P"],"damage_healed":0,"gold_gain":0,"player_choice":"Card Removal","damage_taken":0,"max_hp_gain":0,"max_hp_loss":0,"event_name":"The Cleric","floor":4,"gold_loss":50},{"damage_healed":0,"gold_gain":0,"player_choice":"Take Damage","damage_taken":16,"relics_obtained":["Golden Idol"],"max_hp_gain":0,"max_hp_loss":0,"event_name":"Golden Idol","floor":5,"gold_loss":0},{"damage_healed":0,"gold_gain":0,"player_choice":"Upgraded","damage_taken":0,"max_hp_gain":0,"max_hp_loss":0,"event_name":"Upgrade Shrine","floor":8,"gold_loss":0,"cards_upgraded":["Eruption"]},{"damage_healed":0,"gold_gain":0,"player_choice":"Ignored","damage_taken":0,"max_hp_gain":0,"max_hp_loss":0,"event_name":"Liars Game","floor":12,"gold_loss":0},{"damage_healed":51,"gold_gain":0,"player_choice":"Full Heal","damage_taken":0,"max_hp_gain":0,"max_hp_loss":0,"event_name":"Wheel of Change","floor":19,"gold_loss":0}],"is_beta":true,"boss_relics":[{"not_picked":["Runic Pyramid","Velvet Choker"],"picked":"VioletLotus"}],"items_purged_floors":[20],"is_endless":false,"potions_floor_spawned":[1,6,18,21],"killed_by":"Slavers","ascension_level":8}