{"gold_per_floor":[116,126,4,4,23,23,49,49,76,96,96,124,142,62,62,165,165,176,195,294,312,1,34,34,44,44,54,54,87,87,106,106,209,209,227,227,243,243,243,576,576,595,595,606,640,652,652,672,672,672],"floor_reached":51,"playtime":15481,"items_purged":["Strike_P","Strike_P"],"score":1356,"play_id":"36554b8c-4536-45b3-85c8-d6961a6c3692","local_time":"20190918212736","is_ascension_mode":true,"campfire_choices":[{"data":"Consecrate","floor":6.0,"key":"SMITH"},{"data":"FlurryOfBlows","floor":8.0,"key":"SMITH"},{"data":"Eruption","floor":11.0,"key":"SMITH"},{"data":"MentalFortress","floor":15.0,"key":"SMITH"},{"floor":24,"key":"REST"},{"floor":28,"key":"REST"},{"data":"Protect","floor":30,"key":"SMITH"},{"floor":32,"key":"REST"},{"data":"Protect","floor":41,"key":"SMITH"},{"floor":47,"key":"REST"},{"floor":49,"key":"REST"}],"neow_cost":"NONE","seed_source_timestamp":573676166610400,"circlet_count":0,"master_deck":["AscendersBane","Strike_P+1","Strike_P+1","Defend_P+1","Defend_P+1","Defend_P+1","Defend_P+1","Eruption+1","Vigilance+1","CutThroughFate+1","MentalFortress+1","Consecrate+1","Protect+1","Meditate+1","FlurryOfBlows+1","InnerPeace+1","FearNoEvil+1","LessonLearned+1","FlowState+1","FollowUp","FlurryOfBlows+1","EmptyMind+1","Vault","MentalFortress+1","ThirdEye","EmptyMind","Adaptation+1","Vault","Protect+1","Thinking Ahead+1","Finesse+1","EmptyBody","ClearTheMind+1"],"special_seed":0,"relics":["HolyWater","MealTicket","Blood Vial","Kunai","VioletLotus","Gremlin Horn","White Beast Statue","Centennial Puzzle","Old Coin","Juzu Bracelet","Incense Burner"],"potions_floor_usage":[25,29,29,37,45,50,50],"damage_taken":[{"damage":1.0,"enemies":"Jaw Worm","floor":1.0,"turns":4.0},{"damage":0.0,"enemies":"Cultist","floor":2.0,"turns":3.0},{"damage":0.0,"enemies":"2 Louse","floor":5.0,"turns":2.0},{"damage":0.0,"enemies":"Lagavulin","floor":7.0,"turns":4.0},{"damage":3.0,"enemies":"2 Fungi Beasts","floor":10.0,"turns":4.0},{"damage":12.0,"enemies":"3 Sentries","floor":12.0,"turns":5.0},{"damage":11.0,"enemies":"Looter","floor":13.0,"turns":3.0},{"damage":44,"enemies":"Slime Boss","floor":16,"turns":10},{"damage":8,"enemies":"Shell Parasite","floor":18,"turns":6},{"damage":7,"enemies":"Chosen","floor":19,"turns":5},{"damage":41,"enemies":"Snake Plant","floor":21,"turns":6},{"damage":0,"enemies":"Gremlin Leader","floor":23,"turns":9},{"damage":3,"enemies":"Snecko","floor":25,"turns":4},{"damage":4,"enemies":"Centurion and Healer","floor":27,"turns":6},{"damage":2,"enemies":"Book of Stabbing","floor":29,"turns":5},{"damage":12,"enemies":"3 Cultists","floor":31,"turns":6},{"damage":0,"enemies":"Automaton","floor":33,"turns":8},{"damage":0,"enemies":"3 Shapes","floor":35,"turns":3},{"damage":1,"enemies":"Orb Walker","floor":37,"turns":3},{"damage":0,"enemies":"Reptomancer","floor":40,"turns":6},{"damage":0,"enemies":"3 Darklings","floor":42,"turns":5},{"damage":11,"enemies":"4 Shapes","floor":44,"turns":3},{"damage":60,"enemies":"Nemesis","floor":45,"turns":13},{"damage":0,"enemies":"Transient","floor":46,"turns":5},{"damage":1,"enemies":"Sphere and 2 Shapes","floor":48,"turns":3},{"damage":23,"enemies":"Awakened One","floor":50,"turns":9}],"seed_played":"-5844808277355786512","potions_obtained":[{"floor":1.0,"key":"SteroidPotion"},{"floor":2.0,"key":"Energy Potion"},{"floor":4.0,"key":"Fire Potion"},{"floor":16,"key":"Strength Potion"},{"floor":25,"key":"Swift Potion"},{"floor":27,"key":"StancePotion"},{"floor":29,"key":"Weak Potion"},{"floor":31,"key":"SteroidPotion"},{"floor":37,"key":"Regen Potion"},{"floor":45,"key":"Explosive Potion"},{"floor":46,"key":"FearPotion"}],"is_trial":false,"path_per_floor":["M","M","$","?","M","R","E","R","T","M","R","E","M","$","R","B",null,"M","M","?","M","$","E","R","M","T","M","R","E","R","M","R","B",null,"M","?","M","?","?","E","R","M","T","M","E","M","R","M","R","B",null],"character_chosen":"WATCHER","items_purchased":["Protect","LessonLearned","Vault","Swift Potion"],"campfire_rested":5,"item_purchase_floors":[3,14,22,22],"current_hp_per_floor":[58,58,58,58,58,58,58,58,58,57,57,47,38,53,53,11,52,46,41,41,2,17,19,38,37,37,35,54,54,54,44,63,65,65,65,65,64,59,59,61,61,63,63,54,11,13,32,33,52,31],"gold":672,"neow_bonus":"THREE_CARDS","is_prod":false,"is_daily":false,"chose_seed":false,"campfire_upgraded":6,"win_rate":0,"timestamp":1568838456,"path_taken":["M","M","$","?","M","R","E","R","T","M","R","E","?","$","R","BOSS","M","M","?","M","$","E","R","M","T","M","R","E","R","M","R","BOSS","M","?","?","?","?","E","R","M","T","M","E","M","R","M","R","BOSS"],"build_version":"2019-09-17","purchased_purges":2,"victory":true,"max_hp_per_floor":[65,65,65,65,65,65,65,65,65,65,65,65,65,65,65,65,65,65,65,65,65,65,65,65,65,65,65,65,65,65,65,65,65,65,65,65,65,65,65,65,65,65,65,65,65,65,65,65,65,65],"card_choices":[{"not_picked":["ClearTheMind","Prostrate"],"picked":"CutThroughFate","floor":0.0},{"not_picked":["Devotion","StepAndStrike"],"picked":"MentalFortress","floor":1.0},{"not_picked":["Prostrate","FlurryOfBlows"],"picked":"Consecrate","floor":2.0},{"not_picked":["WreathOfFlame","EmptyBody"],"picked":"Meditate","floor":5.0},{"not_picked":["EmptyFist","EmptyMind"],"picked":"FlurryOfBlows","floor":7.0},{"not_picked":["ThirdEye","CutThroughFate"],"picked":"InnerPeace","floor":10.0},{"not_picked":["Scrawl","ThirdEye","BattleHymn"],"picked":"SKIP","floor":12.0},{"not_picked":["FollowUp","Sanctity"],"picked":"FearNoEvil","floor":13.0},{"not_picked":["Pray","Wish"],"picked":"FlowState","floor":16},{"not_picked":["BowlingBash","WreathOfFlame"],"picked":"FollowUp","floor":18},{"not_picked":["Sanctity","BowlingBash"],"picked":"FlurryOfBlows","floor":19},{"not_picked":["Crescendo","JustLucky+1"],"picked":"EmptyMind","floor":21},{"not_picked":["Alpha","BowlingBash"],"picked":"MentalFortress","floor":23},{"not_picked":["SpiritShield","Scrawl"],"picked":"ThirdEye","floor":25},{"not_picked":["BowlingBash","CutThroughFate"],"picked":"EmptyMind","floor":27},{"not_picked":["Unraveling","ClearTheMind"],"picked":"Adaptation+1","floor":29},{"not_picked":["Crescendo+1","CrushJoints","BattleHymn"],"picked":"SKIP","floor":31},{"not_picked":["Pray","FlowState"],"picked":"Vault","floor":33},{"not_picked":["SandsOfTime","Crescendo","Collect+1"],"picked":"SKIP","floor":35},{"not_picked":["Consecrate","Alpha"],"picked":"Protect","floor":37},{"not_picked":["Deep Breath","Good Instincts"],"picked":"Thinking Ahead","floor":38},{"not_picked":["Purity","PanicButton"],"picked":"Finesse","floor":38},{"not_picked":["Wallop","FlyingSleeves+1"],"picked":"EmptyBody","floor":40},{"not_picked":["EmptyMind+1","CrushJoints+1"],"picked":"ClearTheMind+1","floor":42},{"not_picked":["Sanctity+1","Collect","Evaluate"],"picked":"SKIP","floor":44},{"not_picked":["Prostrate+1","Fasting","Perseverance"],"picked":"SKIP","floor":45},{"not_picked":["Halt+1","FlyingSleeves+1","EmptyMind"],"picked":"SKIP","floor":46},{"not_picked":["FlyingSleeves+1","Prostrate","Tantrum+1"],"picked":"SKIP","floor":48}],"player_experience":1786094,"relics_obtained":[{"floor":7.0,"key":"MealTicket"},{"floor":9.0,"key":"Blood Vial"},{"floor":12.0,"key":"Kunai"},{"floor":23,"key":"Gremlin Horn"},{"floor":26,"key":"White Beast Statue"},{"floor":29,"key":"Centennial Puzzle"},{"floor":40,"key":"Old Coin"},{"floor":43,"key":"Juzu Bracelet"},{"floor":45,"key":"Incense Burner"}],"event_choices":[{"damage_healed":0.0,"max_hp_gain":0.0,"max_hp_loss":0.0,"gold_gain":0.0,"event_name":"Lab","player_choice":"Got Potions","floor":4.0,"gold_loss":0.0,"damage_taken":0.0},{"damage_healed":0,"gold_gain":99,"player_choice":"Stole From Cult","damage_taken":0,"max_hp_gain":0,"max_hp_loss":0,"event_name":"Nest","floor":20,"gold_loss":0},{"damage_healed":0,"gold_gain":0,"player_choice":"Forge","damage_taken":0,"max_hp_gain":0,"max_hp_loss":0,"event_name":"Accursed Blacksmith","floor":36,"gold_loss":0,"cards_upgraded":["Meditate"]},{"damage_healed":0,"gold_gain":0,"player_choice":"Memory 2","damage_taken":5,"max_hp_gain":0,"max_hp_loss":0,"event_name":"SensoryStone","floor":38,"gold_loss":0},{"damage_healed":0,"gold_gain":0,"player_choice":"Ignored","damage_taken":0,"max_hp_gain":0,"max_hp_loss":0,"event_name":"Mysterious Sphere","floor":39,"gold_loss":0}],"is_beta":true,"boss_relics":[{"not_picked":["Black Star","Velvet Choker"],"picked":"VioletLotus"},{"not_picked":["Runic Dome","Busted Crown"],"picked":"HolyWater"}],"items_purged_floors":[3,22],"is_endless":false,"potions_floor_spawned":[1,2,5,16,25,27,29,31,33,35,37,40,42,44,45,46,48],"ascension_level":11}