{"gold_per_floor":[212,232,32,32,51,86,86,120,144,171,171,23,53,53,53,53],"floor_reached":16,"playtime":1308,"items_purged":[],"score":131,"play_id":"8d15e190-7a84-410e-9a57-b3ac5245c8f7","local_time":"20190910222947","is_ascension_mode":false,"campfire_choices":[{"data":"WreathOfFlame","floor":11,"key":"SMITH"},{"data":"FlyingSleeves","floor":15,"key":"SMITH"}],"neow_cost":"NONE","seed_source_timestamp":1963525549169100,"circlet_count":0,"master_deck":["Strike_P","Strike_P","Strike_P","Strike_P","Defend_P","Defend_P","Defend_P","Defend_P","Eruption","Vigilance","FlyingSleeves+1","WreathOfFlame+1","EmptyMind","Halt","DeceiveReality","Evaluate"],"special_seed":0,"relics":["PureWater","TheAbacus","Orichalcum","Juzu Bracelet","Blood Vial","Oddly Smooth Stone","Melange","Odd Mushroom","Regal Pillow"],"potions_floor_usage":[8,8,16],"damage_taken":[{"damage":0.0,"enemies":"Small Slimes","floor":1.0,"turns":2.0},{"damage":5.0,"enemies":"Jaw Worm","floor":2.0,"turns":4.0},{"damage":10.0,"enemies":"2 Louse","floor":5.0,"turns":3.0},{"damage":9.0,"enemies":"3 Sentries","floor":6.0,"turns":10.0},{"damage":0,"enemies":"Gremlin Nob","floor":8,"turns":2},{"damage":2,"enemies":"The Mushroom Lair","floor":13,"turns":5},{"damage":45,"enemies":"Hexaghost","floor":16,"turns":14}],"seed_played":"-1461673655368434798","potions_obtained":[{"floor":1.0,"key":"GamblersBrew"},{"floor":2.0,"key":"SkillPotion"},{"floor":6.0,"key":"FearPotion"},{"floor":13,"key":"Explosive Potion"}],"is_trial":false,"path_per_floor":["M","M","$","?","M","E","?","E","T","T","R","$","?","T","R","B"],"character_chosen":"WATCHER","items_purchased":["TheAbacus","EmptyMind","Melange"],"campfire_rested":0,"item_purchase_floors":[3,3,12],"current_hp_per_floor":[65,60,60,60,50,41,41,41,41,41,41,41,41,41,41,0],"gold":53,"neow_bonus":"HUNDRED_GOLD","is_prod":false,"is_daily":false,"chose_seed":false,"campfire_upgraded":2,"win_rate":0.0,"timestamp":1568150987,"path_taken":["M","M","$","?","M","E","?","E","T","?","R","$","?","?","R","BOSS"],"build_version":"2019-09-09v2","purchased_purges":0,"victory":false,"max_hp_per_floor":[65,65,65,65,65,65,65,65,65,65,65,65,65,65,65,65],"card_choices":[{"not_picked":["CleanseEvil","Fasting"],"picked":"FlyingSleeves","floor":1.0},{"not_picked":["Sanctity","DeceiveReality"],"picked":"WreathOfFlame","floor":2.0},{"not_picked":["Adaptation","CrushJoints"],"picked":"Halt","floor":5.0},{"not_picked":["CrushJoints","EmptyBody"],"picked":"DeceiveReality","floor":6.0},{"not_picked":["PathToVictory","Establishment"],"picked":"Evaluate","floor":8}],"player_experience":1681233,"relics_obtained":[{"floor":6.0,"key":"Orichalcum"},{"floor":8,"key":"Juzu Bracelet"},{"floor":9,"key":"Blood Vial"},{"floor":10,"key":"Oddly Smooth Stone"},{"floor":13,"key":"Odd Mushroom"},{"floor":14,"key":"Regal Pillow"}],"event_choices":[{"damage_healed":0.0,"max_hp_gain":0.0,"max_hp_loss":0.0,"gold_gain":0.0,"event_name":"Golden Wing","player_choice":"Ignored","floor":4.0,"gold_loss":0.0,"damage_taken":0.0},{"damage_healed":0.0,"max_hp_gain":0.0,"max_hp_loss":0.0,"gold_gain":0.0,"event_name":"Liars Game","player_choice":"Ignored","floor":7.0,"gold_loss":0.0,"damage_taken":0.0},{"damage_healed":0,"gold_gain":0,"player_choice":"Fought Mushrooms","damage_taken":0,"max_hp_gain":0,"max_hp_loss":0,"event_name":"Mushrooms","floor":13,"gold_loss":0}],"is_beta":true,"boss_relics":[],"items_purged_floors":[],"is_endless":false,"potions_floor_spawned":[1,2,6,13],"killed_by":"Hexaghost","ascension_level":0}