{"gold_per_floor":[114,114,128,142,154,180,191,191,244,194,194,214,214,247,247,352,352,307,7,7,7,7,7,7,7,7,7,7,7,7,7,7,7,7,7,7,7,7,7,7,7,7,7,7,7,7,7,7,7,7],"floor_reached":51,"playtime":3711,"items_purged":["Defend_P"],"score":979,"play_id":"c8c2c35e-3fd4-4071-9476-e9742659172f","local_time":"20190915095550","is_ascension_mode":true,"campfire_choices":[{"data":"Devotion","floor":8,"key":"SMITH"},{"data":"CrushJoints","floor":11,"key":"SMITH"},{"data":"FearNoEvil","floor":13,"key":"SMITH"},{"data":"DevaForm","floor":15,"key":"SMITH"},{"data":"Ragnarok","floor":24,"key":"SMITH"},{"data":"Wallop","floor":27,"key":"SMITH"},{"data":"Alpha","floor":32,"key":"SMITH"},{"data":"DeceiveReality","floor":41,"key":"SMITH"},{"data":"InnerPeace","floor":46,"key":"SMITH"},{"floor":49,"key":"REST"}],"neow_cost":"TEN_PERCENT_HP_LOSS","seed_source_timestamp":285079599648200,"circlet_count":0,"master_deck":["Strike_P+1","Strike_P+1","Strike_P+1","Defend_P+1","Defend_P+1","Eruption","Vigilance","EmptyBody+1","Crescendo","CrushJoints+1","Devotion+1","FearNoEvil+1","DeceiveReality+1","Prostrate+1","DevaForm+1","Alpha+1","Adaptation","Wallop+1","WreathOfFlame+1","Ragnarok+1","InnerPeace+1","DeceiveReality+1","Protect+1"],"relics":["PureWater","Pocketwatch","CloakClasp","Pen Nib","Eternal Feather","Ectoplasm","Melange","Frozen Egg 2","Happy Flower","SlaversCollar","Yang","Darkstone Periapt","PreservedInsect","Ancient Tea Set","Kunai"],"potions_floor_usage":[18,25,33,40,50],"damage_taken":[{"damage":0,"enemies":"Cultist","floor":1,"turns":2},{"damage":0,"enemies":"Small Slimes","floor":3,"turns":2},{"damage":2,"enemies":"Jaw Worm","floor":4,"turns":3},{"damage":0,"enemies":"2 Fungi Beasts","floor":5,"turns":3},{"damage":17,"enemies":"Lagavulin","floor":6,"turns":6},{"damage":0,"enemies":"Exordium Wildlife","floor":7,"turns":2},{"damage":0,"enemies":"Large Slime","floor":12,"turns":5},{"damage":4,"enemies":"Gremlin Nob","floor":14,"turns":3},{"damage":2,"enemies":"Slime Boss","floor":16,"turns":7},{"damage":0,"enemies":"2 Thieves","floor":18,"turns":3},{"damage":0,"enemies":"Spheric Guardian","floor":20,"turns":5},{"damage":0,"enemies":"3 Cultists","floor":21,"turns":5},{"damage":4,"enemies":"Book of Stabbing","floor":23,"turns":5},{"damage":1,"enemies":"Slavers","floor":25,"turns":5},{"damage":12,"enemies":"Snake Plant","floor":28,"turns":5},{"damage":10,"enemies":"Collector","floor":33,"turns":6},{"damage":0,"enemies":"Orb Walker","floor":35,"turns":4},{"damage":4,"enemies":"3 Darklings","floor":36,"turns":5},{"damage":21,"enemies":"Reptomancer","floor":40,"turns":6},{"damage":0,"enemies":"Giant Head","floor":44,"turns":6},{"damage":4,"enemies":"Maw","floor":45,"turns":6},{"damage":4,"enemies":"Reptomancer","floor":47,"turns":8},{"damage":10,"enemies":"Writhing Mass","floor":48,"turns":6},{"damage":7,"enemies":"Awakened One","floor":50,"turns":8}],"seed_played":"6867470007339752699","potions_obtained":[{"floor":4,"key":"Explosive Potion"},{"floor":7,"key":"Strength Potion"},{"floor":12,"key":"GamblersBrew"},{"floor":16,"key":"Regen Potion"},{"floor":21,"key":"PowerPotion"},{"floor":28,"key":"AttackPotion"},{"floor":44,"key":"SteroidPotion"},{"floor":48,"key":"Fire Potion"}],"is_trial":false,"path_per_floor":["M","?","M","M","M","E","M","R","T","?","R","M","R","E","R","B",null,"M","$","M","M","?","E","R","E","T","R","M","?","$","?","R","B",null,"M","M","?","$","?","E","R","T","T","E","M","R","E","M","R","B",null],"character_chosen":"WATCHER","items_purchased":["Adaptation","Wallop","DuplicationPotion"],"campfire_rested":1,"item_purchase_floors":[19,19,19],"current_hp_per_floor":[59,59,59,57,57,40,40,40,40,40,40,40,40,36,45,43,55,55,55,55,55,55,51,59,58,58,59,47,37,37,37,49,39,58,58,54,54,54,54,33,45,45,45,45,41,53,49,39,61,54],"gold":7,"neow_bonus":"ONE_RARE_RELIC","is_prod":false,"is_daily":false,"chose_seed":false,"campfire_upgraded":9,"win_rate":0,"timestamp":1568537750,"path_taken":["M","?","M","M","?","E","M","R","T","?","R","M","R","E","R","BOSS","M","$","M","M","?","E","R","E","T","R","M","?","?","?","R","BOSS","M","M","?","$","?","E","R","?","T","E","M","R","E","M","R","BOSS"],"build_version":"2019-09-12","purchased_purges":1,"victory":true,"max_hp_per_floor":[59,59,59,59,59,59,59,59,59,59,59,59,59,59,59,59,59,59,59,59,59,59,59,59,59,59,59,59,64,64,64,64,64,64,64,64,64,64,61,61,61,61,61,61,61,61,61,61,61,61],"card_choices":[{"not_picked":["Wireheading","FollowUp"],"picked":"EmptyBody","floor":1},{"not_picked":["Halt","EmptyBody"],"picked":"Crescendo","floor":3},{"not_picked":["Perseverance","WaveOfTheHand"],"picked":"CrushJoints","floor":4},{"not_picked":["Consecrate","EmptyMind"],"picked":"Devotion","floor":5},{"not_picked":["Evaluate","Judgement"],"picked":"FearNoEvil","floor":6},{"not_picked":["Weave","Halt"],"picked":"DeceiveReality","floor":7},{"not_picked":["Sanctity","CutThroughFate"],"picked":"Prostrate","floor":12},{"not_picked":["CleanseEvil","EmptyBody"],"picked":"DevaForm","floor":14},{"not_picked":["Omniscience","Metaphysics"],"picked":"Alpha","floor":16},{"not_picked":["Protect","Sanctity+1","ClearTheMind"],"picked":"SKIP","floor":18},{"not_picked":["SpiritShield","Crescendo","Scrawl"],"picked":"SKIP","floor":20},{"not_picked":["FlyingSleeves","InnerPeace"],"picked":"WreathOfFlame+1","floor":21},{"not_picked":["Scrawl","Prostrate+1"],"picked":"Ragnarok","floor":23},{"not_picked":["Unraveling","WreathOfFlame","Conclude"],"picked":"SKIP","floor":25},{"not_picked":["WreathOfFlame+1","Tantrum","Meditate"],"picked":"SKIP","floor":28},{"not_picked":["Protect","Sanctity","Swivel+1"],"picked":"SKIP","floor":35},{"not_picked":["Weave","ThirdEye+1"],"picked":"DeceiveReality+1","floor":36},{"not_picked":["BowlingBash","ThirdEye+1"],"picked":"Protect+1","floor":40},{"not_picked":["Evaluate+1","ClearTheMind","EmptyFist"],"picked":"SKIP","floor":44},{"not_picked":["Scrawl+1","CutThroughFate+1","Devotion+1"],"picked":"SKIP","floor":45},{"not_picked":["SpiritShield","FlowState","Fasting+1"],"picked":"SKIP","floor":47},{"not_picked":["ClearTheMind+1","Meditate","DeceiveReality+1"],"picked":"SKIP","floor":48}],"player_experience":1742511,"relics_obtained":[{"floor":6,"key":"CloakClasp"},{"floor":9,"key":"Pen Nib"},{"floor":14,"key":"Eternal Feather"},{"floor":23,"key":"Melange"},{"floor":25,"key":"Frozen Egg 2"},{"floor":26,"key":"Happy Flower"},{"floor":40,"key":"Yang"},{"floor":42,"key":"Darkstone Periapt"},{"floor":43,"key":"PreservedInsect"},{"floor":44,"key":"Ancient Tea Set"},{"floor":47,"key":"Kunai"}],"event_choices":[{"damage_healed":0,"gold_gain":0,"player_choice":"Upgraded","damage_taken":0,"max_hp_gain":0,"max_hp_loss":0,"event_name":"Upgrade Shrine","floor":2,"gold_loss":0,"cards_upgraded":["EmptyBody"]},{"cards_removed":["Defend_P"],"damage_healed":0,"gold_gain":0,"player_choice":"Card Removal","damage_taken":0,"max_hp_gain":0,"max_hp_loss":0,"event_name":"The Cleric","floor":10,"gold_loss":50},{"damage_healed":0,"gold_gain":0,"player_choice":"Simplicity","damage_taken":0,"max_hp_gain":0,"max_hp_loss":0,"event_name":"Back to Basics","floor":22,"gold_loss":0,"cards_upgraded":["Strike_P","Strike_P","Strike_P","Strike_P","Defend_P","Defend_P"]},{"damage_healed":0,"gold_gain":0,"player_choice":"Shed Blood","damage_taken":15,"max_hp_gain":5,"max_hp_loss":0,"event_name":"Forgotten Altar","floor":29,"gold_loss":0},{"damage_healed":0,"gold_gain":0,"player_choice":"Read","damage_taken":0,"max_hp_gain":0,"max_hp_loss":0,"event_name":"The Library","floor":31,"gold_loss":0,"cards_obtained":["InnerPeace"]},{"cards_removed":["Strike_P"],"damage_healed":0,"gold_gain":0,"player_choice":"Removed Attack","damage_taken":0,"max_hp_gain":0,"max_hp_loss":0,"event_name":"Falling","floor":37,"gold_loss":0},{"damage_healed":0,"gold_gain":0,"player_choice":"Max HP","damage_taken":0,"max_hp_gain":0,"max_hp_loss":3,"event_name":"Winding Halls","floor":39,"gold_loss":0}],"is_beta":true,"boss_relics":[{"not_picked":["Pandora\u0027s Box","Runic Dome"],"picked":"Ectoplasm"},{"not_picked":["SacredBark","Velvet Choker"],"picked":"SlaversCollar"}],"items_purged_floors":[19],"is_endless":false,"potions_floor_spawned":[4,7,12,14,16,21,28,44,48],"ascension_level":5}