{"gold_per_floor":[11,30,30,30,42,42,52,52,52,71,71,91,110,138,138,243,243,261,186,186,186,227,255,255,282,282,282,292,308,336,336,336,433,433,452,467,467,89,107,107,134,134,134,134,51,80,80,91,91,91],"floor_reached":51,"playtime":4423,"items_purged":["Defend_P"],"score":1068,"play_id":"7f158305-810e-48ff-8039-2e3f36ea78e2","local_time":"20190915001255","is_ascension_mode":true,"campfire_choices":[{"data":"DeceiveReality","floor":6,"key":"SMITH"},{"data":"Eruption","floor":8,"key":"SMITH"},{"data":"ForeignInfluence","floor":11,"key":"SMITH"},{"data":"Devotion","floor":15,"key":"SMITH"},{"floor":24,"key":"DIG"},{"floor":27,"key":"DIG"},{"floor":32,"key":"REST"},{"floor":40,"key":"DIG"},{"floor":42,"key":"DIG"},{"floor":44,"key":"DIG"},{"floor":47,"key":"DIG"},{"floor":49,"key":"DIG"}],"neow_cost":"NO_GOLD","seed_source_timestamp":249393818372200,"circlet_count":0,"master_deck":["Eruption+1","Vigilance","ClearTheMind","Evaluate+1","Sanctity","DeceiveReality+1","ForeignInfluence+1","CarveReality","Devotion+1","Vault","Vengeance+1","Devotion","EmptyMind+1","SandsOfTime+1","Vault","Vengeance+1","Evaluate+1","Protect+1","Evaluate+1","Protect+1","Establishment","EmptyFist","Flash of Steel","Wallop","CrushJoints+1"],"relics":["PureWater","Gremlin Horn","MealTicket","Fusion Hammer","Enchiridion","Toxic Egg 2","Shovel","Orichalcum","Pantograph","TeardropLocket","Ancient Tea Set","Happy Flower","Pandora\u0027s Box","Mummified Hand","Kunai","Bronze Scales","Ornamental Fan","Letter Opener","Question Card","Frozen Egg 2","Pear","Centennial Puzzle"],"potions_floor_usage":[13,16,25,33,50],"damage_taken":[{"damage":0,"enemies":"2 Louse","floor":1,"turns":2},{"damage":0,"enemies":"Cultist","floor":2,"turns":3},{"damage":0,"enemies":"Small Slimes","floor":5,"turns":4},{"damage":0,"enemies":"Exordium Wildlife","floor":7,"turns":4},{"damage":0,"enemies":"3 Louse","floor":10,"turns":4},{"damage":0,"enemies":"Large Slime","floor":12,"turns":2},{"damage":10,"enemies":"Exordium Thugs","floor":13,"turns":4},{"damage":1,"enemies":"Lagavulin","floor":14,"turns":7},{"damage":12,"enemies":"Hexaghost","floor":16,"turns":7},{"damage":11,"enemies":"2 Thieves","floor":18,"turns":3},{"damage":0,"enemies":"Shell Parasite","floor":22,"turns":6},{"damage":8,"enemies":"Slavers","floor":23,"turns":5},{"damage":0,"enemies":"Book of Stabbing","floor":25,"turns":4},{"damage":0,"enemies":"Sentry and Sphere","floor":28,"turns":4},{"damage":3,"enemies":"Snake Plant","floor":29,"turns":4},{"damage":0,"enemies":"Gremlin Leader","floor":30,"turns":4},{"damage":32,"enemies":"Automaton","floor":33,"turns":7},{"damage":0,"enemies":"3 Darklings","floor":35,"turns":4},{"damage":0,"enemies":"3 Shapes","floor":36,"turns":5},{"damage":0,"enemies":"Sphere and 2 Shapes","floor":39,"turns":4},{"damage":0,"enemies":"Reptomancer","floor":41,"turns":7},{"damage":0,"enemies":"Nemesis","floor":46,"turns":5},{"damage":0,"enemies":"Spire Growth","floor":48,"turns":4},{"damage":0,"enemies":"Awakened One","floor":50,"turns":8}],"seed_played":"-4471091076834608938","potions_obtained":[{"floor":2,"key":"Weak Potion"},{"floor":7,"key":"Explosive Potion"},{"floor":10,"key":"Swift Potion"},{"floor":16,"key":"Energy Potion"},{"floor":25,"key":"GamblersBrew"},{"floor":28,"key":"EssenceOfSteel"},{"floor":33,"key":"Fire Potion"}],"is_trial":false,"path_per_floor":["M","M","?","?","M","R","M","R","T","M","R","M","M","E","R","B",null,"M","$","?","?","M","E","R","E","T","R","M","M","E","?","R","B",null,"M","M","?","$","M","R","E","R","T","R","$","E","R","M","R","B",null],"character_chosen":"WATCHER","items_purchased":["Establishment","Mummified Hand","EmptyFist","Flash of Steel"],"campfire_rested":1,"item_purchase_floors":[38,38,38,45],"current_hp_per_floor":[65,65,65,65,65,65,65,65,65,65,65,65,55,54,54,42,65,54,65,49,49,49,41,41,41,41,41,41,38,38,38,57,33,65,65,65,65,65,65,65,65,65,65,65,65,65,75,75,75,75],"gold":91,"neow_bonus":"REMOVE_TWO","is_prod":false,"is_daily":false,"chose_seed":false,"campfire_upgraded":4,"win_rate":0,"timestamp":1568502775,"path_taken":["M","M","?","?","M","R","M","R","T","M","R","?","M","E","R","BOSS","M","$","?","?","M","E","R","E","T","R","M","M","E","?","R","BOSS","M","M","?","$","M","R","E","R","T","R","?","E","R","M","R","BOSS"],"build_version":"2019-09-12","purchased_purges":1,"victory":true,"max_hp_per_floor":[65,65,65,65,65,65,65,65,65,65,65,65,65,65,65,65,65,65,65,65,65,65,65,65,65,65,65,65,65,65,65,65,65,65,65,65,65,65,65,65,65,65,65,65,65,65,75,75,75,75],"card_choices":[{"not_picked":["Halt","Collect"],"picked":"ClearTheMind","floor":1},{"not_picked":["ThirdEye","InnerPeace"],"picked":"Evaluate","floor":2},{"not_picked":["Wireheading","Weave"],"picked":"DeceiveReality","floor":5},{"not_picked":["Protect","JustLucky","ThirdEye"],"picked":"SKIP","floor":7},{"not_picked":["Meditate","EmptyMind"],"picked":"ForeignInfluence","floor":10},{"not_picked":["Consecrate","Prostrate","Metaphysics"],"picked":"SKIP","floor":12},{"not_picked":["Prostrate","WaveOfTheHand"],"picked":"CarveReality","floor":13},{"not_picked":["Metaphysics","JustLucky"],"picked":"Devotion","floor":14},{"not_picked":["Judgement","SignatureMove"],"picked":"Vault","floor":16},{"not_picked":["FlyingSleeves","Halt","Worship"],"picked":"SKIP","floor":18},{"not_picked":["Swivel+1","ClearTheMind+1"],"picked":"Vengeance+1","floor":22},{"not_picked":["CleanseEvil+1","ClearTheMind+1","FearNoEvil"],"picked":"SKIP","floor":23},{"not_picked":["BowlingBash","Prostrate+1"],"picked":"Devotion","floor":25},{"not_picked":["WindmillStrike","JustLucky"],"picked":"EmptyMind+1","floor":28},{"not_picked":["Tantrum","ThirdEye+1"],"picked":"SandsOfTime+1","floor":29},{"not_picked":["Halt+1","LessonLearned","WaveOfTheHand+1"],"picked":"SKIP","floor":30},{"not_picked":["FlowState+1","Omniscience+1"],"picked":"Vault","floor":33},{"not_picked":["Tantrum","EmptyBody+1","FlyingSleeves+1"],"picked":"SKIP","floor":35},{"not_picked":["Prostrate+1","BowlingBash","Collect+1"],"picked":"SKIP","floor":36},{"not_picked":["Worship+1","EmptyMind+1","Prostrate+1"],"picked":"SKIP","floor":39},{"not_picked":["BowlingBash","Halt+1","Consecrate+1"],"picked":"SKIP","floor":41},{"not_picked":["Halt+1","Crescendo+1","ReachHeaven"],"picked":"Wallop","floor":46},{"not_picked":["SpiritShield+1","EmptyBody+1","EmptyFist+1"],"picked":"CrushJoints+1","floor":48}],"player_experience":1738088,"relics_obtained":[{"floor":9,"key":"Gremlin Horn"},{"floor":14,"key":"MealTicket"},{"floor":20,"key":"Enchiridion"},{"floor":23,"key":"Shovel"},{"floor":24,"key":"Orichalcum"},{"floor":25,"key":"Pantograph"},{"floor":26,"key":"TeardropLocket"},{"floor":27,"key":"Ancient Tea Set"},{"floor":30,"key":"Happy Flower"},{"floor":40,"key":"Kunai"},{"floor":41,"key":"Bronze Scales"},{"floor":42,"key":"Ornamental Fan"},{"floor":43,"key":"Letter Opener"},{"floor":44,"key":"Question Card"},{"floor":46,"key":"Frozen Egg 2"},{"floor":47,"key":"Pear"},{"floor":49,"key":"Centennial Puzzle"}],"event_choices":[{"damage_healed":0,"gold_gain":0,"player_choice":"Grow","damage_taken":0,"max_hp_gain":0,"max_hp_loss":0,"event_name":"Living Wall","floor":3,"gold_loss":0,"cards_upgraded":["Evaluate"]},{"damage_healed":0,"gold_gain":0,"player_choice":"1 cards matched","damage_taken":0,"max_hp_gain":0,"max_hp_loss":0,"event_name":"Match and Keep!","floor":4,"gold_loss":0,"cards_obtained":["Sanctity"]},{"damage_healed":0,"gold_gain":0,"player_choice":"Obtained Book","damage_taken":16,"max_hp_gain":0,"max_hp_loss":0,"event_name":"Cursed Tome","floor":20,"gold_loss":0},{"damage_healed":0,"gold_gain":0,"player_choice":"Opened","damage_taken":0,"relics_obtained":["Toxic Egg 2"],"max_hp_gain":0,"max_hp_loss":0,"event_name":"The Mausoleum","floor":21,"gold_loss":0},{"damage_healed":0,"gold_gain":0,"player_choice":"Ignored","damage_taken":0,"max_hp_gain":0,"max_hp_loss":0,"event_name":"Vampires","floor":31,"gold_loss":0},{"damage_healed":0,"gold_gain":0,"player_choice":"Full Heal","damage_taken":0,"max_hp_gain":0,"max_hp_loss":0,"event_name":"Wheel of Change","floor":37,"gold_loss":0}],"is_beta":true,"boss_relics":[{"not_picked":["Runic Pyramid","Calling Bell"],"picked":"Fusion Hammer"},{"not_picked":["Busted Crown","HolyWater"],"picked":"Pandora\u0027s Box"}],"items_purged_floors":[19],"is_endless":false,"potions_floor_spawned":[2,7,10,12,16,25,28,30,33,39],"ascension_level":4}