{"gold_per_floor":[213,213,213,232,252,252,277,277,277,302,302,315,315,16,16,115,165,183,199,199,249,265,265,276,276,276,303,303,322,354,38,38,141,141,151,169,169,187,1,1,1,34,61,87,105,40,71,83,83,83],"floor_reached":51,"playtime":5538,"items_purged":["Strike_P","Unraveling"],"score":1193,"play_id":"415fb2f7-0373-4108-b8b6-59905f1d0cdf","local_time":"20190919140854","is_ascension_mode":true,"campfire_choices":[{"data":"Eruption","floor":6.0,"key":"SMITH"},{"floor":8.0,"key":"REST"},{"data":"CarveReality","floor":11.0,"key":"SMITH"},{"data":"Vigilance","floor":15.0,"key":"SMITH"},{"data":"DeceiveReality","floor":23.0,"key":"SMITH"},{"data":"Adaptation","floor":25.0,"key":"SMITH"},{"floor":32,"key":"REST"},{"floor":40,"key":"REST"},{"floor":49,"key":"REST"}],"neow_cost":"NONE","seed_source_timestamp":0,"circlet_count":0,"master_deck":["AscendersBane","Strike_P+1","Defend_P+1","Defend_P+1","Defend_P","Eruption+1","Vigilance+1","CarveReality+1","Crescendo","InnerPeace","FlurryOfBlows","Adaptation+1","FlurryOfBlows","EmptyMind","DeceiveReality+1","FearNoEvil","Vault","Wallop","Meditate","Establishment","Vault","Consecrate+1","SandsOfTime","Worship+1"],"special_seed":0,"relics":["PureWater","Yang","Strawberry","Matryoshka","Tiny House","Blood Vial","Darkstone Periapt","Dream Catcher","War Paint","Membership Card","SacredBark","TungstenRod","CeramicFish","Potion Belt","Bag of Marbles","Melange"],"potions_floor_usage":[33,33,38,42,45,48,50,50,50],"damage_taken":[{"damage":9.0,"enemies":"Small Slimes","floor":1.0,"turns":4.0},{"damage":2.0,"enemies":"Jaw Worm","floor":4.0,"turns":3.0},{"damage":0.0,"enemies":"2 Louse","floor":5.0,"turns":2.0},{"damage":12.0,"enemies":"Lagavulin","floor":7.0,"turns":6.0},{"damage":8.0,"enemies":"Gremlin Nob","floor":10.0,"turns":3.0},{"damage":0.0,"enemies":"Looter","floor":12.0,"turns":3.0},{"damage":20.0,"enemies":"The Guardian","floor":16.0,"turns":9.0},{"damage":0.0,"enemies":"Chosen","floor":18.0,"turns":4.0},{"damage":4.0,"enemies":"2 Thieves","floor":19.0,"turns":3.0},{"damage":5.0,"enemies":"Snake Plant","floor":22.0,"turns":3.0},{"damage":16.0,"enemies":"3 Cultists","floor":24.0,"turns":5.0},{"damage":30.0,"enemies":"Slavers","floor":27.0,"turns":7.0},{"damage":13.0,"enemies":"Centurion and Healer","floor":29.0,"turns":4.0},{"damage":14.0,"enemies":"Gremlin Leader","floor":30.0,"turns":9.0},{"damage":30,"enemies":"Collector","floor":33,"turns":17},{"damage":10,"enemies":"3 Shapes","floor":35,"turns":8},{"damage":22,"enemies":"3 Darklings","floor":36,"turns":10},{"damage":31,"enemies":"Sphere and 2 Shapes","floor":38,"turns":10},{"damage":0,"enemies":"Reptomancer","floor":42,"turns":10},{"damage":15,"enemies":"Transient","floor":44,"turns":5},{"damage":24,"enemies":"Writhing Mass","floor":45,"turns":7},{"damage":11,"enemies":"Nemesis","floor":47,"turns":7},{"damage":1,"enemies":"Jaw Worm Horde","floor":48,"turns":4},{"damage":27,"enemies":"Donu and Deca","floor":50,"turns":7}],"seed_played":"6512094517342326682","potions_obtained":[{"floor":4.0,"key":"Fruit Juice"},{"floor":12.0,"key":"SpeedPotion"},{"floor":16.0,"key":"AttackPotion"},{"floor":17.0,"key":"Regen Potion"},{"floor":19.0,"key":"Regen Potion"},{"floor":27.0,"key":"StancePotion"},{"floor":35,"key":"SkillPotion"},{"floor":38,"key":"GamblersBrew"},{"floor":42,"key":"Strength Potion"},{"floor":45,"key":"FearPotion"},{"floor":48,"key":"SpeedPotion"}],"is_trial":false,"path_per_floor":["M","?","?","M","M","R","E","R","T","E","R","M","?","$","R","B",null,"M","M","?","?","M","R","M","R","T","E","?","M","E","$","R","B",null,"M","M","?","M","$","R","?","E","T","M","M","$","E","M","R","B",null],"character_chosen":"WATCHER","items_purchased":["Adaptation","FlurryOfBlows","Membership Card","Meditate","Establishment","Fire Potion","Explosive Potion","TungstenRod","EssenceOfSteel","SpeedPotion","StancePotion"],"campfire_rested":4,"item_purchase_floors":[14,14,31,31,31,31,31,39,39,46,46],"current_hp_per_floor":[50,37,37,35,40,40,28,49,56,48,48,48,41,41,41,21,68,68,64,64,64,59,59,43,43,43,60,60,49,37,37,61,33,70,62,42,42,13,13,37,82,82,82,67,45,45,36,37,61,36],"gold":83,"neow_bonus":"HUNDRED_GOLD","is_prod":false,"is_daily":false,"chose_seed":false,"campfire_upgraded":5,"win_rate":0,"timestamp":1568898534,"path_taken":["M","?","?","M","M","R","E","R","T","E","R","M","?","$","R","BOSS","M","M","?","?","M","R","?","R","T","E","?","M","E","$","R","BOSS","M","M","?","M","$","R","?","E","T","?","M","$","E","M","R","BOSS"],"build_version":"2019-09-18","purchased_purges":2,"victory":true,"max_hp_per_floor":[65,65,65,65,70,70,70,70,77,77,77,77,77,77,77,77,82,82,82,82,82,82,82,82,82,82,82,82,82,82,82,82,82,82,82,82,82,82,82,82,82,82,82,82,82,82,82,82,82,82],"card_choices":[{"not_picked":["Sanctity","Halt"],"picked":"CutThroughFate","floor":1.0},{"not_picked":["Wireheading","InnerPeace"],"picked":"CarveReality","floor":4.0},{"not_picked":["Tantrum","WaveOfTheHand"],"picked":"Crescendo","floor":5.0},{"not_picked":["CutThroughFate","FlyingSleeves","CrushJoints"],"picked":"SKIP","floor":7.0},{"not_picked":["Prostrate","Crescendo"],"picked":"InnerPeace","floor":10.0},{"not_picked":["Devotion","ForeignInfluence"],"picked":"FlurryOfBlows","floor":12.0},{"not_picked":["PathToVictory","FollowUp"],"picked":"EmptyMind","floor":17.0},{"not_picked":["Prostrate","CutThroughFate","ClearTheMind"],"picked":"SKIP","floor":18.0},{"not_picked":["InnerPeace+1","CarveReality"],"picked":"DeceiveReality","floor":19.0},{"not_picked":["SashWhip","FollowUp+1","WaveOfTheHand+1"],"picked":"SKIP","floor":22.0},{"not_picked":["SashWhip","Worship"],"picked":"Vault","floor":24.0},{"not_picked":["Meditate","Sanctity","FlyingSleeves"],"picked":"SKIP","floor":27.0},{"not_picked":["Devotion","CarveReality"],"picked":"Wallop","floor":29.0},{"not_picked":["Crescendo","CleanseEvil","WindmillStrike+1"],"picked":"SKIP","floor":30.0},{"not_picked":["MasterReality","LessonLearned"],"picked":"Vault","floor":33},{"not_picked":["InnerPeace","Crescendo","EmptyMind"],"picked":"SKIP","floor":35},{"not_picked":["Evaluate","Tantrum"],"picked":"Consecrate+1","floor":36},{"not_picked":["FlurryOfBlows","Weave"],"picked":"SandsOfTime","floor":38},{"not_picked":["Halt","StepAndStrike","Weave+1"],"picked":"SKIP","floor":42},{"not_picked":["EmptyBody","DeceiveReality+1"],"picked":"Worship+1","floor":44},{"not_picked":["Halt+1","ClearTheMind+1","EmptyFist"],"picked":"SKIP","floor":45},{"not_picked":["LessonLearned","CrushJoints","Worship"],"picked":"SKIP","floor":47},{"not_picked":["EmptyFist","CarveReality+1","StepAndStrike"],"picked":"SKIP","floor":48}],"player_experience":1806026,"relics_obtained":[{"floor":7.0,"key":"Yang"},{"floor":9.0,"key":"Strawberry"},{"floor":10.0,"key":"Matryoshka"},{"floor":26.0,"key":"Blood Vial"},{"floor":26.0,"key":"Darkstone Periapt"},{"floor":27.0,"key":"Dream Catcher"},{"floor":30.0,"key":"War Paint"},{"floor":42,"key":"CeramicFish"},{"floor":43,"key":"Potion Belt"},{"floor":43,"key":"Bag of Marbles"},{"floor":47,"key":"Melange"}],"event_choices":[{"damage_healed":0.0,"max_hp_gain":0.0,"max_hp_loss":0.0,"gold_gain":0.0,"event_name":"Shining Light","player_choice":"Entered Light","floor":2.0,"gold_loss":0.0,"damage_taken":13.0,"cards_upgraded":["Strike_P","Strike_P"]},{"damage_healed":0.0,"max_hp_gain":0.0,"max_hp_loss":0.0,"gold_gain":0.0,"event_name":"Liars Game","player_choice":"Ignored","floor":3.0,"gold_loss":0.0,"damage_taken":0.0},{"cards_removed":["Strike_P"],"damage_healed":0.0,"max_hp_gain":0.0,"max_hp_loss":0.0,"gold_gain":0.0,"event_name":"Golden Wing","player_choice":"Card Removal","floor":13.0,"gold_loss":0.0,"damage_taken":7.0},{"damage_healed":0.0,"max_hp_gain":0.0,"max_hp_loss":0.0,"gold_gain":0.0,"event_name":"The Library","player_choice":"Read","floor":20.0,"gold_loss":0.0,"damage_taken":0.0,"cards_obtained":["FearNoEvil"]},{"damage_healed":0.0,"max_hp_gain":0.0,"max_hp_loss":0.0,"gold_gain":100.0,"event_name":"The Joust","player_choice":"Bet on Murderer","floor":21.0,"gold_loss":50.0,"damage_taken":0.0},{"damage_healed":0.0,"max_hp_gain":0.0,"max_hp_loss":0.0,"gold_gain":0.0,"cards_transformed":["Defend_P","CutThroughFate"],"event_name":"Drug Dealer","player_choice":"Became Test Subject","floor":28.0,"gold_loss":0.0,"damage_taken":0.0,"cards_obtained":["SpiritShield","Unraveling"]},{"cards_removed":["Strike_P"],"damage_healed":0,"gold_gain":0,"player_choice":"Removed Attack","damage_taken":0,"max_hp_gain":0,"max_hp_loss":0,"event_name":"Falling","floor":37,"gold_loss":0},{"cards_removed":["SpiritShield"],"damage_healed":45,"gold_gain":0,"player_choice":"Offered Uncommon","damage_taken":0,"max_hp_gain":0,"max_hp_loss":0,"event_name":"Bonfire Elementals","floor":41,"gold_loss":0}],"is_beta":true,"boss_relics":[{"not_picked":["Pandora\u0027s Box","Runic Pyramid"],"picked":"Tiny House"},{"not_picked":["Astrolabe","Coffee Dripper"],"picked":"SacredBark"}],"items_purged_floors":[14,31],"is_endless":false,"potions_floor_spawned":[4,12,16,18,19,22,27,35,38,42,45,48],"ascension_level":12}