{"gold_per_floor":[116,128,145,145,145,145,163,163,190,190,204,204,222,253,253,351,351,361,361,8,28,44,44,73,93,93,126,126,152,85,85,85,181,181,195,213,313,116,131,131,131,131,208,228,255,266,266,266,266,266],"floor_reached":50,"playtime":6115,"items_purged":["CrushJoints"],"score":630,"play_id":"1e613cbb-c0b6-4e21-abfa-5accff4a4b0e","local_time":"20190909215242","is_ascension_mode":false,"campfire_choices":[{"data":"Eruption","floor":6.0,"key":"SMITH"},{"data":"EmptyBody","floor":8.0,"key":"SMITH"},{"floor":12.0,"key":"REST"},{"data":"ReachHeaven","floor":15.0,"key":"SMITH"},{"floor":28.0,"key":"REST"},{"floor":32.0,"key":"REST"},{"floor":40,"key":"DIG"},{"floor":47,"key":"DIG"},{"floor":49,"key":"DIG"}],"neow_cost":"NONE","seed_source_timestamp":1870028174394600,"circlet_count":0,"master_deck":["Strike_P+1","Strike_P+1","Strike_P+1","Strike_P+1","Defend_P+1","Defend_P+1","Defend_P+1","Defend_P+1","Eruption+1","Vigilance+1","EmptyBody+1","Meditate+1","Fasting+1","Evaluate+1","CutThroughFate+1","DeusExMachina+1","ReachHeaven+1","LessonLearned+1","CleanseEvil+1","Brilliance","Protect+1","Conclude","BattleHymn+1","Establishment+1","WaveOfTheHand+1","MasterReality","ThirdEye+1","CrushJoints+1","Crescendo+1","SpiritShield+1"],"special_seed":0,"relics":["PureWater","Centennial Puzzle","TungstenRod","Fusion Hammer","Vajra","Omamori","Question Card","Lantern","Strawberry","Calling Bell","Torii","Meat on the Bone","Smiling Mask","Shovel","Regal Pillow","Dream Catcher","GremlinMask","Gremlin Horn","Pear","Bottled Tornado","Bag of Marbles"],"potions_floor_usage":[36,45,45,50],"damage_taken":[{"damage":8.0,"enemies":"Cultist","floor":1.0,"turns":6.0},{"damage":0.0,"enemies":"Small Slimes","floor":2.0,"turns":3.0},{"damage":0.0,"enemies":"Jaw Worm","floor":3.0,"turns":3.0},{"damage":8.0,"enemies":"2 Fungi Beasts","floor":7.0,"turns":4.0},{"damage":21.0,"enemies":"Exordium Wildlife","floor":11.0,"turns":7.0},{"damage":0.0,"enemies":"Large Slime","floor":13.0,"turns":4.0},{"damage":5.0,"enemies":"Lagavulin","floor":14.0,"turns":7.0},{"damage":0.0,"enemies":"Slime Boss","floor":16.0,"turns":4.0},{"damage":4.0,"enemies":"Chosen","floor":18.0,"turns":5.0},{"damage":6.0,"enemies":"Shell Parasite","floor":21.0,"turns":7.0},{"damage":4.0,"enemies":"3 Cultists","floor":22.0,"turns":6.0},{"damage":13.0,"enemies":"Slavers","floor":24.0,"turns":5.0},{"damage":0.0,"enemies":"Centurion and Healer","floor":25.0,"turns":8.0},{"damage":0.0,"enemies":"Gremlin Leader","floor":27.0,"turns":4.0},{"damage":3.0,"enemies":"Book of Stabbing","floor":29.0,"turns":4.0},{"damage":37.0,"enemies":"Automaton","floor":33.0,"turns":9.0},{"damage":8,"enemies":"Orb Walker","floor":35,"turns":4},{"damage":2,"enemies":"3 Darklings","floor":36,"turns":5},{"damage":1,"enemies":"Mind Bloom Boss Battle","floor":37,"turns":5},{"damage":18,"enemies":"Transient","floor":39,"turns":5},{"damage":1,"enemies":"Writhing Mass","floor":44,"turns":5},{"damage":1,"enemies":"Reptomancer","floor":45,"turns":5},{"damage":12,"enemies":"Jaw Worm Horde","floor":46,"turns":4},{"damage":76,"enemies":"Donu and Deca","floor":50,"turns":9}],"seed_played":"-8893761205952140245","potions_obtained":[{"floor":2.0,"key":"Weak Potion"},{"floor":3.0,"key":"SkillPotion"},{"floor":11.0,"key":"SpeedPotion"},{"floor":22.0,"key":"SteroidPotion"},{"floor":25.0,"key":"SkillPotion"},{"floor":29.0,"key":"Energy Potion"},{"floor":37,"key":"Block Potion"},{"floor":44,"key":"Dexterity Potion"}],"is_trial":false,"path_per_floor":["M","M","M","?","?","R","M","R","T","?","M","R","M","E","R","B",null,"M","?","$","M","M","?","E","M","T","E","R","E","$","?","R","B",null,"M","M","?","$","M","R","$","?","T","M","E","M","R","?","R","B"],"character_chosen":"WATCHER","items_purchased":["Vajra","Brilliance","AttackPotion","Establishment","Regal Pillow"],"campfire_rested":3,"item_purchase_floors":[20,20,20,30,38],"current_hp_per_floor":[63,63,63,63,49,49,41,41,41,46,25,47,47,42,42,42,76,72,72,72,66,62,62,49,49,49,49,71,75,75,75,83,46,83,75,73,72,72,54,54,54,54,54,53,62,50,50,73,73,0],"gold":266,"neow_bonus":"TEN_PERCENT_HP_BONUS","is_prod":false,"is_daily":false,"chose_seed":false,"campfire_upgraded":3,"win_rate":0.0,"timestamp":1568062362,"path_taken":["M","M","M","?","?","R","M","R","T","?","M","R","M","E","R","BOSS","M","?","$","M","M","?","E","M","T","E","R","E","?","?","R","BOSS","M","M","?","$","M","R","$","?","T","?","E","M","R","?","R","BOSS"],"build_version":"2019-09-09","purchased_purges":1,"victory":false,"max_hp_per_floor":[71,71,71,71,71,71,71,71,71,76,76,76,76,76,76,76,76,76,76,76,76,76,76,76,76,76,76,76,83,83,83,83,83,83,83,83,83,83,83,83,83,83,83,83,93,93,93,93,93,93],"card_choices":[{"not_picked":["Crescendo","BowlingBash"],"picked":"EmptyBody","floor":1.0},{"not_picked":["Weave","InnerPeace"],"picked":"Meditate","floor":2.0},{"not_picked":["ClearTheMind","Consecrate"],"picked":"Fasting","floor":3.0},{"not_picked":["Establishment","Crescendo"],"picked":"Evaluate","floor":7.0},{"not_picked":["EmptyBody","FlyingSleeves"],"picked":"CutThroughFate","floor":11.0},{"not_picked":["Fasting","FlurryOfBlows"],"picked":"DeusExMachina","floor":13.0},{"not_picked":["CleanseEvil","DeceiveReality"],"picked":"ReachHeaven","floor":14.0},{"not_picked":["Ragnarok","SignatureMove"],"picked":"LessonLearned","floor":16.0},{"not_picked":["Protect","EmptyMind+1"],"picked":"CleanseEvil+1","floor":18.0},{"not_picked":["Halt","EmptyMind"],"picked":"Protect","floor":21.0},{"not_picked":["FlyingSleeves","ClearTheMind","EmptyBody"],"picked":"SKIP","floor":22.0},{"not_picked":["ClearTheMind+1","EmptyBody+1"],"picked":"Conclude","floor":24.0},{"not_picked":["Meditate","Adaptation+1"],"picked":"CrushJoints","floor":25.0},{"not_picked":["Conclude+1","Consecrate","WindmillStrike+1","Weave"],"picked":"SKIP","floor":27.0},{"not_picked":["Consecrate","WindmillStrike","EmptyBody"],"picked":"BattleHymn","floor":29.0},{"not_picked":["Unraveling","LessonLearned","Ragnarok"],"picked":"MasterReality","floor":33.0},{"not_picked":["FlyingSleeves","TalkToTheHand","EmptyFist+1"],"picked":"ThirdEye+1","floor":35},{"not_picked":["Weave+1","FearNoEvil+1","Scrawl"],"picked":"CrushJoints+1","floor":36},{"not_picked":["CutThroughFate","Conclude+1","WaveOfTheHand+1"],"picked":"Crescendo+1","floor":39},{"not_picked":["Evaluate+1","BowlingBash+1","Protect+1"],"picked":"SpiritShield+1","floor":44},{"not_picked":["BattleHymn","Judgement","CutThroughFate+1","WindmillStrike"],"picked":"SKIP","floor":45},{"not_picked":["BowlingBash+1","CutThroughFate+1","EmptyFist+1","FearNoEvil"],"picked":"SKIP","floor":46}],"player_experience":1668042,"relics_obtained":[{"floor":9.0,"key":"Centennial Puzzle"},{"floor":14.0,"key":"TungstenRod"},{"floor":24.0,"key":"Omamori"},{"floor":26.0,"key":"Question Card"},{"floor":27.0,"key":"Lantern"},{"floor":29.0,"key":"Strawberry"},{"floor":34.0,"key":"Torii"},{"floor":34.0,"key":"Meat on the Bone"},{"floor":34.0,"key":"Smiling Mask"},{"floor":37,"key":"Shovel"},{"floor":40,"key":"Dream Catcher"},{"floor":43,"key":"Gremlin Horn"},{"floor":45,"key":"Pear"},{"floor":47,"key":"Bottled Tornado"},{"floor":49,"key":"Bag of Marbles"}],"event_choices":[{"damage_healed":0.0,"max_hp_gain":0.0,"max_hp_loss":0.0,"gold_gain":0.0,"event_name":"The Cleric","player_choice":"Leave","floor":4.0,"gold_loss":0.0,"damage_taken":0.0},{"damage_healed":0.0,"max_hp_gain":0.0,"max_hp_loss":0.0,"gold_gain":0.0,"event_name":"Shining Light","player_choice":"Entered Light","floor":5.0,"gold_loss":0.0,"damage_taken":14.0,"cards_upgraded":["Meditate","Defend_P"]},{"damage_healed":0.0,"max_hp_gain":5.0,"max_hp_loss":0.0,"gold_gain":0.0,"event_name":"Big Fish","player_choice":"Donut","floor":10.0,"gold_loss":0.0,"damage_taken":0.0},{"damage_healed":0.0,"max_hp_gain":0.0,"max_hp_loss":0.0,"gold_gain":0.0,"event_name":"Beggar","player_choice":"Ignored","floor":19.0,"gold_loss":0.0,"damage_taken":0.0},{"damage_healed":0.0,"max_hp_gain":0.0,"max_hp_loss":0.0,"gold_gain":0.0,"event_name":"Back to Basics","player_choice":"Simplicity","floor":23.0,"gold_loss":0.0,"damage_taken":0.0,"cards_upgraded":["Strike_P","Strike_P","Strike_P","Defend_P","Defend_P","Defend_P"]},{"damage_healed":0.0,"max_hp_gain":0.0,"max_hp_loss":0.0,"gold_gain":0.0,"event_name":"The Library","player_choice":"Read","floor":31.0,"gold_loss":0.0,"damage_taken":0.0,"cards_obtained":["WaveOfTheHand"]},{"damage_healed":0,"gold_gain":0,"player_choice":"Fight","damage_taken":0,"max_hp_gain":0,"max_hp_loss":0,"event_name":"MindBloom","floor":37,"gold_loss":0},{"damage_healed":0,"gold_gain":0,"player_choice":"Trade","damage_taken":0,"relics_obtained":["GremlinMask"],"max_hp_gain":0,"max_hp_loss":0,"event_name":"FaceTrader","floor":42,"gold_loss":0},{"damage_healed":23,"gold_gain":0,"player_choice":"Writhe","damage_taken":0,"max_hp_gain":0,"max_hp_loss":0,"event_name":"Winding Halls","floor":48,"gold_loss":0,"cards_obtained":["Writhe"]}],"is_beta":true,"boss_relics":[{"not_picked":["Busted Crown","Ectoplasm"],"picked":"Fusion Hammer"},{"not_picked":["Snecko Eye","Pandora\u0027s Box"],"picked":"Calling Bell"}],"items_purged_floors":[38],"is_endless":false,"potions_floor_spawned":[2,3,11,22,25,29,35,37,39,44],"killed_by":"Donu and Deca","ascension_level":0}