{"gold_per_floor":[112,112,112,75,25,52,52,52,77,107,107,107,132,147,147,248,248,262,279,30,30,47,47,67,67,90,90,122,134,151,186,186,285,285,301,312,323,342,342,342,361,393,440,9,9,42,58,73,73,73],"floor_reached":51,"playtime":5545,"items_purged":["Defend_P"],"score":1052,"play_id":"ea63b61e-c221-46ad-b604-d86d681ac62e","local_time":"20190913224534","is_ascension_mode":true,"campfire_choices":[{"data":"Eruption","floor":7.0,"key":"SMITH"},{"data":"DeceiveReality","floor":12.0,"key":"SMITH"},{"data":"EmptyFist","floor":15.0,"key":"SMITH"},{"data":"EmptyBody","floor":23.0,"key":"SMITH"},{"data":"Defend_P","floor":25.0,"key":"PURGE"},{"floor":27.0,"key":"REST"},{"data":"Strike_P","floor":32.0,"key":"PURGE"},{"floor":40.0,"key":"REST"},{"floor":45.0,"key":"REST"},{"data":"CleanseEvil","floor":49,"key":"SMITH"}],"neow_cost":"NONE","seed_source_timestamp":156504299561700,"circlet_count":0,"master_deck":["Strike_P","Strike_P","Strike_P","Defend_P","Defend_P","Eruption+1","Vigilance+1","Vengeance","Establishment","EmptyBody+1","DeceiveReality+1","MasterReality","EmptyFist+1","Worship+1","Worship+1","InnerPeace","FearNoEvil+1","Collect+1","Wish","FlyingSleeves","Protect+1","MentalFortress+1","CleanseEvil+1","EmptyMind+1","Alpha","CutThroughFate+1","Sanctity"],"special_seed":0,"relics":["PureWater","NeowsBlessing","Art of War","Akabeko","Mummified Hand","Peace Pipe","Snecko Eye","Gremlin Horn","StoneCalendar","Boot","WingedGreaves","Bag of Preparation","VioletLotus","Yang","MawBank","Membership Card","Blood Vial","Bronze Scales"],"potions_floor_usage":[46,50],"damage_taken":[{"damage":0.0,"enemies":"Small Slimes","floor":1.0,"turns":1.0},{"damage":0.0,"enemies":"3 Sentries","floor":6.0,"turns":2.0},{"damage":0.0,"enemies":"Gremlin Nob","floor":10.0,"turns":1.0},{"damage":0.0,"enemies":"3 Sentries","floor":13.0,"turns":7.0},{"damage":0.0,"enemies":"2 Louse","floor":14.0,"turns":2.0},{"damage":15.0,"enemies":"Hexaghost","floor":16.0,"turns":8.0},{"damage":1.0,"enemies":"2 Thieves","floor":18.0,"turns":3.0},{"damage":9.0,"enemies":"Shell Parasite","floor":19.0,"turns":4.0},{"damage":3.0,"enemies":"Shelled Parasite and Fungi","floor":22.0,"turns":3.0},{"damage":8.0,"enemies":"Snake Plant","floor":24.0,"turns":4.0},{"damage":0.0,"enemies":"Gremlin Leader","floor":28.0,"turns":3.0},{"damage":0.0,"enemies":"Sentry and Sphere","floor":29.0,"turns":8.0},{"damage":0.0,"enemies":"Centurion and Healer","floor":30.0,"turns":4.0},{"damage":25.0,"enemies":"Slavers","floor":31.0,"turns":3.0},{"damage":14.0,"enemies":"Collector","floor":33.0,"turns":11.0},{"damage":22.0,"enemies":"3 Darklings","floor":35.0,"turns":5.0},{"damage":0.0,"enemies":"Orb Walker","floor":36.0,"turns":2.0},{"damage":3.0,"enemies":"Transient","floor":37.0,"turns":5.0},{"damage":0.0,"enemies":"Sphere and 2 Shapes","floor":38.0,"turns":3.0},{"damage":15.0,"enemies":"Maw","floor":41.0,"turns":6.0},{"damage":0.0,"enemies":"Reptomancer","floor":42.0,"turns":6.0},{"damage":4,"enemies":"Nemesis","floor":46,"turns":7},{"damage":0,"enemies":"Writhing Mass","floor":47,"turns":3},{"damage":10,"enemies":"4 Shapes","floor":48,"turns":5},{"damage":0,"enemies":"Donu and Deca","floor":50,"turns":4}],"seed_played":"6114554784338495697","potions_obtained":[{"floor":1.0,"key":"Weak Potion"},{"floor":13.0,"key":"LiquidBronze"},{"floor":19.0,"key":"Strength Potion"},{"floor":28.0,"key":"Poison Potion"},{"floor":30.0,"key":"Explosive Potion"},{"floor":31.0,"key":"Weak Potion"},{"floor":35.0,"key":"Strength Potion"},{"floor":38.0,"key":"Regen Potion"}],"is_trial":false,"path_per_floor":["M","?","?","$","$","E","R","$","T","E","?","R","E","M","R","B",null,"M","M","$","?","M","R","M","R","T","R","E","M","M","E","R","B",null,"M","M","M","M","$","R","M","E","T","$","R","E","M","M","R","B",null],"character_chosen":"WATCHER","items_purchased":["Establishment","EmptyBody","Gremlin Horn","Alpha","Membership Card","Blood Vial"],"campfire_rested":3,"item_purchase_floors":[4,5,20,44,44,44],"current_hp_per_floor":[65,65,70,70,70,70,70,70,70,70,70,70,70,70,70,55,70,69,60,60,60,57,57,49,49,49,70,70,70,70,45,45,31,70,48,48,45,45,45,66,51,51,51,51,70,66,68,60,60,62],"gold":73,"neow_bonus":"THREE_ENEMY_KILL","is_prod":false,"is_daily":false,"chose_seed":false,"campfire_upgraded":5,"win_rate":0,"timestamp":1568411134,"path_taken":["M","?","?","?","$","E","R","$","T","E","?","R","E","M","R","BOSS","M","M","$","?","M","R","M","R","T","R","E","?","M","E","R","BOSS","M","?","?","M","?","R","M","E","T","$","R","E","M","?","R","BOSS"],"build_version":"2019-09-12","purchased_purges":1,"victory":true,"max_hp_per_floor":[65,65,70,70,70,70,70,70,70,70,70,70,70,70,70,70,70,70,70,70,70,70,70,70,70,70,70,70,70,70,70,70,70,70,70,70,70,70,70,70,70,70,70,70,70,70,70,70,70,70],"card_choices":[{"not_picked":["ForeignInfluence","EmptyMind"],"picked":"Vengeance","floor":1.0},{"not_picked":["ClearTheMind","Sanctity"],"picked":"DeceiveReality","floor":6.0},{"not_picked":["Establishment","FollowUp"],"picked":"MasterReality","floor":10.0},{"not_picked":["Halt","Evaluate"],"picked":"EmptyFist","floor":13.0},{"not_picked":["Halt","Collect","Vengeance"],"picked":"SKIP","floor":14.0},{"not_picked":["Wireheading+1","InnerPeace"],"picked":"Worship+1","floor":18.0},{"not_picked":["Sanctity","EmptyBody"],"picked":"Worship+1","floor":19.0},{"not_picked":["Swivel","CutThroughFate","EmptyBody"],"picked":"SKIP","floor":22.0},{"not_picked":["WaveOfTheHand+1","ClearTheMind","Sanctity"],"picked":"SKIP","floor":24.0},{"not_picked":["Metaphysics","EmptyBody"],"picked":"InnerPeace","floor":28.0},{"not_picked":["Weave","Consecrate","EmptyFist+1"],"picked":"SKIP","floor":29.0},{"not_picked":["EmptyBody","CrushJoints"],"picked":"FearNoEvil+1","floor":30.0},{"not_picked":["Tantrum+1","Prostrate+1"],"picked":"Collect+1","floor":31.0},{"not_picked":["Omniscience","Brilliance"],"picked":"Wish","floor":33.0},{"not_picked":["ThirdEye+1","EmptyBody"],"picked":"FlyingSleeves","floor":35.0},{"not_picked":["ThirdEye","CutThroughFate+1"],"picked":"Protect+1","floor":36.0},{"not_picked":["Unraveling","JustLucky"],"picked":"MentalFortress+1","floor":37.0},{"not_picked":["WindmillStrike","FollowUp+1"],"picked":"CleanseEvil","floor":38.0},{"not_picked":["Devotion","Crescendo"],"picked":"EmptyMind+1","floor":41.0},{"not_picked":["Fasting","ClearTheMind","InnerPeace"],"picked":"SKIP","floor":42.0},{"not_picked":["FlyingSleeves+1","Halt+1"],"picked":"CutThroughFate+1","floor":46},{"not_picked":["FollowUp","EmptyFist","CrushJoints+1"],"picked":"SKIP","floor":47},{"not_picked":["InnerPeace","Consecrate+1"],"picked":"Sanctity","floor":48}],"player_experience":1701884,"relics_obtained":[{"floor":6.0,"key":"Art of War"},{"floor":9.0,"key":"Akabeko"},{"floor":10.0,"key":"Mummified Hand"},{"floor":13.0,"key":"Peace Pipe"},{"floor":26.0,"key":"Boot"},{"floor":28.0,"key":"WingedGreaves"},{"floor":31.0,"key":"Bag of Preparation"},{"floor":42.0,"key":"Yang"},{"floor":43.0,"key":"MawBank"},{"floor":46,"key":"Bronze Scales"}],"event_choices":[{"damage_healed":0.0,"max_hp_gain":0.0,"max_hp_loss":0.0,"gold_gain":0.0,"event_name":"Living Wall","player_choice":"Grow","floor":2.0,"gold_loss":0.0,"damage_taken":0.0,"cards_upgraded":["Vigilance"]},{"damage_healed":0.0,"max_hp_gain":5.0,"max_hp_loss":0.0,"gold_gain":0.0,"event_name":"Big Fish","player_choice":"Donut","floor":3.0,"gold_loss":0.0,"damage_taken":0.0},{"damage_healed":0.0,"max_hp_gain":0.0,"max_hp_loss":0.0,"gold_gain":0.0,"event_name":"Liars Game","player_choice":"Ignored","floor":11.0,"gold_loss":0.0,"damage_taken":0.0},{"damage_healed":0.0,"max_hp_gain":0.0,"max_hp_loss":0.0,"gold_gain":0.0,"event_name":"WeMeetAgain","player_choice":"Gave Potion","floor":21.0,"gold_loss":0.0,"damage_taken":0.0,"relics_obtained":["StoneCalendar"]}],"is_beta":true,"boss_relics":[{"not_picked":["Runic Pyramid","HolyWater"],"picked":"Snecko Eye"},{"not_picked":["Velvet Choker","Sozu"],"picked":"VioletLotus"}],"items_purged_floors":[44],"is_endless":false,"potions_floor_spawned":[1,13,19,28,30,31,35,36,38],"ascension_level":3}