{"gold_per_floor":[112,112,123,12,12,38,53,84,84,84,94,129,29,29,29,107,107,127,127,142,17,17,17,46,62,117,133,145,145,157,157,157,229,229,247,247,261,115,134,169,169,186,265,279,299,299,299,325,325,325],"floor_reached":51,"playtime":4601,"items_purged":["Strike_P","Defend_P"],"score":1274,"play_id":"bddbbc51-e72a-431a-b6ba-6d486eaf7b6d","local_time":"20190919165519","is_ascension_mode":true,"campfire_choices":[{"data":"FearNoEvil","floor":10.0,"key":"SMITH"},{"data":"MentalFortress","floor":15.0,"key":"SMITH"},{"data":"Consecrate","floor":23.0,"key":"SMITH"},{"data":"Establishment","floor":29.0,"key":"SMITH"},{"floor":32.0,"key":"REST"},{"floor":41,"key":"REST"},{"data":"Alpha","floor":47,"key":"SMITH"},{"floor":49,"key":"REST"}],"neow_cost":"NONE","seed_source_timestamp":654929361529800,"circlet_count":0,"master_deck":["AscendersBane","Strike_P+1","Strike_P+1","Defend_P+1","Defend_P+1","Defend_P+1","Eruption+1","Vigilance","Consecrate+1","FearNoEvil+1","Establishment+1","DeceiveReality","Perseverance","MentalFortress+1","Protect+1","EmptyBody","EmptyMind","Consecrate+1","WreathOfFlame","FearNoEvil+1","InnerPeace","Adaptation","Worship+1","FlowState","Alpha+1","ReachHeaven","SashWhip+1"],"special_seed":0,"relics":["HolyWater","NeowsBlessing","Bronze Scales","CaptainsWheel","HornCleat","Orichalcum","Lizard Tail","Tiny Chest","Nilry\u0027s Codex","Runic Pyramid","Bag of Preparation","Regal Pillow","Eternal Feather","Happy Flower"],"potions_floor_usage":[40,48,50],"damage_taken":[{"damage":0.0,"enemies":"2 Louse","floor":1.0,"turns":1.0},{"damage":0.0,"enemies":"Cultist","floor":3.0,"turns":1.0},{"damage":0.0,"enemies":"Gremlin Nob","floor":6.0,"turns":1.0},{"damage":4.0,"enemies":"Jaw Worm","floor":7.0,"turns":4.0},{"damage":7.0,"enemies":"Lagavulin","floor":8.0,"turns":9.0},{"damage":14.0,"enemies":"Lots of Slimes","floor":11.0,"turns":3.0},{"damage":13.0,"enemies":"Gremlin Nob","floor":12.0,"turns":4.0},{"damage":0.0,"enemies":"The Guardian","floor":16.0,"turns":10.0},{"damage":0.0,"enemies":"Spheric Guardian","floor":18.0,"turns":5.0},{"damage":0.0,"enemies":"2 Thieves","floor":20.0,"turns":3.0},{"damage":5.0,"enemies":"Book of Stabbing","floor":24.0,"turns":7.0},{"damage":8.0,"enemies":"Snake Plant","floor":25.0,"turns":4.0},{"damage":0.0,"enemies":"Sentry and Sphere","floor":27.0,"turns":5.0},{"damage":0.0,"enemies":"Shelled Parasite and Fungi","floor":28.0,"turns":7.0},{"damage":18.0,"enemies":"Snake Plant","floor":30.0,"turns":3.0},{"damage":23.0,"enemies":"Collector","floor":33.0,"turns":12.0},{"damage":15,"enemies":"3 Shapes","floor":35,"turns":4},{"damage":3,"enemies":"Orb Walker","floor":37,"turns":5},{"damage":0,"enemies":"Maw","floor":39,"turns":8},{"damage":13,"enemies":"Giant Head","floor":40,"turns":9},{"damage":0,"enemies":"3 Darklings","floor":42,"turns":6},{"damage":12,"enemies":"4 Shapes","floor":44,"turns":9},{"damage":0,"enemies":"Sphere and 2 Shapes","floor":45,"turns":6},{"damage":24,"enemies":"Reptomancer","floor":48,"turns":7},{"damage":53,"enemies":"Awakened One","floor":50,"turns":14}],"seed_played":"8759576033839132006","potions_obtained":[{"floor":6.0,"key":"Energy Potion"},{"floor":11.0,"key":"Fire Potion"},{"floor":16.0,"key":"Regen Potion"},{"floor":25.0,"key":"AttackPotion"},{"floor":33,"key":"Explosive Potion"},{"floor":35,"key":"PowerPotion"},{"floor":45,"key":"Regen Potion"}],"is_trial":false,"path_per_floor":["M","?","M","$","?","E","M","E","T","R","M","E","$","?","R","B",null,"M","?","M","$","?","R","E","M","T","M","M","R","M","?","R","B",null,"M","?","M","$","M","E","R","M","T","M","M","?","R","E","R","B",null],"character_chosen":"WATCHER","items_purchased":["Establishment","WreathOfFlame","Explosive Potion","Bag of Preparation"],"campfire_rested":3,"item_purchase_floors":[4,21,21,38],"current_hp_per_floor":[59,59,59,59,59,59,55,48,48,48,34,21,21,8,8,8,51,51,51,51,51,51,51,61,53,53,53,53,53,35,19,38,15,53,38,38,35,35,35,22,56,56,56,44,44,44,59,35,65,27],"gold":325,"neow_bonus":"THREE_ENEMY_KILL","is_prod":false,"is_daily":false,"chose_seed":false,"campfire_upgraded":5,"win_rate":0,"timestamp":1568908519,"path_taken":["M","?","M","?","?","E","M","E","T","R","?","E","$","?","R","BOSS","M","?","M","$","?","R","E","M","T","M","?","R","M","?","R","BOSS","BOSS","M","?","M","$","M","E","R","M","T","?","M","?","R","E","R","BOSS"],"build_version":"2019-09-18","purchased_purges":2,"victory":true,"max_hp_per_floor":[65,65,65,65,65,65,65,65,65,65,65,65,65,65,65,65,65,65,65,65,65,65,65,65,65,65,65,65,65,65,65,65,65,65,65,65,65,65,65,65,65,65,65,65,65,65,65,65,65,65],"card_choices":[{"not_picked":["FollowUp","Perseverance"],"picked":"Consecrate","floor":1.0},{"not_picked":["Sanctity","Conclude"],"picked":"FearNoEvil","floor":3.0},{"not_picked":["BowlingBash","TalkToTheHand"],"picked":"DeceiveReality","floor":6.0},{"not_picked":["CleanseEvil","JustLucky"],"picked":"Perseverance","floor":7.0},{"not_picked":["Consecrate","Scrawl"],"picked":"MentalFortress","floor":8.0},{"not_picked":["BowlingBash","ClearTheMind"],"picked":"Protect","floor":11.0},{"not_picked":["FollowUp","Swivel"],"picked":"EmptyBody","floor":12.0},{"not_picked":["CrushJoints","ClearTheMind"],"picked":"EmptyMind","floor":18.0},{"not_picked":["EmptyBody+1","JustLucky"],"picked":"Consecrate","floor":20.0},{"not_picked":["CutThroughFate","FlyingSleeves"],"picked":"FearNoEvil+1","floor":24.0},{"not_picked":["FollowUp","Swivel","JustLucky"],"picked":"SKIP","floor":25.0},{"not_picked":["Weave","ReachHeaven"],"picked":"InnerPeace","floor":27.0},{"not_picked":["Halt","Meditate","WreathOfFlame"],"picked":"SKIP","floor":28.0},{"not_picked":["Establishment","Halt+1","Weave"],"picked":"SKIP","floor":30.0},{"not_picked":["Wish","Nirvana"],"picked":"Adaptation","floor":33},{"not_picked":["EmptyFist","CutThroughFate+1"],"picked":"Worship","floor":35},{"not_picked":["Sanctity","CrushJoints+1"],"picked":"FlowState","floor":37},{"not_picked":["ThirdEye","Consecrate+1","Ragnarok"],"picked":"SKIP","floor":39},{"not_picked":["SashWhip","Halt"],"picked":"Alpha","floor":40},{"not_picked":["Protect","Crescendo","CrushJoints"],"picked":"SKIP","floor":42},{"not_picked":["Protect","Halt","EmptyFist"],"picked":"SKIP","floor":44},{"not_picked":["FollowUp+1","Perseverance","Weave"],"picked":"SKIP","floor":45},{"not_picked":["CrushJoints+1","TalkToTheHand"],"picked":"SashWhip+1","floor":48}],"player_experience":1812066,"relics_obtained":[{"floor":6.0,"key":"Bronze Scales"},{"floor":8.0,"key":"CaptainsWheel"},{"floor":9.0,"key":"HornCleat"},{"floor":12.0,"key":"Orichalcum"},{"floor":24.0,"key":"Lizard Tail"},{"floor":26.0,"key":"Tiny Chest"},{"floor":31.0,"key":"Nilry\u0027s Codex"},{"floor":40,"key":"Regal Pillow"},{"floor":43,"key":"Eternal Feather"},{"floor":48,"key":"Happy Flower"}],"event_choices":[{"damage_healed":0.0,"max_hp_gain":0.0,"max_hp_loss":0.0,"gold_gain":0.0,"event_name":"Upgrade Shrine","player_choice":"Upgraded","floor":2.0,"gold_loss":0.0,"damage_taken":0.0,"cards_upgraded":["Eruption"]},{"damage_healed":0.0,"max_hp_gain":0.0,"max_hp_loss":0.0,"gold_gain":0.0,"event_name":"Accursed Blacksmith","player_choice":"Forge","floor":5.0,"gold_loss":0.0,"damage_taken":0.0,"cards_upgraded":["Consecrate"]},{"damage_healed":0.0,"max_hp_gain":0.0,"max_hp_loss":0.0,"gold_gain":0.0,"event_name":"Shining Light","player_choice":"Entered Light","floor":14.0,"gold_loss":0.0,"damage_taken":13.0,"cards_upgraded":["Protect","Strike_P"]},{"damage_healed":0.0,"max_hp_gain":0.0,"max_hp_loss":0.0,"gold_gain":0.0,"event_name":"Back to Basics","player_choice":"Simplicity","floor":19.0,"gold_loss":0.0,"damage_taken":0.0,"cards_upgraded":["Strike_P","Strike_P","Defend_P","Defend_P","Defend_P"]},{"damage_healed":0.0,"max_hp_gain":0.0,"max_hp_loss":0.0,"gold_gain":0.0,"event_name":"Match and Keep!","player_choice":"0 cards matched","floor":22.0,"gold_loss":0.0,"damage_taken":0.0,"cards_obtained":[]},{"damage_healed":0.0,"max_hp_gain":0.0,"max_hp_loss":0.0,"gold_gain":0.0,"event_name":"Cursed Tome","player_choice":"Obtained Book","floor":31.0,"gold_loss":0.0,"damage_taken":16.0},{"damage_healed":0,"gold_gain":0,"player_choice":"Upgraded","damage_taken":0,"max_hp_gain":0,"max_hp_loss":0,"event_name":"Upgrade Shrine","floor":36,"gold_loss":0,"cards_upgraded":["Worship"]},{"damage_healed":0,"gold_gain":0,"cards_transformed":["Strike_P"],"player_choice":"Transformed","damage_taken":0,"max_hp_gain":0,"max_hp_loss":0,"event_name":"Transmorgrifier","floor":46,"gold_loss":0,"cards_obtained":["ReachHeaven"]}],"is_beta":true,"boss_relics":[{"not_picked":["Calling Bell","Cursed Key"],"picked":"HolyWater"},{"not_picked":["Pandora\u0027s Box","Velvet Choker"],"picked":"Runic Pyramid"}],"items_purged_floors":[4,13],"is_endless":false,"potions_floor_spawned":[6,11,16,25,27,30,33,35,45],"ascension_level":13}