{"gold_per_floor":[113,288,305,0,19,19,38,38,61,61,93,93,127,154,154,254,254,271,283,19,29,0,0,0,0,0,26,26,41,70,83,83,83],"floor_reached":33,"playtime":2878,"items_purged":["Doubt","Strike_P"],"score":454,"play_id":"44ff02bb-1dac-4356-b05f-c5d79504330f","local_time":"20190916203159","is_ascension_mode":true,"campfire_choices":[{"data":"CrushJoints","floor":6.0,"key":"SMITH"},{"data":"EmptyFist","floor":8.0,"key":"SMITH"},{"floor":10.0,"key":"REST"},{"data":"WindmillStrike","floor":15.0,"key":"SMITH"},{"data":"Apotheosis","floor":23.0,"key":"SMITH"},{"data":"MentalFortress","floor":25.0,"key":"SMITH"},{"data":"Protect","floor":28.0,"key":"SMITH"},{"data":"EmptyMind","floor":32.0,"key":"SMITH"}],"neow_cost":"NONE","seed_source_timestamp":0,"circlet_count":0,"master_deck":["Strike_P","Strike_P","Defend_P","Defend_P","Defend_P","Defend_P","Eruption","Vigilance","EmptyFist+1","Meditate","CrushJoints+1","MentalFortress+1","Crescendo","WindmillStrike+1","Protect+1","EmptyMind+1","Apotheosis+1","FlurryOfBlows","Protect+1","FearNoEvil","Vengeance"],"special_seed":0,"relics":["PureWater","PreservedInsect","Dream Catcher","Potion Belt","Art of War","Melange","Coffee Dripper","Pear","Bottled Flame","TeardropLocket"],"potions_floor_usage":[],"damage_taken":[{"damage":3.0,"enemies":"Small Slimes","floor":1.0,"turns":3.0},{"damage":2.0,"enemies":"Jaw Worm","floor":3.0,"turns":3.0},{"damage":0.0,"enemies":"Cultist","floor":5.0,"turns":3.0},{"damage":9.0,"enemies":"3 Louse","floor":7.0,"turns":5.0},{"damage":0.0,"enemies":"3 Sentries","floor":11.0,"turns":7.0},{"damage":13.0,"enemies":"Gremlin Nob","floor":13.0,"turns":3.0},{"damage":16.0,"enemies":"The Guardian","floor":16.0,"turns":10.0},{"damage":19.0,"enemies":"2 Thieves","floor":18.0,"turns":4.0},{"damage":7.0,"enemies":"Shell Parasite","floor":19.0,"turns":6.0},{"damage":1.0,"enemies":"Centurion and Healer","floor":21.0,"turns":6.0},{"damage":13.0,"enemies":"Gremlin Leader","floor":27.0,"turns":6.0},{"damage":1.0,"enemies":"Sentry and Sphere","floor":29.0,"turns":6.0},{"damage":3.0,"enemies":"Book of Stabbing","floor":30.0,"turns":3.0},{"damage":9.0,"enemies":"Snecko","floor":31.0,"turns":5.0},{"damage":21,"enemies":"Champ","floor":33,"turns":9}],"seed_played":"-7982615880106596415","potions_obtained":[{"floor":1.0,"key":"PowerPotion"},{"floor":13.0,"key":"LiquidBronze"},{"floor":18.0,"key":"SteroidPotion"},{"floor":19.0,"key":"FearPotion"},{"floor":27.0,"key":"AttackPotion"},{"floor":31.0,"key":"SpeedPotion"}],"is_trial":false,"path_per_floor":["M","?","M","$","M","R","M","R","T","R","E","?","E","T","R","B",null,"M","M","$","M","?","R","?","R","T","E","R","M","E","M","R","B"],"character_chosen":"WATCHER","items_purchased":["PreservedInsect","Meditate","Apotheosis"],"campfire_rested":1,"item_purchase_floors":[4,4,20],"current_hp_per_floor":[56,56,54,54,54,54,45,45,45,64,64,69,56,56,56,40,63,44,37,37,36,36,36,36,36,46,33,33,32,29,20,20,0],"gold":83,"neow_bonus":"REMOVE_CARD","is_prod":false,"is_daily":false,"chose_seed":false,"campfire_upgraded":7,"win_rate":0,"timestamp":1568662319,"path_taken":["M","?","M","$","M","R","M","R","T","R","E","?","E","?","R","BOSS","M","?","$","M","?","R","?","R","T","E","R","M","E","?","R","BOSS"],"build_version":"2019-09-12","purchased_purges":2,"victory":false,"max_hp_per_floor":[65,65,65,65,65,65,65,65,65,65,65,70,70,70,70,70,70,70,70,70,70,70,70,70,70,80,80,80,80,80,80,80,80],"card_choices":[{"not_picked":["CleanseEvil","Perseverance","Devotion"],"picked":"SKIP","floor":1.0},{"not_picked":["ForeignInfluence","FlyingSleeves"],"picked":"EmptyFist","floor":3.0},{"not_picked":["Establishment","Fasting"],"picked":"CrushJoints","floor":5.0},{"not_picked":["ClearTheMind","Omniscience","JustLucky"],"picked":"SKIP","floor":7.0},{"not_picked":["BowlingBash","ClearTheMind"],"picked":"MentalFortress","floor":10.0},{"not_picked":["FlyingSleeves","Prostrate"],"picked":"Crescendo","floor":11.0},{"not_picked":["WreathOfFlame","Omniscience"],"picked":"WindmillStrike","floor":13.0},{"not_picked":["JustLucky","FollowUp+1"],"picked":"Protect","floor":18.0},{"not_picked":["MentalFortress","ClearTheMind"],"picked":"EmptyMind","floor":19.0},{"not_picked":["CrushJoints","BowlingBash"],"picked":"FlurryOfBlows","floor":21.0},{"not_picked":["Crescendo","Weave+1"],"picked":"Protect+1","floor":27.0},{"not_picked":["JustLucky","MentalFortress"],"picked":"FearNoEvil","floor":29.0},{"not_picked":["JustLucky+1","FearNoEvil","Perseverance"],"picked":"SKIP","floor":30.0},{"not_picked":["Clarity","FlyingSleeves+1"],"picked":"Vengeance","floor":31.0}],"player_experience":1755814,"relics_obtained":[{"floor":9.0,"key":"Dream Catcher"},{"floor":11.0,"key":"Potion Belt"},{"floor":13.0,"key":"Art of War"},{"floor":14.0,"key":"Melange"},{"floor":26.0,"key":"Pear"},{"floor":27.0,"key":"Bottled Flame"},{"floor":30.0,"key":"TeardropLocket"}],"event_choices":[{"damage_healed":0.0,"max_hp_gain":0.0,"max_hp_loss":0.0,"gold_gain":175.0,"event_name":"Liars Game","player_choice":"AGREE","floor":2.0,"gold_loss":0.0,"damage_taken":0.0,"cards_obtained":["Doubt"]},{"damage_healed":0.0,"max_hp_gain":5.0,"max_hp_loss":0.0,"gold_gain":0.0,"event_name":"Big Fish","player_choice":"Donut","floor":12.0,"gold_loss":0.0,"damage_taken":0.0},{"damage_healed":0.0,"max_hp_gain":0.0,"max_hp_loss":0.0,"gold_gain":0.0,"event_name":"Masked Bandits","player_choice":"Paid Fearfully","floor":22.0,"gold_loss":29.0,"damage_taken":0.0},{"damage_healed":0.0,"max_hp_gain":0.0,"max_hp_loss":0.0,"gold_gain":0.0,"event_name":"Match and Keep!","player_choice":"0 cards matched","floor":24.0,"gold_loss":0.0,"damage_taken":0.0,"cards_obtained":[]}],"is_beta":true,"boss_relics":[{"not_picked":["Busted Crown","Runic Dome"],"picked":"Coffee Dripper"}],"items_purged_floors":[4,20],"is_endless":false,"potions_floor_spawned":[1,13,18,19,27,31],"killed_by":"Champ","ascension_level":7}