{"gold_per_floor":[109,36,111,111,121,121,137,137,137,137,49,49,85,98,98,226,226,241,265,265,285,285,285,320,320,320,320],"floor_reached":27,"playtime":1408,"items_purged":[],"score":300,"play_id":"ac1a8cf1-7fcf-4445-8658-de7d5e4142d3","local_time":"20190915203222","is_ascension_mode":true,"campfire_choices":[{"data":"Conclude","floor":6.0,"key":"SMITH"},{"floor":8.0,"key":"REST"},{"floor":12.0,"key":"REST"},{"data":"FlurryOfBlows","floor":15.0,"key":"SMITH"},{"floor":23,"key":"REST"},{"floor":25,"key":"REST"}],"neow_cost":"TEN_PERCENT_HP_LOSS","seed_source_timestamp":0,"circlet_count":0,"master_deck":["Strike_P","Strike_P","Strike_P","Strike_P","Defend_P","Defend_P","Defend_P","Defend_P","Eruption","Vigilance","CrushJoints","FlurryOfBlows+1","Conclude+1","Adaptation","MentalFortress","BowlingBash","Meditate","Ragnarok","EmptyFist","FlurryOfBlows+1"],"special_seed":0,"relics":["PureWater","Peace Pipe","Potion Belt","Turnip","Golden Idol","Akabeko","VioletLotus","Orichalcum","Mercury Hourglass"],"potions_floor_usage":[19,20,24],"damage_taken":[{"damage":1.0,"enemies":"Cultist","floor":1.0,"turns":5.0},{"damage":0.0,"enemies":"Jaw Worm","floor":5.0,"turns":4.0},{"damage":0.0,"enemies":"Small Slimes","floor":7.0,"turns":2.0},{"damage":14.0,"enemies":"Lagavulin","floor":13.0,"turns":7.0},{"damage":0.0,"enemies":"3 Louse","floor":14.0,"turns":2.0},{"damage":6.0,"enemies":"Slime Boss","floor":16.0,"turns":6.0},{"damage":19,"enemies":"Spheric Guardian","floor":18,"turns":5},{"damage":4,"enemies":"Shell Parasite","floor":19,"turns":4},{"damage":0,"enemies":"Snecko","floor":20,"turns":3},{"damage":18,"enemies":"3 Cultists","floor":21,"turns":5},{"damage":20,"enemies":"Book of Stabbing","floor":24,"turns":3},{"damage":24,"enemies":"Snake Plant","floor":27,"turns":4}],"seed_played":"7588186190731873972","potions_obtained":[{"floor":1.0,"key":"Ancient Potion"},{"floor":14.0,"key":"FearPotion"},{"floor":16.0,"key":"SteroidPotion"},{"floor":18,"key":"SmokeBomb"},{"floor":21,"key":"StancePotion"}],"is_trial":false,"path_per_floor":["M","$","?","?","M","R","M","R","T","?","$","R","E","M","R","B",null,"M","M","M","M","?","R","E","R","T","M"],"character_chosen":"WATCHER","items_purchased":["FlurryOfBlows","MentalFortress","Poison Potion"],"campfire_rested":4,"item_purchase_floors":[2,11,11],"current_hp_per_floor":[58,58,47,14,14,14,14,31,31,31,31,47,33,33,33,27,48,29,25,25,7,7,23,3,19,19,0],"gold":320,"neow_bonus":"ONE_RARE_RELIC","is_prod":false,"is_daily":false,"chose_seed":false,"campfire_upgraded":2,"win_rate":0,"timestamp":1568575942,"path_taken":["M","?","?","?","M","R","M","R","T","?","$","R","E","M","R","BOSS","M","M","M","M","?","R","E","R","T","M"],"build_version":"2019-09-12","purchased_purges":0,"victory":false,"max_hp_per_floor":[59,59,59,59,59,59,59,59,59,55,55,55,55,55,55,55,55,55,55,55,55,55,55,55,55,55,55],"card_choices":[{"not_picked":["Collect","FollowUp"],"picked":"CrushJoints","floor":1.0},{"not_picked":["Crescendo","Fasting"],"picked":"Conclude","floor":5.0},{"not_picked":["Prostrate","Crescendo"],"picked":"Adaptation","floor":7.0},{"not_picked":["CutThroughFate","Unraveling"],"picked":"BowlingBash","floor":13.0},{"not_picked":["FlurryOfBlows","Weave"],"picked":"Meditate","floor":14.0},{"not_picked":["BattleHymn","MasterReality"],"picked":"Ragnarok","floor":16.0},{"not_picked":["ThirdEye","Protect"],"picked":"EmptyFist","floor":18},{"not_picked":["FlyingSleeves","Weave","MentalFortress"],"picked":"SKIP","floor":19},{"not_picked":["EmptyFist","SandsOfTime","CrushJoints+1"],"picked":"SKIP","floor":21},{"not_picked":["LessonLearned","ClearTheMind","Halt+1"],"picked":"SKIP","floor":24}],"player_experience":1747857,"relics_obtained":[{"floor":9.0,"key":"Turnip"},{"floor":13.0,"key":"Akabeko"},{"floor":24,"key":"Orichalcum"},{"floor":26,"key":"Mercury Hourglass"}],"event_choices":[{"damage_healed":0.0,"max_hp_gain":0.0,"max_hp_loss":0.0,"gold_gain":75.0,"event_name":"World of Goop","player_choice":"Gather Gold","floor":3.0,"gold_loss":0.0,"damage_taken":11.0},{"damage_healed":0.0,"max_hp_gain":0.0,"max_hp_loss":0.0,"gold_gain":0.0,"event_name":"Scrap Ooze","player_choice":"Success","floor":4.0,"gold_loss":0.0,"damage_taken":33.0,"relics_obtained":["Potion Belt"]},{"damage_healed":0.0,"max_hp_gain":0.0,"max_hp_loss":4.0,"gold_gain":0.0,"event_name":"Golden Idol","player_choice":"Lose Max HP","floor":10.0,"gold_loss":0.0,"damage_taken":0.0,"relics_obtained":["Golden Idol"]},{"damage_healed":0,"gold_gain":0,"player_choice":"Copied","damage_taken":0,"max_hp_gain":0,"max_hp_loss":0,"event_name":"Duplicator","floor":22,"gold_loss":0,"cards_obtained":["FlurryOfBlows"]}],"is_beta":true,"boss_relics":[{"not_picked":["Snecko Eye","Calling Bell"],"picked":"VioletLotus"}],"items_purged_floors":[],"is_endless":false,"potions_floor_spawned":[1,14,16,18,21],"killed_by":"Snake Plant","ascension_level":6}