{"gold_per_floor":[113,132,146,156,156,156,189,203,230,49,49,75,75,75,75,172,172,183,183,197,61,61,61,92,92,92,92,106,126,126,142,142,247,247,265,365,365,379,379,379,395,428,428,52,52,52,67,101,101,101],"floor_reached":51,"playtime":3926,"items_purged":["Strike_P","Strike_P","Regret"],"score":861,"play_id":"aa01a33f-0d2d-47fb-be4a-0899a509ac25","local_time":"20190913001931","is_ascension_mode":true,"campfire_choices":[{"data":"Judgement","floor":6,"key":"SMITH"},{"data":"Establishment","floor":11,"key":"SMITH"},{"data":"EmptyFist","floor":15,"key":"SMITH"},{"data":"DevaForm","floor":23,"key":"SMITH"},{"data":"Eruption","floor":25,"key":"SMITH"},{"data":"InnerPeace","floor":27,"key":"SMITH"},{"floor":30,"key":"REST"},{"data":"ForeignInfluence","floor":32,"key":"SMITH"},{"floor":40,"key":"REST"},{"data":"CrushJoints","floor":45,"key":"SMITH"},{"floor":49,"key":"REST"}],"neow_cost":"NONE","seed_source_timestamp":77480589126600,"circlet_count":0,"master_deck":["Strike_P","Defend_P","Defend_P","Vigilance+1","Judgement+1","Perseverance+1","InnerPeace+1","ForeignInfluence+1","EmptyFist+1","Establishment+1","Adaptation","CleanseEvil+1","Worship+1","Protect+1","DevaForm+1","ForeignInfluence+1","FlyingSleeves+1","DeceiveReality+1","FlurryOfBlows+1","Crescendo+1","Wish+1","CrushJoints+1","Collect+1"],"relics":["PureWater","Toxic Egg 2","MawBank","War Paint","Bronze Scales","Cursed Key","Kunai","Sozu","Ice Cream","Mummified Hand","Ornamental Fan","Blue Candle"],"potions_floor_usage":[7,16,50,50,50],"damage_taken":[{"damage":0,"enemies":"Cultist","floor":1,"turns":2},{"damage":0,"enemies":"2 Louse","floor":2,"turns":2},{"damage":0,"enemies":"Small Slimes","floor":3,"turns":1},{"damage":1,"enemies":"Looter","floor":4,"turns":4},{"damage":4,"enemies":"Gremlin Nob","floor":7,"turns":3},{"damage":7,"enemies":"2 Fungi Beasts","floor":8,"turns":3},{"damage":0,"enemies":"Lagavulin","floor":12,"turns":5},{"damage":22,"enemies":"The Guardian","floor":16,"turns":8},{"damage":0,"enemies":"Chosen","floor":18,"turns":3},{"damage":5,"enemies":"Shell Parasite","floor":20,"turns":4},{"damage":0,"enemies":"Book of Stabbing","floor":24,"turns":3},{"damage":23,"enemies":"Centurion and Healer","floor":28,"turns":5},{"damage":0,"enemies":"Snake Plant","floor":29,"turns":2},{"damage":0,"enemies":"Cultist and Chosen","floor":31,"turns":4},{"damage":0,"enemies":"Automaton","floor":33,"turns":9},{"damage":16,"enemies":"Orb Walker","floor":35,"turns":3},{"damage":0,"enemies":"Mind Bloom Boss Battle","floor":36,"turns":5},{"damage":0,"enemies":"3 Shapes","floor":38,"turns":3},{"damage":0,"enemies":"Jaw Worm Horde","floor":41,"turns":5},{"damage":10,"enemies":"Giant Head","floor":42,"turns":6},{"damage":0,"enemies":"3 Darklings","floor":47,"turns":4},{"damage":10,"enemies":"Reptomancer","floor":48,"turns":4},{"damage":28,"enemies":"Donu and Deca","floor":50,"turns":5}],"seed_played":"1268152460794135559","potions_obtained":[{"floor":1,"key":"DuplicationPotion"},{"floor":4,"key":"Block Potion"},{"floor":7,"key":"SkillPotion"},{"floor":12,"key":"EssenceOfSteel"},{"floor":24,"key":"Strength Potion"},{"floor":29,"key":"Dexterity Potion"}],"is_trial":false,"path_per_floor":["M","M","M","M","?","R","E","M","T","$","R","E","$","?","R","B",null,"M","?","M","$","?","R","E","R","T","R","M","M","R","M","R","B",null,"M","?","?","M","?","R","M","E","T","$","R","?","M","E","R","B",null],"character_chosen":"WATCHER","items_purchased":["Adaptation","CleanseEvil+1","DeceiveReality+1","Ornamental Fan"],"campfire_rested":3,"item_purchase_floors":[10,10,21,44],"current_hp_per_floor":[65,65,65,64,57,57,53,46,46,46,46,46,46,39,39,17,65,65,65,60,60,60,60,60,60,60,60,37,37,56,56,56,56,65,49,49,49,49,49,62,62,52,52,52,52,47,47,37,55,27],"gold":101,"neow_bonus":"ONE_RANDOM_RARE_CARD","is_prod":false,"is_daily":false,"chose_seed":false,"campfire_upgraded":8,"win_rate":0,"timestamp":1568330371,"path_taken":["M","M","?","M","?","R","E","M","T","$","R","E","$","?","R","BOSS","M","?","M","$","?","R","E","R","T","R","M","M","R","M","R","BOSS","M","?","?","M","?","R","M","E","T","$","R","?","M","E","R","BOSS"],"build_version":"2019-09-11v2","purchased_purges":3,"victory":true,"max_hp_per_floor":[65,65,65,65,65,65,65,65,65,65,65,65,65,65,65,65,65,65,65,65,65,65,65,65,65,65,65,65,65,65,65,65,65,65,65,65,62,62,62,62,62,62,62,62,62,62,62,62,62,62],"card_choices":[{"not_picked":["CleanseEvil","Halt"],"picked":"Perseverance","floor":1},{"not_picked":["EmptyBody","Clarity"],"picked":"InnerPeace","floor":2},{"not_picked":["Sanctity","WindmillStrike"],"picked":"ForeignInfluence","floor":3},{"not_picked":["FollowUp","JustLucky"],"picked":"EmptyFist","floor":4},{"not_picked":["SignatureMove","CutThroughFate"],"picked":"Establishment","floor":7},{"not_picked":["CutThroughFate","EmptyFist","Clarity+1"],"picked":"SKIP","floor":8},{"not_picked":["WreathOfFlame+1","Conclude"],"picked":"Worship+1","floor":12},{"not_picked":["CrushJoints","WaveOfTheHand+1"],"picked":"Protect+1","floor":18},{"not_picked":["Conclude","Consecrate"],"picked":"FlyingSleeves+1","floor":20},{"not_picked":["Sanctity+1","TalkToTheHand","BowlingBash"],"picked":"SKIP","floor":24},{"not_picked":["ThirdEye+1","Devotion+1"],"picked":"FlurryOfBlows+1","floor":28},{"not_picked":["EmptyMind+1","CutThroughFate"],"picked":"Crescendo+1","floor":29},{"not_picked":["Omniscience+1","Establishment+1","FollowUp"],"picked":"SKIP","floor":31},{"not_picked":["Nirvana","DevaForm"],"picked":"Wish+1","floor":33},{"not_picked":["EmptyMind+1","Sanctity+1","Weave+1"],"picked":"SKIP","floor":35},{"not_picked":["Halt+1","Scrawl+1","ForeignInfluence+1"],"picked":"SKIP","floor":38},{"not_picked":["Protect+1","Worship+1","Fasting"],"picked":"SKIP","floor":41},{"not_picked":["SignatureMove","Worship+1"],"picked":"CrushJoints","floor":42},{"not_picked":["Fasting","Swivel+1"],"picked":"Collect+1","floor":47},{"not_picked":["SandsOfTime","Conclude+1","Protect+1"],"picked":"SKIP","floor":48}],"player_experience":1697958,"relics_obtained":[{"floor":7,"key":"Toxic Egg 2"},{"floor":9,"key":"MawBank"},{"floor":12,"key":"War Paint"},{"floor":24,"key":"Kunai"},{"floor":36,"key":"Ice Cream"},{"floor":42,"key":"Mummified Hand"},{"floor":48,"key":"Blue Candle"}],"event_choices":[{"cards_removed":["Defend_P"],"damage_healed":0,"gold_gain":0,"player_choice":"Card Removal","damage_taken":7,"max_hp_gain":0,"max_hp_loss":0,"event_name":"Golden Wing","floor":5,"gold_loss":0},{"damage_healed":0,"gold_gain":0,"player_choice":"Success","damage_taken":7,"relics_obtained":["Bronze Scales"],"max_hp_gain":0,"max_hp_loss":0,"event_name":"Scrap Ooze","floor":14,"gold_loss":0},{"damage_healed":0,"gold_gain":0,"cards_transformed":["Strike_P","Defend_P"],"player_choice":"Became Test Subject","damage_taken":0,"max_hp_gain":0,"max_hp_loss":0,"event_name":"Drug Dealer","floor":19,"gold_loss":0,"cards_obtained":["DevaForm","ForeignInfluence"]},{"damage_healed":0,"gold_gain":0,"player_choice":"Ignored","damage_taken":0,"max_hp_gain":0,"max_hp_loss":0,"event_name":"The Mausoleum","floor":22,"gold_loss":0},{"damage_healed":0,"gold_gain":0,"player_choice":"Fight","damage_taken":0,"max_hp_gain":0,"max_hp_loss":0,"event_name":"MindBloom","floor":36,"gold_loss":0},{"damage_healed":0,"gold_gain":0,"player_choice":"Max HP","damage_taken":0,"max_hp_gain":0,"max_hp_loss":3,"event_name":"Winding Halls","floor":37,"gold_loss":0},{"cards_removed":["Eruption"],"damage_healed":0,"gold_gain":0,"player_choice":"Removed Attack","damage_taken":0,"max_hp_gain":0,"max_hp_loss":0,"event_name":"Falling","floor":39,"gold_loss":0},{"damage_healed":0,"gold_gain":0,"player_choice":"Memory 2","damage_taken":5,"max_hp_gain":0,"max_hp_loss":0,"event_name":"SensoryStone","floor":46,"gold_loss":0}],"is_beta":true,"boss_relics":[{"not_picked":["Velvet Choker","Empty Cage"],"picked":"Cursed Key"},{"not_picked":["Black Star","Astrolabe"],"picked":"Sozu"}],"items_purged_floors":[10,21,44],"is_endless":false,"potions_floor_spawned":[1,4,7,12,24,29,33,35,42,48],"ascension_level":2}