{"gold_per_floor":[119,133,148,98,23,51,51,70,70,70,70,86,117,117,117,217,217,229,247,247,247,73,84,84,100,100,132,132,132],"floor_reached":29,"playtime":2548,"items_purged":["Strike_P","Decay"],"score":253,"play_id":"2e63e0e3-1978-4706-ac9d-f475ebedcaa6","local_time":"20190911235456","is_ascension_mode":false,"campfire_choices":[{"data":"EmptyFist","floor":7.0,"key":"SMITH"},{"floor":11.0,"key":"REST"},{"floor":15.0,"key":"REST"},{"floor":24.0,"key":"REST"},{"floor":28.0,"key":"REST"}],"neow_cost":"NONE","seed_source_timestamp":0,"circlet_count":0,"master_deck":["Strike_P","Strike_P","Defend_P","Defend_P","Defend_P","Eruption","Vigilance","CutThroughFate","CutThroughFate","Sanctity","EmptyFist+1","ThirdEye","Evaluate","Weave","DevaForm","Alpha","TalkToTheHand","Swivel+1"],"special_seed":0,"relics":["PureWater","Gambling Chip","Mercury Hourglass","Bottled Lightning","Darkstone Periapt","SlaversCollar","Eternal Feather","Matryoshka"],"potions_floor_usage":[],"damage_taken":[{"damage":0.0,"enemies":"Cultist","floor":1.0,"turns":2.0},{"damage":1.0,"enemies":"Jaw Worm","floor":2.0,"turns":2.0},{"damage":0.0,"enemies":"Small Slimes","floor":3.0,"turns":2.0},{"damage":41.0,"enemies":"3 Sentries","floor":6.0,"turns":10.0},{"damage":9.0,"enemies":"Exordium Thugs","floor":8.0,"turns":3.0},{"damage":0.0,"enemies":"Looter","floor":12.0,"turns":1.0},{"damage":8.0,"enemies":"Gremlin Nob","floor":13.0,"turns":3.0},{"damage":21.0,"enemies":"The Guardian","floor":16.0,"turns":17.0},{"damage":26.0,"enemies":"2 Thieves","floor":18.0,"turns":4.0},{"damage":34.0,"enemies":"3 Byrds","floor":19.0,"turns":4.0},{"damage":4.0,"enemies":"Shelled Parasite and Fungi","floor":23.0,"turns":9.0},{"damage":0.0,"enemies":"Centurion and Healer","floor":25.0,"turns":5.0},{"damage":22.0,"enemies":"Book of Stabbing","floor":27.0,"turns":8.0},{"damage":38,"enemies":"3 Cultists","floor":29,"turns":3}],"seed_played":"840359526115317219","potions_obtained":[{"floor":2.0,"key":"GamblersBrew"},{"floor":16.0,"key":"SkillPotion"},{"floor":18.0,"key":"PowerPotion"},{"floor":19.0,"key":"SteroidPotion"},{"floor":27.0,"key":"SteroidPotion"}],"is_trial":false,"path_per_floor":["M","M","M","?","$","E","R","M","T","$","R","M","E","T","R","B",null,"M","M","?","?","$","M","R","M","T","E","R","M"],"character_chosen":"WATCHER","items_purchased":["DuplicationPotion"],"campfire_rested":4,"item_purchase_floors":[22],"current_hp_per_floor":[65,64,64,64,64,23,23,14,14,14,33,33,25,25,44,23,65,39,5,5,11,11,7,28,28,28,6,36,0],"gold":132,"neow_bonus":"TRANSFORM_CARD","is_prod":false,"is_daily":false,"chose_seed":false,"campfire_upgraded":1,"win_rate":0.0,"timestamp":1568242496,"path_taken":["M","M","?","?","$","E","R","M","T","$","R","M","E","?","R","BOSS","M","M","?","?","$","M","R","M","T","E","R","M"],"build_version":"2019-09-10","purchased_purges":2,"victory":false,"max_hp_per_floor":[65,65,65,65,65,65,65,65,65,65,65,65,65,65,65,65,65,65,65,65,71,71,71,71,71,71,71,71,71],"card_choices":[{"not_picked":["FlyingSleeves","BowlingBash"],"picked":"CutThroughFate","floor":1.0},{"not_picked":["ClearTheMind","BowlingBash"],"picked":"Sanctity","floor":2.0},{"not_picked":["Consecrate","EmptyMind"],"picked":"EmptyFist","floor":3.0},{"not_picked":["Ragnarok","ClearTheMind"],"picked":"ThirdEye","floor":6.0},{"not_picked":["CutThroughFate","Adaptation"],"picked":"Evaluate","floor":8.0},{"not_picked":["InnerPeace","Adaptation"],"picked":"Weave","floor":12.0},{"not_picked":["InnerPeace","ForeignInfluence"],"picked":"DevaForm","floor":13.0},{"not_picked":["Nirvana","DevaForm"],"picked":"Alpha","floor":16.0},{"not_picked":["CrushJoints","FlyingSleeves"],"picked":"TalkToTheHand","floor":18.0},{"not_picked":["CarveReality","Prostrate","Halt"],"picked":"SKIP","floor":19.0},{"not_picked":["BowlingBash","Prostrate","Halt+1"],"picked":"SKIP","floor":23.0},{"not_picked":["Fasting","Halt+1","EmptyMind"],"picked":"SKIP","floor":25.0},{"not_picked":["EmptyMind","ThirdEye+1"],"picked":"Swivel+1","floor":27.0}],"player_experience":1682541,"relics_obtained":[{"floor":6.0,"key":"Gambling Chip"},{"floor":9.0,"key":"Mercury Hourglass"},{"floor":13.0,"key":"Bottled Lightning"},{"floor":14.0,"key":"Darkstone Periapt"},{"floor":26.0,"key":"Eternal Feather"},{"floor":27.0,"key":"Matryoshka"}],"event_choices":[{"cards_removed":["Strike_P"],"damage_healed":0.0,"max_hp_gain":0.0,"max_hp_loss":0.0,"gold_gain":0.0,"event_name":"The Cleric","player_choice":"Card Removal","floor":4.0,"gold_loss":50.0,"damage_taken":0.0},{"damage_healed":0.0,"max_hp_gain":0.0,"max_hp_loss":0.0,"gold_gain":0.0,"event_name":"Cursed Tome","player_choice":"Ignored","floor":20.0,"gold_loss":0.0,"damage_taken":0.0},{"damage_healed":0.0,"max_hp_gain":0.0,"max_hp_loss":0.0,"gold_gain":0.0,"event_name":"Forgotten Altar","player_choice":"Smashed Altar","floor":21.0,"gold_loss":0.0,"damage_taken":0.0,"cards_obtained":["Decay"]}],"is_beta":true,"boss_relics":[{"not_picked":["Sozu","Astrolabe"],"picked":"SlaversCollar"}],"items_purged_floors":[5,22],"is_endless":false,"potions_floor_spawned":[2,16,18,19,27],"killed_by":"3 Cultists","ascension_level":0}