{"gold_per_floor":[211,221,36,36,53,53,74,100,100,100],"floor_reached":10,"playtime":748,"items_purged":["Strike_P"],"score":96,"play_id":"ce06fddd-c503-48c5-9034-38ad54208942","local_time":"20190918124547","is_ascension_mode":true,"campfire_choices":[{"data":"Conclude","floor":6,"key":"SMITH"}],"neow_cost":"NONE","seed_source_timestamp":557451445918799,"circlet_count":0,"master_deck":["Strike_P","Strike_P","Strike_P","Defend_P","Defend_P","Defend_P","Defend_P","Eruption","Vigilance","CutThroughFate","Wallop","Conclude+1","Establishment","EmptyFist","Judgement"],"relics":["PureWater","Kunai","Odd Mushroom","Anchor","Matryoshka"],"potions_floor_usage":[],"damage_taken":[{"damage":7,"enemies":"Jaw Worm","floor":1,"turns":6},{"damage":0,"enemies":"2 Louse","floor":2,"turns":4},{"damage":0,"enemies":"Cultist","floor":5,"turns":3},{"damage":7,"enemies":"The Mushroom Lair","floor":7,"turns":4},{"damage":23,"enemies":"3 Sentries","floor":8,"turns":9},{"damage":12,"enemies":"Lagavulin","floor":10,"turns":5}],"seed_played":"7257547672109356277","potions_obtained":[{"floor":2,"key":"Energy Potion"}],"is_trial":false,"path_per_floor":["M","M","$","?","M","R","?","E","T","E"],"character_chosen":"WATCHER","items_purchased":["Conclude","Establishment"],"campfire_rested":0,"item_purchase_floors":[3,3],"current_hp_per_floor":[52,52,52,40,40,40,33,10,10,0],"gold":100,"neow_bonus":"HUNDRED_GOLD","is_prod":false,"is_daily":false,"chose_seed":false,"campfire_upgraded":1,"win_rate":0,"timestamp":1568807147,"path_taken":["M","M","$","?","M","R","?","E","T","E"],"build_version":"2019-09-17","purchased_purges":1,"victory":false,"max_hp_per_floor":[65,65,65,65,65,65,65,65,65,65],"card_choices":[{"not_picked":["Halt","WindmillStrike"],"picked":"CutThroughFate","floor":1},{"not_picked":["JustLucky","Prostrate"],"picked":"Wallop","floor":2},{"not_picked":["Wireheading","TalkToTheHand"],"picked":"EmptyFist","floor":5},{"not_picked":["WaveOfTheHand","Weave"],"picked":"Judgement","floor":8}],"player_experience":1776230,"relics_obtained":[{"floor":7,"key":"Odd Mushroom"},{"floor":8,"key":"Anchor"},{"floor":9,"key":"Matryoshka"}],"event_choices":[{"damage_healed":0,"gold_gain":0,"player_choice":"Success","damage_taken":12,"relics_obtained":["Kunai"],"max_hp_gain":0,"max_hp_loss":0,"event_name":"Scrap Ooze","floor":4,"gold_loss":0},{"damage_healed":0,"gold_gain":0,"player_choice":"Fought Mushrooms","damage_taken":0,"max_hp_gain":0,"max_hp_loss":0,"event_name":"Mushrooms","floor":7,"gold_loss":0}],"is_beta":true,"boss_relics":[],"items_purged_floors":[3],"is_endless":false,"potions_floor_spawned":[2],"killed_by":"Lagavulin","ascension_level":9}