{"gold_per_floor":[110,110,28,42,53,87,87,87,87,113,133,153,153,170,170,267,267],"floor_reached":17,"playtime":1680,"items_purged":[],"score":167,"play_id":"64dc9c50-f3da-444f-9cba-7794c1bafd56","local_time":"20190909230528","is_ascension_mode":false,"campfire_choices":[{"floor":8,"key":"REST"},{"floor":13,"key":"REST"},{"data":"Prostrate","floor":15,"key":"SMITH"}],"neow_cost":"NONE","seed_source_timestamp":1878914271824300,"circlet_count":0,"master_deck":["Strike_P","Strike_P","Strike_P","Strike_P","Defend_P","Defend_P","Defend_P","Defend_P","Eruption","Vigilance","Weave","DeceiveReality","ClearTheMind","ThirdEye","Wallop+1","Prostrate+1","ThirdEye","Conclude","Adaptation","Vault"],"relics":["PureWater","Unceasing Top","Anchor","Question Card","Dream Catcher","Coffee Dripper"],"potions_floor_usage":[6,6,6,16],"damage_taken":[{"damage":4,"enemies":"2 Louse","floor":1,"turns":4},{"damage":2,"enemies":"Jaw Worm","floor":4,"turns":4},{"damage":5,"enemies":"Small Slimes","floor":5,"turns":5},{"damage":34,"enemies":"3 Sentries","floor":6,"turns":11},{"damage":22,"enemies":"Gremlin Nob","floor":10,"turns":5},{"damage":0,"enemies":"Red Slaver","floor":11,"turns":5},{"damage":0,"enemies":"3 Louse","floor":12,"turns":5},{"damage":0,"enemies":"Exordium Wildlife","floor":14,"turns":4},{"damage":43,"enemies":"The Guardian","floor":16,"turns":15}],"seed_played":"5928608432490391942","potions_obtained":[{"floor":0,"key":"EssenceOfSteel"},{"floor":0,"key":"DuplicationPotion"},{"floor":0,"key":"Regen Potion"},{"floor":14,"key":"DuplicationPotion"},{"floor":16,"key":"Energy Potion"}],"is_trial":false,"path_per_floor":["M","?","$","M","M","E","?","R","T","E","M","M","R","M","R","B",null],"character_chosen":"WATCHER","items_purchased":["DeceiveReality"],"campfire_rested":2,"item_purchase_floors":[3],"current_hp_per_floor":[61,54,54,52,47,28,28,47,47,25,25,25,44,44,44,1,65],"gold":267,"neow_bonus":"THREE_SMALL_POTIONS","is_prod":false,"is_daily":false,"chose_seed":false,"campfire_upgraded":1,"win_rate":0.0,"timestamp":1568066728,"path_taken":["M","?","$","M","M","E","?","R","T","E","M","M","R","M","R","BOSS"],"build_version":"2019-09-09","purchased_purges":0,"victory":false,"max_hp_per_floor":[65,65,65,65,65,65,65,65,65,65,65,65,65,65,65,65,65],"card_choices":[{"not_picked":["SpiritShield","Establishment"],"picked":"Weave","floor":1},{"not_picked":["FollowUp","Weave"],"picked":"ClearTheMind","floor":4},{"not_picked":["DeceiveReality","Perseverance"],"picked":"ThirdEye","floor":5},{"not_picked":["EmptyBody","Worship"],"picked":"Wallop","floor":6},{"not_picked":["Crescendo","EmptyMind","JustLucky"],"picked":"Prostrate","floor":10},{"not_picked":["Protect","BowlingBash","Consecrate"],"picked":"ThirdEye","floor":11},{"not_picked":["Consecrate","CleanseEvil","ClearTheMind","WreathOfFlame"],"picked":"SKIP","floor":12},{"not_picked":["Prostrate","JustLucky","FlyingSleeves"],"picked":"Conclude","floor":13},{"not_picked":["Sanctity","BattleHymn","SandsOfTime"],"picked":"Adaptation","floor":14},{"not_picked":["DeusExMachina","Metaphysics","Nirvana"],"picked":"Vault","floor":16}],"player_experience":1674157,"relics_obtained":[{"floor":6,"key":"Anchor"},{"floor":9,"key":"Question Card"},{"floor":10,"key":"Dream Catcher"}],"event_choices":[{"damage_healed":0,"gold_gain":0,"player_choice":"Success","damage_taken":7,"relics_obtained":["Unceasing Top"],"max_hp_gain":0,"max_hp_loss":0,"event_name":"Scrap Ooze","floor":2,"gold_loss":0},{"damage_healed":0,"gold_gain":0,"player_choice":"Grow","damage_taken":0,"max_hp_gain":0,"max_hp_loss":0,"event_name":"Living Wall","floor":7,"gold_loss":0,"cards_upgraded":["Wallop"]}],"is_beta":true,"boss_relics":[{"not_picked":["Empty Cage","Runic Dome"],"picked":"Coffee Dripper"}],"items_purged_floors":[],"is_endless":false,"potions_floor_spawned":[1,4,14,16],"ascension_level":0}