{"gold_per_floor":[113,128,146,146,146,146,181,256,256,274,317,317,336,349,349,468,468,493,543,54,54,54,54,79,99,122,161,175,211,211,246,246,366,366,385,406,739,739,46,46,46,46,46,46,63,97,109,141,141,141],"floor_reached":51,"playtime":4335,"items_purged":["Scrawl"],"score":1047,"play_id":"ee9aff19-3fa4-4be3-83a6-25ad5f17ccb6","local_time":"20190912225855","is_ascension_mode":true,"campfire_choices":[{"data":"Establishment","floor":6,"key":"SMITH"},{"floor":12,"key":"REST"},{"data":"DevaForm","floor":15,"key":"SMITH"},{"data":"Devotion","floor":23,"key":"SMITH"},{"data":"Protect","floor":32,"key":"SMITH"},{"data":"Metaphysics","floor":40,"key":"SMITH"},{"data":"Vigilance","floor":42,"key":"SMITH"},{"data":"WreathOfFlame","floor":44,"key":"SMITH"},{"data":"WindmillStrike","floor":49,"key":"SMITH"}],"neow_cost":"PERCENT_DAMAGE","seed_source_timestamp":72235689153900,"circlet_count":0,"master_deck":["Eruption+1","Vigilance+1","Establishment+1","WindmillStrike+1","CleanseEvil+1","InnerPeace","Devotion","DevaForm+1","Devotion+1","WreathOfFlame+1","Vault","EmptyFist","DeusExMachina","EmptyFist+1","Adaptation","Establishment","Metaphysics+1","Sanctity+1","Protect+1","MasterReality","Evaluate+1","Vault","DevaForm+1","Collect+1","DeceiveReality+1"],"relics":["PureWater","Thread and Needle","Bottled Tornado","Mummified Hand","MealTicket","Pandora\u0027s Box","TungstenRod","FossilizedHelix","Whetstone","Juzu Bracelet","Torii","Du-Vu Doll","VioletLotus","Chemical X","Toxic Egg 2","Singing Bowl","Vajra","Ancient Tea Set"],"potions_floor_usage":[5,11,27,46,50,50],"damage_taken":[{"damage":0,"enemies":"Cultist","floor":1,"turns":5},{"damage":1,"enemies":"Small Slimes","floor":2,"turns":5},{"damage":0,"enemies":"2 Louse","floor":3,"turns":4},{"damage":0,"enemies":"Lagavulin","floor":7,"turns":2},{"damage":0,"enemies":"Exordium Thugs","floor":10,"turns":5},{"damage":20,"enemies":"Gremlin Nob","floor":11,"turns":4},{"damage":2,"enemies":"2 Fungi Beasts","floor":13,"turns":4},{"damage":0,"enemies":"Large Slime","floor":14,"turns":5},{"damage":2,"enemies":"Hexaghost","floor":16,"turns":8},{"damage":0,"enemies":"Chosen","floor":18,"turns":4},{"damage":0,"enemies":"3 Byrds","floor":24,"turns":4},{"damage":0,"enemies":"Shelled Parasite and Fungi","floor":25,"turns":3},{"damage":10,"enemies":"Book of Stabbing","floor":27,"turns":3},{"damage":0,"enemies":"Centurion and Healer","floor":28,"turns":4},{"damage":0,"enemies":"Slavers","floor":29,"turns":4},{"damage":0,"enemies":"Book of Stabbing","floor":31,"turns":6},{"damage":0,"enemies":"Automaton","floor":33,"turns":6},{"damage":0,"enemies":"3 Shapes","floor":35,"turns":4},{"damage":0,"enemies":"Orb Walker","floor":36,"turns":5},{"damage":0,"enemies":"4 Shapes","floor":45,"turns":6},{"damage":0,"enemies":"Reptomancer","floor":46,"turns":6},{"damage":0,"enemies":"Spire Growth","floor":47,"turns":5},{"damage":0,"enemies":"Nemesis","floor":48,"turns":9},{"damage":0,"enemies":"Time Eater","floor":50,"turns":6}],"seed_played":"2945340819242939600","potions_obtained":[{"floor":3,"key":"Fruit Juice"},{"floor":7,"key":"AttackPotion"},{"floor":10,"key":"Explosive Potion"},{"floor":11,"key":"Energy Potion"},{"floor":14,"key":"Block Potion"},{"floor":16,"key":"Strength Potion"},{"floor":29,"key":"FearPotion"},{"floor":47,"key":"SkillPotion"}],"is_trial":false,"path_per_floor":["M","M","M","?","?","R","E","?","T","M","E","R","M","M","R","B",null,"M","?","$","?","?","R","M","M","T","E","M","E","?","E","R","B",null,"M","M","?","?","$","R","?","R","T","R","M","E","M","E","R","B",null],"character_chosen":"WATCHER","items_purchased":["TungstenRod","FossilizedHelix","Adaptation","Chemical X","Toxic Egg 2","Evaluate+1","Vault"],"campfire_rested":1,"item_purchase_floors":[20,20,20,39,39,39,39],"current_hp_per_floor":[47,46,46,46,35,35,35,24,24,24,4,25,23,23,23,21,70,70,70,70,70,70,70,70,70,70,60,60,60,60,60,60,60,70,70,70,70,70,70,70,70,70,70,70,70,72,72,74,74,74],"gold":141,"neow_bonus":"ONE_RARE_RELIC","is_prod":false,"is_daily":false,"chose_seed":false,"campfire_upgraded":8,"win_rate":0,"timestamp":1568325535,"path_taken":["M","?","M","?","?","R","E","?","T","M","E","R","M","M","R","BOSS","M","?","?","?","?","R","M","M","T","E","M","E","?","E","R","BOSS","M","M","?","?","$","R","?","R","T","R","M","E","M","E","R","BOSS"],"build_version":"2019-09-11v2","purchased_purges":1,"victory":true,"max_hp_per_floor":[65,65,65,65,70,70,70,70,70,70,70,70,70,70,70,70,70,70,70,70,70,70,70,70,70,70,70,70,70,70,70,70,70,70,70,70,70,70,70,70,70,70,70,70,70,72,72,74,74,74],"card_choices":[{"not_picked":["JustLucky","Halt"],"picked":"Establishment","floor":1},{"not_picked":["CrushJoints","DeceiveReality"],"picked":"WindmillStrike","floor":2},{"not_picked":["ClearTheMind","EmptyFist"],"picked":"CleanseEvil","floor":3},{"not_picked":["Crescendo","Sanctity"],"picked":"InnerPeace","floor":7},{"not_picked":["WaveOfTheHand","CrushJoints"],"picked":"Devotion","floor":10},{"not_picked":["ReachHeaven","FlyingSleeves"],"picked":"DevaForm","floor":11},{"not_picked":["BowlingBash","CutThroughFate","Weave"],"picked":"SKIP","floor":13},{"not_picked":["FlyingSleeves","CutThroughFate"],"picked":"Devotion","floor":14},{"not_picked":["WreathOfFlame","CutThroughFate","Weave+1"],"picked":"SKIP","floor":18},{"not_picked":["Prostrate","WindmillStrike"],"picked":"Sanctity+1","floor":24},{"not_picked":["EmptyFist","Crescendo","WaveOfTheHand"],"picked":"SKIP","floor":25},{"not_picked":["Prostrate","Halt"],"picked":"Protect","floor":27},{"not_picked":["Devotion","Adaptation","Conclude"],"picked":"SKIP","floor":28},{"not_picked":["Fasting","MentalFortress","JustLucky"],"picked":"SKIP","floor":29},{"not_picked":["Devotion","Consecrate","SpiritShield"],"picked":"SKIP","floor":31},{"not_picked":["Wallop","Blasphemy"],"picked":"MasterReality","floor":33},{"not_picked":["ClearTheMind+1","Sanctity","Consecrate+1"],"picked":"SKIP","floor":35},{"not_picked":["Weave","Clarity","ClearTheMind"],"picked":"SKIP","floor":36},{"not_picked":["DeceiveReality+1","EmptyBody+1"],"picked":"Collect+1","floor":45},{"not_picked":["Sanctity+1","ThirdEye+1","EmptyBody+1"],"picked":"Singing Bowl","floor":46},{"not_picked":["Crescendo+1","Establishment"],"picked":"DeceiveReality+1","floor":47},{"not_picked":["Perseverance+1","Fasting+1","Tantrum"],"picked":"Singing Bowl","floor":48}],"player_experience":1693623,"relics_obtained":[{"floor":7,"key":"Bottled Tornado"},{"floor":9,"key":"Mummified Hand"},{"floor":11,"key":"MealTicket"},{"floor":26,"key":"Whetstone"},{"floor":27,"key":"Juzu Bracelet"},{"floor":29,"key":"Torii"},{"floor":31,"key":"Du-Vu Doll"},{"floor":43,"key":"Singing Bowl"},{"floor":46,"key":"Vajra"},{"floor":48,"key":"Ancient Tea Set"}],"event_choices":[{"damage_healed":0,"gold_gain":0,"player_choice":"Grow","damage_taken":0,"max_hp_gain":0,"max_hp_loss":0,"event_name":"Living Wall","floor":4,"gold_loss":0,"cards_upgraded":["CleanseEvil"]},{"damage_healed":0,"gold_gain":0,"player_choice":"Take Damage","damage_taken":16,"relics_obtained":["Golden Idol"],"max_hp_gain":0,"max_hp_loss":0,"event_name":"Golden Idol","floor":5,"gold_loss":0},{"damage_healed":0,"gold_gain":75,"player_choice":"Gather Gold","damage_taken":11,"max_hp_gain":0,"max_hp_loss":0,"event_name":"World of Goop","floor":8,"gold_loss":0},{"damage_healed":0,"gold_gain":100,"player_choice":"Bet on Murderer","damage_taken":0,"max_hp_gain":0,"max_hp_loss":0,"event_name":"The Joust","floor":19,"gold_loss":50},{"damage_healed":0,"gold_gain":0,"player_choice":"Ignored","damage_taken":0,"max_hp_gain":0,"max_hp_loss":0,"event_name":"Ghosts","floor":21,"gold_loss":0},{"damage_healed":0,"gold_gain":0,"cards_transformed":["StepAndStrike","CleanseEvil"],"player_choice":"Became Test Subject","damage_taken":0,"max_hp_gain":0,"max_hp_loss":0,"event_name":"Drug Dealer","floor":22,"gold_loss":0,"cards_obtained":["Establishment","Metaphysics"]},{"damage_healed":0,"gold_gain":0,"player_choice":"Ignored","damage_taken":0,"max_hp_gain":0,"max_hp_loss":0,"event_name":"Vampires","floor":30,"gold_loss":0},{"damage_healed":0,"gold_gain":333,"player_choice":"Gave Idol","damage_taken":0,"max_hp_gain":0,"max_hp_loss":0,"event_name":"The Moai Head","floor":37,"relics_lost":["Golden Idol"],"gold_loss":0},{"damage_healed":0,"gold_gain":0,"player_choice":"Bought 0 Potions","damage_taken":0,"max_hp_gain":0,"max_hp_loss":0,"event_name":"The Woman in Blue","floor":38,"gold_loss":0},{"damage_healed":0,"gold_gain":0,"player_choice":"Copied","damage_taken":0,"max_hp_gain":0,"max_hp_loss":0,"event_name":"Duplicator","floor":41,"gold_loss":0,"cards_obtained":["DevaForm"]}],"is_beta":true,"boss_relics":[{"not_picked":["Black Star","Ectoplasm"],"picked":"Pandora\u0027s Box"},{"not_picked":["HolyWater","Astrolabe"],"picked":"VioletLotus"}],"items_purged_floors":[39],"is_endless":false,"potions_floor_spawned":[3,7,10,11,14,16,18,25,29,33,36,47,48],"ascension_level":1}