{"gold_per_floor":[359,379,379,29,47,47,61,80,80,80,91,103,103,132,132,234,234,249,249,249,267,267,302,319,319,393,393,410,422,450,61,61,164,164,178,178],"floor_reached":36,"playtime":12631,"items_purged":["Strike_P+1"],"score":636,"play_id":"f651b62b-0e8a-40d5-8ddb-41a2bbc74085","local_time":"20190914222119","is_ascension_mode":true,"campfire_choices":[{"data":"FlurryOfBlows","floor":6.0,"key":"SMITH"},{"data":"EmptyFist","floor":10.0,"key":"SMITH"},{"data":"Defend_P","floor":13.0,"key":"PURGE"},{"data":"Strike_P","floor":15.0,"key":"PURGE"},{"data":"DevaForm","floor":25.0,"key":"SMITH"},{"data":"MentalFortress","floor":27.0,"key":"SMITH"},{"floor":32.0,"key":"REST"}],"neow_cost":"CURSE","seed_source_timestamp":234358719715800,"circlet_count":0,"master_deck":["Strike_P+1","Strike_P+1","Defend_P+1","Defend_P+1","Defend_P+1","Eruption","Vigilance","FlurryOfBlows+1","EmptyFist+1","Establishment","DeceiveReality","EmptyBody","InnerPeace","MentalFortress+1","DevaForm+1","Protect","SandsOfTime","Vengeance","Alpha"],"special_seed":0,"relics":["HolyWater","Spirit Poop","Peace Pipe","White Beast Statue","Bronze Scales","VioletLotus","Lizard Tail","Sundial","Strawberry","OrangePellets","Lantern"],"potions_floor_usage":[33,33,36,36],"damage_taken":[{"damage":1.0,"enemies":"Small Slimes","floor":1.0,"turns":5.0},{"damage":4.0,"enemies":"Cultist","floor":2.0,"turns":4.0},{"damage":0.0,"enemies":"2 Louse","floor":5.0,"turns":2.0},{"damage":5.0,"enemies":"Large Slime","floor":7.0,"turns":6.0},{"damage":6.0,"enemies":"Gremlin Gang","floor":8.0,"turns":6.0},{"damage":5.0,"enemies":"Exordium Wildlife","floor":11.0,"turns":8.0},{"damage":6.0,"enemies":"Looter","floor":12.0,"turns":4.0},{"damage":0.0,"enemies":"Gremlin Nob","floor":14.0,"turns":2.0},{"damage":0.0,"enemies":"The Guardian","floor":16.0,"turns":12.0},{"damage":0.0,"enemies":"Chosen","floor":18.0,"turns":4.0},{"damage":7.0,"enemies":"Spheric Guardian","floor":21.0,"turns":4.0},{"damage":10.0,"enemies":"Book of Stabbing","floor":23.0,"turns":6.0},{"damage":1.0,"enemies":"Centurion and Healer","floor":24.0,"turns":9.0},{"damage":1.0,"enemies":"Sentry and Sphere","floor":28.0,"turns":8.0},{"damage":12.0,"enemies":"Snake Plant","floor":29.0,"turns":4.0},{"damage":13.0,"enemies":"Gremlin Leader","floor":30.0,"turns":8.0},{"damage":0,"enemies":"Collector","floor":33,"turns":11},{"damage":0,"enemies":"Orb Walker","floor":35,"turns":3},{"damage":158,"enemies":"2 Orb Walkers","floor":36,"turns":8}],"seed_played":"7461866886155692401","potions_obtained":[{"floor":1.0,"key":"Swift Potion"},{"floor":7.0,"key":"Regen Potion"},{"floor":8.0,"key":"GamblersBrew"},{"floor":11.0,"key":"Dexterity Potion"},{"floor":12.0,"key":"Explosive Potion"},{"floor":14.0,"key":"GamblersBrew"},{"floor":16.0,"key":"Ancient Potion"},{"floor":18.0,"key":"LiquidBronze"},{"floor":21.0,"key":"SneckoOil"},{"floor":23.0,"key":"PowerPotion"},{"floor":24.0,"key":"Strength Potion"},{"floor":28.0,"key":"Fire Potion"},{"floor":29.0,"key":"DuplicationPotion"},{"floor":30.0,"key":"DuplicationPotion"},{"floor":33,"key":"Dexterity Potion"},{"floor":35,"key":"SteroidPotion"}],"is_trial":false,"path_per_floor":["M","M","?","$","M","R","M","M","T","R","M","M","R","E","R","B",null,"M","?","?","M","?","E","M","R","T","R","M","M","E","$","R","B",null,"M","?"],"character_chosen":"WATCHER","items_purchased":["Establishment","Peace Pipe","OrangePellets","Lantern"],"campfire_rested":1,"item_purchase_floors":[4,4,31,31],"current_hp_per_floor":[64,60,60,60,60,60,55,49,49,49,59,53,53,53,53,53,65,65,65,65,58,58,48,47,47,47,47,46,34,28,28,49,49,72,72,0],"gold":178,"neow_bonus":"TWO_FIFTY_GOLD","is_prod":false,"is_daily":false,"chose_seed":false,"campfire_upgraded":4,"win_rate":0,"timestamp":1568496079,"path_taken":["M","M","?","$","M","R","M","M","T","R","?","M","R","E","R","BOSS","M","?","?","M","?","E","M","R","T","R","?","M","E","$","R","BOSS","M","?"],"build_version":"2019-09-12","purchased_purges":1,"victory":false,"max_hp_per_floor":[65,65,65,65,65,65,65,65,65,65,65,65,65,65,65,65,65,65,65,65,65,65,65,65,65,65,65,65,65,72,72,72,72,72,72,72],"card_choices":[{"not_picked":["Consecrate","Prostrate"],"picked":"FlurryOfBlows","floor":1.0},{"not_picked":["Crescendo","BowlingBash"],"picked":"EmptyFist","floor":2.0},{"not_picked":["Halt","CrushJoints"],"picked":"DeceiveReality","floor":5.0},{"not_picked":["CarveReality","FlyingSleeves"],"picked":"EmptyBody","floor":7.0},{"not_picked":["EmptyFist","DeusExMachina","Halt"],"picked":"SKIP","floor":8.0},{"not_picked":["EmptyBody","EmptyMind"],"picked":"InnerPeace","floor":11.0},{"not_picked":["ClearTheMind","Prostrate","Sanctity"],"picked":"SKIP","floor":12.0},{"not_picked":["FollowUp","Pray"],"picked":"MentalFortress","floor":14.0},{"not_picked":["Judgement","Unraveling"],"picked":"DevaForm","floor":16.0},{"not_picked":["BowlingBash","Prostrate+1","CleanseEvil"],"picked":"SKIP","floor":18.0},{"not_picked":["Prostrate","EmptyFist+1","Fasting"],"picked":"SKIP","floor":21.0},{"not_picked":["CrushJoints","Devotion"],"picked":"Protect","floor":23.0},{"not_picked":["Crescendo","Weave+1"],"picked":"SandsOfTime","floor":24.0},{"not_picked":["JustLucky","Weave","ClearTheMind"],"picked":"SKIP","floor":28.0},{"not_picked":["Halt","CutThroughFate","Metaphysics"],"picked":"SKIP","floor":29.0},{"not_picked":["Crescendo","Protect"],"picked":"Vengeance","floor":30.0},{"not_picked":["DevaForm","DeusExMachina"],"picked":"Alpha","floor":33},{"not_picked":["CutThroughFate","Prostrate+1","StepAndStrike"],"picked":"SKIP","floor":35}],"player_experience":1725457,"relics_obtained":[{"floor":9.0,"key":"White Beast Statue"},{"floor":14.0,"key":"Bronze Scales"},{"floor":23.0,"key":"Lizard Tail"},{"floor":26.0,"key":"Sundial"},{"floor":30.0,"key":"Strawberry"}],"event_choices":[{"cards_removed":["Normality"],"damage_healed":0.0,"max_hp_gain":0.0,"max_hp_loss":0.0,"gold_gain":0.0,"event_name":"Bonfire Elementals","player_choice":"Offered Curse","floor":3.0,"gold_loss":0.0,"damage_taken":0.0,"relics_obtained":["Spirit Poop"]},{"damage_healed":0.0,"max_hp_gain":0.0,"max_hp_loss":0.0,"gold_gain":0.0,"event_name":"Ghosts","player_choice":"Ignored","floor":19.0,"gold_loss":0.0,"damage_taken":0.0},{"damage_healed":0.0,"max_hp_gain":0.0,"max_hp_loss":0.0,"gold_gain":0.0,"event_name":"Back to Basics","player_choice":"Simplicity","floor":20.0,"gold_loss":0.0,"damage_taken":0.0,"cards_upgraded":["Strike_P","Strike_P","Strike_P","Defend_P","Defend_P","Defend_P"]},{"damage_healed":0.0,"max_hp_gain":0.0,"max_hp_loss":0.0,"gold_gain":0.0,"event_name":"Match and Keep!","player_choice":"0 cards matched","floor":22.0,"gold_loss":0.0,"damage_taken":0.0,"cards_obtained":[]},{"damage_healed":0.0,"max_hp_gain":0.0,"max_hp_loss":0.0,"gold_gain":0.0,"event_name":"Match and Keep!","player_choice":"0 cards matched","floor":22.0,"gold_loss":0.0,"damage_taken":0.0,"cards_obtained":[]},{"damage_healed":0,"gold_gain":0,"player_choice":"Fight","damage_taken":0,"max_hp_gain":0,"max_hp_loss":0,"event_name":"Mysterious Sphere","floor":36,"gold_loss":0}],"is_beta":true,"boss_relics":[{"not_picked":["Fusion Hammer","Coffee Dripper"],"picked":"VioletLotus"},{"not_picked":["Snecko Eye","Calling Bell"],"picked":"HolyWater"}],"items_purged_floors":[31],"is_endless":false,"potions_floor_spawned":[1,7,8,11,12,14,16,18,21,23,24,28,29,30,33,35],"killed_by":"2 Orb Walkers","ascension_level":4}