{"gold_per_floor":[119,137,157,157,173,173,186,200,200,200,229,259,276,276,276,276],"floor_reached":16,"playtime":1075,"items_purged":[],"score":114,"play_id":"53bba3d7-8f8b-4b4f-8acf-6bdf864084b8","local_time":"20190909234807","is_ascension_mode":false,"campfire_choices":[{"data":"CrushJoints","floor":6,"key":"SMITH"},{"data":"Pray","floor":10,"key":"SMITH"},{"floor":15,"key":"REST"}],"neow_cost":"NONE","seed_source_timestamp":1882078434888000,"circlet_count":0,"master_deck":["Strike_P","Strike_P","Strike_P","Strike_P","Defend_P","Defend_P","Defend_P","Defend_P","Eruption+1","Vigilance","CrushJoints+1","CutThroughFate","EmptyMind","Evaluate","Pray+1","ThirdEye","Prostrate","Protect"],"relics":["PureWater","WingedGreaves","Unceasing Top","Bird Faced Urn","Golden Idol"],"potions_floor_usage":[7],"damage_taken":[{"damage":0,"enemies":"2 Louse","floor":1,"turns":1},{"damage":0,"enemies":"Cultist","floor":2,"turns":2},{"damage":0,"enemies":"Small Slimes","floor":3,"turns":3},{"damage":0,"enemies":"Looter","floor":5,"turns":4},{"damage":0,"enemies":"Exordium Wildlife","floor":7,"turns":1},{"damage":0,"enemies":"Blue Slaver","floor":8,"turns":4},{"damage":20,"enemies":"3 Sentries","floor":11,"turns":7},{"damage":29,"enemies":"Gremlin Nob","floor":12,"turns":3},{"damage":14,"enemies":"Lots of Slimes","floor":13,"turns":5},{"damage":37,"enemies":"Slime Boss","floor":16,"turns":3}],"seed_played":"-2158725731609678549","potions_obtained":[{"floor":3,"key":"SkillPotion"},{"floor":13,"key":"LiquidBronze"}],"is_trial":false,"path_per_floor":["M","M","M","?","M","R","M","M","T","R","E","E","M","?","R","B"],"character_chosen":"WATCHER","items_purchased":[],"campfire_rested":1,"item_purchase_floors":[],"current_hp_per_floor":[65,65,65,65,65,65,65,65,65,65,45,16,2,2,20,0],"gold":276,"neow_bonus":"UPGRADE_CARD","is_prod":false,"is_daily":false,"chose_seed":false,"campfire_upgraded":2,"win_rate":0.0,"timestamp":1568069287,"path_taken":["M","M","M","?","M","R","M","M","T","R","E","E","?","?","R","BOSS"],"build_version":"2019-09-09","purchased_purges":0,"victory":false,"max_hp_per_floor":[65,65,65,65,65,65,65,65,65,65,65,65,65,60,60,60],"card_choices":[{"not_picked":["CutThroughFate","Weave"],"picked":"CrushJoints","floor":1},{"not_picked":["Halt","ClearTheMind"],"picked":"CutThroughFate","floor":2},{"not_picked":["Halt","TalkToTheHand"],"picked":"EmptyMind","floor":3},{"not_picked":["JustLucky","Crescendo"],"picked":"Evaluate","floor":5},{"not_picked":["WaveOfTheHand","EmptyFist","FollowUp"],"picked":"SKIP","floor":7},{"not_picked":["FlyingSleeves","WindmillStrike"],"picked":"Pray","floor":8},{"not_picked":["WreathOfFlame","Establishment"],"picked":"ThirdEye","floor":11},{"not_picked":["Weave","ThirdEye"],"picked":"Prostrate","floor":12},{"not_picked":["Adaptation","Tantrum"],"picked":"Protect","floor":13}],"player_experience":1675837,"relics_obtained":[{"floor":9,"key":"WingedGreaves"},{"floor":11,"key":"Unceasing Top"},{"floor":12,"key":"Bird Faced Urn"}],"event_choices":[{"damage_healed":0,"gold_gain":0,"player_choice":"Ignored","damage_taken":0,"max_hp_gain":0,"max_hp_loss":0,"event_name":"NoteForYourself","floor":4,"gold_loss":0},{"damage_healed":0,"gold_gain":0,"player_choice":"Lose Max HP","damage_taken":0,"relics_obtained":["Golden Idol"],"max_hp_gain":0,"max_hp_loss":5,"event_name":"Golden Idol","floor":14,"gold_loss":0}],"is_beta":true,"boss_relics":[],"items_purged_floors":[],"is_endless":false,"potions_floor_spawned":[3,13],"killed_by":"Slime Boss","ascension_level":0}