{"gold_per_floor":[109,121,121,46,58,121,136,8,34,63,63,90,55,69,69,169,169,189,144],"floor_reached":19,"playtime":2096,"items_purged":["Metaphysics"],"score":286,"play_id":"a46c3694-0be8-44f8-ba40-a15b39ff68d1","local_time":"20190916210807","is_ascension_mode":true,"campfire_choices":[{"floor":11,"key":"REST"},{"data":"SignatureMove","floor":15,"key":"SMITH"}],"neow_cost":"NONE","seed_source_timestamp":413443022781900,"circlet_count":0,"master_deck":["Strike_P","Strike_P","Strike_P","Defend_P","Defend_P","Defend_P","Eruption","Vigilance","Perseverance","CarveReality","ClearTheMind","Meditate","CutThroughFate","SignatureMove+1","FlurryOfBlows","Establishment","FlowState"],"relics":["PureWater","Tiny Chest","Omamori","Ancient Tea Set","Orichalcum","SlaversCollar"],"potions_floor_usage":[10,10,10,16],"damage_taken":[{"damage":4,"enemies":"2 Louse","floor":1,"turns":3},{"damage":0,"enemies":"Cultist","floor":2,"turns":3},{"damage":14,"enemies":"Jaw Worm","floor":5,"turns":4},{"damage":20,"enemies":"3 Sentries","floor":6,"turns":8},{"damage":10,"enemies":"Large Slime","floor":7,"turns":6},{"damage":0,"enemies":"Lagavulin","floor":10,"turns":4},{"damage":6,"enemies":"3 Sentries","floor":12,"turns":5},{"damage":8,"enemies":"3 Louse","floor":14,"turns":2},{"damage":10,"enemies":"Hexaghost","floor":16,"turns":6},{"damage":35,"enemies":"3 Byrds","floor":18,"turns":5},{"damage":19,"enemies":"2 Thieves","floor":19,"turns":2}],"seed_played":"600642658931631884","potions_obtained":[{"floor":6,"key":"Dexterity Potion"},{"floor":7,"key":"SteroidPotion"},{"floor":14,"key":"SteroidPotion"}],"is_trial":false,"path_per_floor":["M","M","?","$","M","E","M","$","T","E","R","E","?","M","R","B",null,"M","M"],"character_chosen":"WATCHER","items_purchased":["SignatureMove","Weak Potion"],"campfire_rested":1,"item_purchase_floors":[8,8],"current_hp_per_floor":[55,55,55,55,41,21,11,11,11,11,30,24,40,32,32,22,54,19,0],"gold":144,"neow_bonus":"REMOVE_CARD","is_prod":false,"is_daily":false,"chose_seed":false,"campfire_upgraded":1,"win_rate":0,"timestamp":1568664487,"path_taken":["M","M","?","?","M","E","M","?","T","E","R","E","?","M","R","BOSS","M","M"],"build_version":"2019-09-12","purchased_purges":1,"victory":false,"max_hp_per_floor":[65,65,65,65,65,65,65,65,65,65,65,65,65,65,65,65,65,65,65],"card_choices":[{"not_picked":["ThirdEye","Prostrate"],"picked":"Perseverance","floor":1},{"not_picked":["EmptyMind","StepAndStrike"],"picked":"CarveReality","floor":2},{"not_picked":["Worship","Weave"],"picked":"ClearTheMind","floor":5},{"not_picked":["Fasting","Wireheading"],"picked":"Meditate","floor":6},{"not_picked":["Sanctity","Halt"],"picked":"CutThroughFate","floor":7},{"not_picked":["SpiritShield","Protect","Wireheading"],"picked":"SKIP","floor":10},{"not_picked":["BowlingBash","EmptyBody"],"picked":"FlurryOfBlows","floor":12},{"not_picked":["CutThroughFate","StepAndStrike"],"picked":"Establishment","floor":14},{"not_picked":["Judgement","Nirvana"],"picked":"FlowState","floor":16},{"not_picked":["Halt","Devotion","Perseverance"],"picked":"SKIP","floor":18}],"player_experience":1758692,"relics_obtained":[{"floor":6,"key":"Tiny Chest"},{"floor":9,"key":"Omamori"},{"floor":10,"key":"Ancient Tea Set"},{"floor":12,"key":"Orichalcum"}],"event_choices":[{"damage_healed":0,"gold_gain":0,"cards_transformed":["Defend_P"],"player_choice":"Transformed","damage_taken":0,"max_hp_gain":0,"max_hp_loss":0,"event_name":"Transmorgrifier","floor":3,"gold_loss":0,"cards_obtained":["Metaphysics"]},{"damage_healed":16,"gold_gain":0,"player_choice":"Healed","damage_taken":0,"max_hp_gain":0,"max_hp_loss":0,"event_name":"The Cleric","floor":13,"gold_loss":35}],"is_beta":true,"boss_relics":[{"not_picked":["Coffee Dripper","Runic Dome"],"picked":"SlaversCollar"}],"items_purged_floors":[4],"is_endless":false,"potions_floor_spawned":[6,7,14],"killed_by":"2 Thieves","ascension_level":7}