{"gold_per_floor":[111,125,142,194,194,194,207,207,207,242,257,257,60,85,85,185,185,195,210,210,55,72,72,105,123,176,276,276,276,276,290,290,390,390,403,415,415,415,49,49,49,83,83,110,110,110],"floor_reached":46,"playtime":3999,"items_purged":[],"score":635,"play_id":"c16966be-c401-43b4-8e02-7f303a60e48c","local_time":"20190914000453","is_ascension_mode":true,"campfire_choices":[{"data":"Wallop","floor":6,"key":"SMITH"},{"data":"Vigilance","floor":8,"key":"SMITH"},{"data":"Alpha","floor":12,"key":"SMITH"},{"floor":15,"key":"REST"},{"floor":23,"key":"REST"},{"floor":28,"key":"REST"},{"floor":32,"key":"REST"},{"data":"DeceiveReality","floor":40,"key":"SMITH"},{"data":"MentalFortress","floor":41,"key":"SMITH"}],"neow_cost":"TEN_PERCENT_HP_LOSS","seed_source_timestamp":162941890270000,"circlet_count":0,"master_deck":["Eruption","Vigilance+1","Wallop+1","MentalFortress+1","Alpha+1","EmptyFist","CarveReality","EmptyFist","EmptyBody","ReachHeaven","Adaptation+1","Crescendo","Collect+1","Perseverance","DeceiveReality+1","DeusExMachina","DevaForm+1","Sanctity+1"],"relics":["PureWater","FaceOfCleric","Frozen Egg 2","Meat on the Bone","Regal Pillow","The Courier","Pandora\u0027s Box","Chemical X","Melange","Bag of Marbles","WingedGreaves","StrikeDummy","Enchiridion","Busted Crown","TeardropLocket","Happy Flower","Omamori","Pocketwatch","White Beast Statue"],"potions_floor_usage":[14,19,22,24,27,27,44,44,46],"damage_taken":[{"damage":0,"enemies":"Jaw Worm","floor":1,"turns":4},{"damage":11,"enemies":"Small Slimes","floor":2,"turns":5},{"damage":9,"enemies":"Cultist","floor":3,"turns":6},{"damage":0,"enemies":"Looter","floor":7,"turns":2},{"damage":5,"enemies":"Lagavulin","floor":10,"turns":7},{"damage":2,"enemies":"Large Slime","floor":11,"turns":6},{"damage":28,"enemies":"3 Sentries","floor":14,"turns":5},{"damage":22,"enemies":"Slime Boss","floor":16,"turns":6},{"damage":44,"enemies":"Chosen","floor":18,"turns":6},{"damage":28,"enemies":"2 Thieves","floor":19,"turns":4},{"damage":17,"enemies":"Shelled Parasite and Fungi","floor":22,"turns":5},{"damage":16,"enemies":"Book of Stabbing","floor":24,"turns":8},{"damage":0,"enemies":"Snecko","floor":25,"turns":4},{"damage":34,"enemies":"Colosseum Slavers","floor":27,"turns":5},{"damage":18,"enemies":"Colosseum Nobs","floor":27,"turns":4},{"damage":12,"enemies":"Cultist and Chosen","floor":31,"turns":4},{"damage":1,"enemies":"Automaton","floor":33,"turns":8},{"damage":2,"enemies":"3 Shapes","floor":35,"turns":6},{"damage":1,"enemies":"3 Darklings","floor":36,"turns":6},{"damage":0,"enemies":"Giant Head","floor":42,"turns":7},{"damage":16,"enemies":"Reptomancer","floor":44,"turns":6},{"damage":62,"enemies":"2 Orb Walkers","floor":46,"turns":4}],"seed_played":"3664511231004844677","potions_obtained":[{"floor":3,"key":"Explosive Potion"},{"floor":10,"key":"AttackPotion"},{"floor":14,"key":"LiquidBronze"},{"floor":16,"key":"SpeedPotion"},{"floor":24,"key":"SteroidPotion"},{"floor":33,"key":"SkillPotion"},{"floor":35,"key":"AttackPotion"},{"floor":44,"key":"LiquidBronze"}],"is_trial":false,"path_per_floor":["M","M","M","?","?","R","M","R","T","E","M","R","$","E","R","B",null,"M","M","?","$","M","R","E","M","T","?","R","?","?","M","R","B",null,"M","M","?","?","$","R","R","E","T","E","$","?"],"character_chosen":"WATCHER","items_purchased":["EmptyFist","Regal Pillow","Chemical X","Block Potion","TeardropLocket","Happy Flower","PowerPotion"],"campfire_rested":4,"item_purchase_floors":[13,13,21,21,39,39,39],"current_hp_per_floor":[59,48,39,39,39,39,40,40,40,36,35,35,35,20,53,44,64,33,18,18,18,14,49,46,47,47,21,57,57,41,42,72,72,73,72,72,71,71,71,71,71,72,72,57,57,0],"gold":110,"neow_bonus":"THREE_RARE_CARDS","is_prod":false,"is_daily":false,"chose_seed":false,"campfire_upgraded":5,"win_rate":0,"timestamp":1568415893,"path_taken":["M","M","M","?","?","R","M","R","T","E","M","R","$","E","R","BOSS","M","M","?","$","M","R","E","M","T","?","R","?","?","M","R","BOSS","M","M","?","?","$","R","R","E","T","E","$","?"],"build_version":"2019-09-12","purchased_purges":0,"victory":false,"max_hp_per_floor":[59,59,59,59,59,59,60,60,60,61,62,62,62,63,63,64,64,65,66,66,66,67,67,68,69,69,71,71,71,71,72,72,73,73,74,75,71,71,71,71,71,72,72,73,73,73],"card_choices":[{"not_picked":["FlowState","DeusExMachina"],"picked":"Wallop","floor":0},{"not_picked":["BowlingBash","ClearTheMind"],"picked":"Adaptation","floor":1},{"not_picked":["Sanctity","Prostrate"],"picked":"MentalFortress","floor":2},{"not_picked":["JustLucky","Collect","ClearTheMind"],"picked":"SKIP","floor":3},{"not_picked":["Protect","ThirdEye","Collect"],"picked":"SKIP","floor":7},{"not_picked":["Swivel","Weave"],"picked":"Alpha","floor":10},{"not_picked":["Halt","ClearTheMind","FollowUp"],"picked":"SKIP","floor":11},{"not_picked":["ThirdEye","Weave","Evaluate"],"picked":"SKIP","floor":14},{"not_picked":["EmptyBody","ThirdEye+1"],"picked":"Collect+1","floor":18},{"not_picked":["EmptyFist+1","TalkToTheHand","CutThroughFate"],"picked":"SKIP","floor":19},{"not_picked":["FollowUp","Omniscience","Collect"],"picked":"SKIP","floor":22},{"not_picked":["Worship","PathToVictory"],"picked":"DeusExMachina","floor":24},{"not_picked":["StepAndStrike","Halt","Devotion+1"],"picked":"SKIP","floor":25},{"not_picked":["Adaptation+1","FollowUp+1","FlyingSleeves"],"picked":"SKIP","floor":31},{"not_picked":["MasterReality+1","FlowState"],"picked":"DevaForm+1","floor":33},{"not_picked":["JustLucky+1"],"picked":"SKIP","floor":35},{"not_picked":["JustLucky"],"picked":"SKIP","floor":36},{"not_picked":["Weave"],"picked":"SKIP","floor":42},{"not_picked":[],"picked":"Sanctity+1","floor":44}],"player_experience":1707429,"relics_obtained":[{"floor":9,"key":"Frozen Egg 2"},{"floor":10,"key":"Meat on the Bone"},{"floor":14,"key":"The Courier"},{"floor":24,"key":"Melange"},{"floor":26,"key":"Bag of Marbles"},{"floor":27,"key":"WingedGreaves"},{"floor":27,"key":"StrikeDummy"},{"floor":30,"key":"Enchiridion"},{"floor":42,"key":"Omamori"},{"floor":43,"key":"Pocketwatch"},{"floor":44,"key":"White Beast Statue"}],"event_choices":[{"damage_healed":0,"gold_gain":52,"player_choice":"Gained Gold","damage_taken":0,"max_hp_gain":0,"max_hp_loss":0,"event_name":"Golden Wing","floor":4,"gold_loss":0},{"damage_healed":0,"gold_gain":0,"player_choice":"Trade","damage_taken":0,"relics_obtained":["FaceOfCleric"],"max_hp_gain":0,"max_hp_loss":0,"event_name":"FaceTrader","floor":5,"gold_loss":0},{"damage_healed":0,"gold_gain":0,"cards_transformed":["Metaphysics","Ragnarok"],"player_choice":"Became Test Subject","damage_taken":0,"max_hp_gain":0,"max_hp_loss":0,"event_name":"Drug Dealer","floor":20,"gold_loss":0,"cards_obtained":["Perseverance","DeceiveReality"]},{"damage_healed":0,"gold_gain":0,"player_choice":"Fight","damage_taken":0,"max_hp_gain":0,"max_hp_loss":0,"event_name":"Colosseum","floor":27,"gold_loss":0},{"damage_healed":0,"gold_gain":0,"player_choice":"Fought Nobs","damage_taken":0,"max_hp_gain":0,"max_hp_loss":0,"event_name":"Colosseum","floor":27,"gold_loss":0},{"damage_healed":0,"gold_gain":0,"player_choice":"Ignored","damage_taken":0,"max_hp_gain":0,"max_hp_loss":0,"event_name":"Vampires","floor":29,"gold_loss":0},{"damage_healed":0,"gold_gain":0,"player_choice":"Obtained Book","damage_taken":16,"max_hp_gain":0,"max_hp_loss":0,"event_name":"Cursed Tome","floor":30,"gold_loss":0},{"damage_healed":0,"gold_gain":0,"player_choice":"Max HP","damage_taken":0,"max_hp_gain":0,"max_hp_loss":4,"event_name":"Winding Halls","floor":37,"gold_loss":0},{"cards_removed":["Adaptation"],"damage_healed":0,"gold_gain":0,"player_choice":"Removed Power","damage_taken":0,"max_hp_gain":0,"max_hp_loss":0,"event_name":"Falling","floor":38,"gold_loss":0},{"damage_healed":0,"gold_gain":0,"player_choice":"Fight","damage_taken":0,"max_hp_gain":0,"max_hp_loss":0,"event_name":"Mysterious Sphere","floor":46,"gold_loss":0}],"is_beta":true,"boss_relics":[{"not_picked":["Runic Pyramid","Tiny House"],"picked":"Pandora\u0027s Box"},{"not_picked":["Runic Dome","Empty Cage"],"picked":"Busted Crown"}],"items_purged_floors":[],"is_endless":false,"potions_floor_spawned":[3,10,14,16,24,27,33,35,44],"killed_by":"2 Orb Walkers","ascension_level":4}