{"gold_per_floor":[117,135,135,150,168,168,206,225,225,225,175,196,230,230,230,358,358,382,382,405,418,32,32,70,95,95,95,95,135,135,176,176,300,300,318,341,341,355,368,13,49,61,73,418,88,106,123,123],"floor_reached":48,"playtime":4451,"items_purged":["Strike_P"],"score":1021,"play_id":"e1b427d2-21f8-4c6a-9387-b1c3728d362e","local_time":"20190918233136","is_ascension_mode":true,"campfire_choices":[{"data":"SandsOfTime","floor":6,"key":"SMITH"},{"data":"Eruption","floor":10,"key":"SMITH"},{"data":"CarveReality","floor":15,"key":"SMITH"},{"floor":23,"key":"REST"},{"floor":30,"key":"REST"},{"floor":32,"key":"REST"},{"floor":42,"key":"REST"}],"neow_cost":"PERCENT_DAMAGE","seed_source_timestamp":592494412627200,"circlet_count":0,"master_deck":["AscendersBane","Strike_P+1","Strike_P+1","Defend_P+1","Defend_P+1","Defend_P+1","Defend_P+1","Eruption+1","Vigilance+1","SandsOfTime+1","Vengeance+1","Protect+1","CarveReality+1","ClearTheMind+1","ForeignInfluence+1","Protect+1","Establishment+1","FlowState+1","Sanctity+1","WaveOfTheHand+1","RitualDagger","LessonLearned+1","MentalFortress","Protect+1","EmptyBody+1","Dark Shackles+1"],"relics":["PureWater","FossilizedHelix","Toxic Egg 2","CaptainsWheel","TeardropLocket","Fusion Hammer","War Paint","Art of War","Bronze Scales","Bag of Marbles","Regal Pillow","SlaversCollar","Singing Bowl","MawBank","Bag of Preparation","StrikeDummy"],"potions_floor_usage":[9,13,24,24,33],"damage_taken":[{"damage":0,"enemies":"Small Slimes","floor":1,"turns":2},{"damage":7,"enemies":"Jaw Worm","floor":2,"turns":3},{"damage":6,"enemies":"Cultist","floor":4,"turns":3},{"damage":0,"enemies":"Large Slime","floor":5,"turns":3},{"damage":7,"enemies":"3 Sentries","floor":7,"turns":5},{"damage":1,"enemies":"Looter","floor":8,"turns":4},{"damage":0,"enemies":"Blue Slaver","floor":12,"turns":3},{"damage":0,"enemies":"Gremlin Nob","floor":13,"turns":2},{"damage":19,"enemies":"Hexaghost","floor":16,"turns":8},{"damage":0,"enemies":"Spheric Guardian","floor":18,"turns":1},{"damage":0,"enemies":"2 Thieves","floor":20,"turns":3},{"damage":0,"enemies":"Centurion and Healer","floor":21,"turns":6},{"damage":21,"enemies":"Gremlin Leader","floor":24,"turns":7},{"damage":12,"enemies":"Snake Plant","floor":25,"turns":4},{"damage":17,"enemies":"Slavers","floor":29,"turns":3},{"damage":0,"enemies":"Book of Stabbing","floor":31,"turns":5},{"damage":18,"enemies":"Automaton","floor":33,"turns":10},{"damage":13,"enemies":"3 Darklings","floor":35,"turns":6},{"damage":0,"enemies":"3 Shapes","floor":36,"turns":8},{"damage":2,"enemies":"Spire Growth","floor":38,"turns":6},{"damage":35,"enemies":"3 Darklings","floor":39,"turns":10},{"damage":0,"enemies":"Nemesis","floor":41,"turns":7},{"damage":0,"enemies":"Jaw Worm Horde","floor":46,"turns":3},{"damage":0,"enemies":"4 Shapes","floor":47,"turns":4},{"damage":63,"enemies":"Giant Head","floor":48,"turns":10}],"seed_played":"-1769901301286826889","potions_obtained":[{"floor":1,"key":"Swift Potion"},{"floor":7,"key":"AttackPotion"},{"floor":8,"key":"Fruit Juice"},{"floor":12,"key":"Fire Potion"},{"floor":18,"key":"Dexterity Potion"},{"floor":20,"key":"SpeedPotion"},{"floor":31,"key":"AttackPotion"}],"is_trial":false,"path_per_floor":["M","M","?","M","M","R","E","M","T","R","?","M","E","?","R","B",null,"M","?","M","M","$","R","E","M","T","?","?","E","R","E","R","B",null,"M","M","?","M","M","$","E","R","T","?","$","M","M","E"],"character_chosen":"WATCHER","items_purchased":["Establishment","FlowState+1","War Paint","Sanctity+1","Singing Bowl","Dexterity Potion","SpeedPotion","StrikeDummy","Dark Shackles+1"],"campfire_rested":4,"item_purchase_floors":[22,22,22,22,40,40,40,45,45],"current_hp_per_floor":[56,49,49,43,43,43,36,35,40,40,40,40,40,40,40,21,62,62,62,62,62,62,76,55,43,43,37,37,20,42,42,76,58,72,59,59,59,57,22,22,22,59,59,59,59,61,63,0],"gold":123,"neow_bonus":"TWENTY_PERCENT_HP_BONUS","is_prod":false,"is_daily":false,"chose_seed":false,"campfire_upgraded":3,"win_rate":0,"timestamp":1568845896,"path_taken":["M","M","?","M","M","R","E","M","T","R","?","M","E","?","R","BOSS","M","?","M","M","$","R","E","M","T","?","?","E","R","E","R","BOSS","M","M","?","M","M","$","E","R","T","?","$","M","M","E"],"build_version":"2019-09-18","purchased_purges":1,"victory":false,"max_hp_per_floor":[77,77,71,71,71,71,71,71,76,76,76,76,76,76,76,76,76,76,76,76,76,76,76,76,76,76,76,76,76,76,76,76,76,76,76,76,76,76,76,76,76,76,76,76,76,78,80,80],"card_choices":[{"not_picked":["WindmillStrike","JustLucky"],"picked":"SandsOfTime","floor":1},{"not_picked":["WaveOfTheHand","Crescendo"],"picked":"Vengeance","floor":2},{"not_picked":["FollowUp","Wireheading"],"picked":"Protect","floor":4},{"not_picked":["Halt","Protect"],"picked":"CarveReality","floor":5},{"not_picked":["Crescendo","Prostrate"],"picked":"ClearTheMind","floor":7},{"not_picked":["JustLucky","FollowUp","CleanseEvil"],"picked":"SKIP","floor":8},{"not_picked":["FlyingSleeves","JustLucky"],"picked":"ForeignInfluence+1","floor":12},{"not_picked":["ClearTheMind+1","ForeignInfluence+1"],"picked":"Protect+1","floor":13},{"not_picked":["Protect+1","Prostrate+1","Weave"],"picked":"SKIP","floor":18},{"not_picked":["FollowUp","FlurryOfBlows","StepAndStrike"],"picked":"SKIP","floor":20},{"not_picked":["Wallop","Consecrate","Perseverance+1"],"picked":"SKIP","floor":21},{"not_picked":["ThirdEye+1","Weave"],"picked":"WaveOfTheHand+1","floor":24},{"not_picked":["Protect+1","SashWhip","BowlingBash"],"picked":"SKIP","floor":25},{"not_picked":["CutThroughFate","ThirdEye+1"],"picked":"LessonLearned","floor":29},{"not_picked":["CrushJoints","Prostrate+1","SpiritShield+1"],"picked":"SKIP","floor":31},{"not_picked":["CrushJoints","JustLucky","Weave"],"picked":"SKIP","floor":35},{"not_picked":["Collect+1","Prostrate+1","Halt+1"],"picked":"SKIP","floor":36},{"not_picked":["SashWhip+1","Sanctity+1"],"picked":"MentalFortress","floor":38},{"not_picked":["CutThroughFate+1","ClearTheMind+1"],"picked":"Protect+1","floor":39},{"not_picked":["Halt+1","Evaluate+1"],"picked":"EmptyBody+1","floor":41},{"not_picked":["JustLucky","CutThroughFate","Pray+1"],"picked":"Singing Bowl","floor":46},{"not_picked":["CrushJoints","CutThroughFate","JustLucky"],"picked":"Singing Bowl","floor":47}],"player_experience":1801575,"relics_obtained":[{"floor":7,"key":"FossilizedHelix"},{"floor":9,"key":"Toxic Egg 2"},{"floor":13,"key":"CaptainsWheel"},{"floor":24,"key":"Art of War"},{"floor":26,"key":"Bronze Scales"},{"floor":29,"key":"Bag of Marbles"},{"floor":31,"key":"Regal Pillow"},{"floor":41,"key":"MawBank"},{"floor":43,"key":"Bag of Preparation"}],"event_choices":[{"damage_healed":0,"gold_gain":0,"player_choice":"Lose Max HP","damage_taken":0,"relics_obtained":["Golden Idol"],"max_hp_gain":0,"max_hp_loss":6,"event_name":"Golden Idol","floor":3,"gold_loss":0},{"cards_removed":["Strike_P"],"damage_healed":0,"gold_gain":0,"player_choice":"Card Removal","damage_taken":0,"max_hp_gain":0,"max_hp_loss":0,"event_name":"The Cleric","floor":11,"gold_loss":50},{"damage_healed":0,"gold_gain":0,"player_choice":"Gave Potion","damage_taken":0,"relics_obtained":["TeardropLocket"],"max_hp_gain":0,"max_hp_loss":0,"event_name":"WeMeetAgain","floor":14,"gold_loss":0},{"damage_healed":0,"gold_gain":0,"player_choice":"Ignored","damage_taken":0,"max_hp_gain":0,"max_hp_loss":0,"event_name":"Vampires","floor":19,"gold_loss":0},{"damage_healed":0,"gold_gain":0,"player_choice":"Joined the Cult","damage_taken":6,"max_hp_gain":0,"max_hp_loss":0,"event_name":"Nest","floor":27,"gold_loss":0,"cards_obtained":["RitualDagger"]},{"damage_healed":0,"gold_gain":0,"player_choice":"Simplicity","damage_taken":0,"max_hp_gain":0,"max_hp_loss":0,"event_name":"Back to Basics","floor":28,"gold_loss":0,"cards_upgraded":["Strike_P","Strike_P","Defend_P","Defend_P","Defend_P"]},{"damage_healed":0,"gold_gain":0,"player_choice":"Ignored","damage_taken":0,"max_hp_gain":0,"max_hp_loss":0,"event_name":"Tomb of Lord Red Mask","floor":37,"gold_loss":0},{"damage_healed":0,"gold_gain":333,"player_choice":"Gave Idol","damage_taken":0,"max_hp_gain":0,"max_hp_loss":0,"event_name":"The Moai Head","floor":44,"relics_lost":["Golden Idol"],"gold_loss":0}],"is_beta":true,"boss_relics":[{"not_picked":["Busted Crown","Coffee Dripper"],"picked":"Fusion Hammer"},{"not_picked":["SacredBark","Runic Pyramid"],"picked":"SlaversCollar"}],"items_purged_floors":[22],"is_endless":false,"potions_floor_spawned":[1,7,8,12,18,20,31,41,46,47],"killed_by":"Giant Head","ascension_level":12}