{"gold_per_floor":[112,112,122,72,72,97,111,111,138,168,168,203,203,232,232,336,336,354,269,324,324,339,370,401,401,401,428,428,459,559,592,592,694,694,708,757,757,773,788,788,814,814,814,839,100,119,148,98,98,98],"floor_reached":51,"playtime":5431,"items_purged":["Strike_P","Strike_P"],"score":1504,"play_id":"d0710b73-fc65-4dda-9f8b-9810528740ff","local_time":"20190918142130","is_ascension_mode":true,"campfire_choices":[{"data":"MentalFortress","floor":8.0,"key":"SMITH"},{"data":"FlurryOfBlows","floor":11.0,"key":"SMITH"},{"data":"Worship","floor":13.0,"key":"SMITH"},{"data":"Eruption","floor":15.0,"key":"SMITH"},{"floor":25,"key":"REST"},{"floor":32,"key":"REST"},{"floor":40,"key":"REST"},{"floor":42,"key":"RECALL"},{"floor":49,"key":"REST"}],"neow_cost":"NONE","seed_source_timestamp":558308764538000,"circlet_count":0,"master_deck":["Strike_P","Defend_P","Defend_P","Defend_P","Defend_P","Eruption+1","Vigilance","CarveReality","EmptyFist","MentalFortress+1","ClearTheMind","FlurryOfBlows+1","Worship+1","Vault","FlurryOfBlows+1","EmptyBody+1","SashWhip","EmptyMind","ThirdEye+1","Adaptation","Perseverance+1","Establishment+1"],"special_seed":0,"relics":["HolyWater","NeowsBlessing","WarpedTongs","Regal Pillow","Ancient Tea Set","Art of War","Oddly Smooth Stone","WingedGreaves","Fusion Hammer","Letter Opener","InkBottle","Blue Candle","Singing Bowl","White Beast Statue","Smiling Mask","Eternal Feather","The Courier","Blood Vial","Torii","Melange","Ornamental Fan","Ginger","Ice Cream","TungstenRod","Shuriken","TeardropLocket"],"potions_floor_usage":[24,31,36,41,44,50,50,50],"damage_taken":[{"damage":0.0,"enemies":"Small Slimes","floor":1.0,"turns":1.0},{"damage":0.0,"enemies":"Cultist","floor":3.0,"turns":1.0},{"damage":0.0,"enemies":"3 Sentries","floor":6.0,"turns":1.0},{"damage":0.0,"enemies":"2 Louse","floor":7.0,"turns":1.0},{"damage":8.0,"enemies":"Gremlin Nob","floor":10.0,"turns":3.0},{"damage":6.0,"enemies":"Lagavulin","floor":12.0,"turns":6.0},{"damage":0.0,"enemies":"3 Sentries","floor":14.0,"turns":5.0},{"damage":0.0,"enemies":"Slime Boss","floor":16.0,"turns":7.0},{"damage":0.0,"enemies":"Spheric Guardian","floor":18.0,"turns":3.0},{"damage":6.0,"enemies":"3 Byrds","floor":22.0,"turns":5.0},{"damage":4.0,"enemies":"Gremlin Leader","floor":23.0,"turns":5.0},{"damage":6,"enemies":"Book of Stabbing","floor":24,"turns":4},{"damage":7,"enemies":"Gremlin Leader","floor":27,"turns":6},{"damage":7,"enemies":"Book of Stabbing","floor":29,"turns":4},{"damage":9,"enemies":"Slavers","floor":31,"turns":5},{"damage":11,"enemies":"Collector","floor":33,"turns":10},{"damage":0,"enemies":"3 Darklings","floor":35,"turns":4},{"damage":7,"enemies":"2 Orb Walkers","floor":36,"turns":2},{"damage":16,"enemies":"3 Shapes","floor":38,"turns":7},{"damage":14,"enemies":"Spire Growth","floor":39,"turns":4},{"damage":1,"enemies":"Nemesis","floor":41,"turns":7},{"damage":0,"enemies":"Reptomancer","floor":44,"turns":6},{"damage":18,"enemies":"3 Darklings","floor":46,"turns":6},{"damage":0,"enemies":"Giant Head","floor":47,"turns":5},{"damage":0,"enemies":"Time Eater","floor":50,"turns":6}],"seed_played":"4769371223577477189","potions_obtained":[{"floor":1.0,"key":"Energy Potion"},{"floor":6.0,"key":"Swift Potion"},{"floor":10.0,"key":"Ancient Potion"},{"floor":14.0,"key":"Dexterity Potion"},{"floor":18.0,"key":"PowerPotion"},{"floor":27,"key":"Fire Potion"},{"floor":29,"key":"DuplicationPotion"},{"floor":31,"key":"SpeedPotion"},{"floor":33,"key":"Strength Potion"},{"floor":36,"key":"Dexterity Potion"},{"floor":41,"key":"Swift Potion"},{"floor":44,"key":"GamblersBrew"},{"floor":46,"key":"Dexterity Potion"}],"is_trial":false,"path_per_floor":["M","?","M","?","?","E","M","R","T","E","R","E","R","E","R","B",null,"M","?","T","?","M","E","E","R","T","E","T","E","?","E","R","B",null,"M","?","?","M","M","R","E","R","T","E","$","M","E","$","R","B",null],"character_chosen":"WATCHER","items_purchased":["Ice Cream","TungstenRod","Shuriken"],"campfire_rested":4,"item_purchase_floors":[45,45,45],"current_hp_per_floor":[59,59,59,59,59,59,59,59,59,51,51,45,45,45,45,45,60,60,60,60,60,54,50,44,65,65,58,58,53,53,44,67,58,66,70,64,64,52,40,73,72,73,73,75,75,59,63,63,79,79],"gold":98,"neow_bonus":"THREE_ENEMY_KILL","is_prod":false,"is_daily":false,"chose_seed":false,"campfire_upgraded":4,"win_rate":0,"timestamp":1568812890,"path_taken":["M","?","?","?","?","E","M","R","T","E","R","E","R","E","R","BOSS","M","?","?","?","M","E","E","R","T","E","?","E","?","E","R","BOSS","M","?","?","?","M","R","E","R","T","E","$","M","E","?","R","BOSS"],"build_version":"2019-09-17","purchased_purges":2,"victory":true,"max_hp_per_floor":[65,65,65,65,65,65,65,65,65,65,65,65,65,65,65,65,65,65,65,65,65,65,65,65,65,65,65,65,67,67,67,67,69,69,71,71,71,73,73,73,73,73,73,75,75,77,79,79,79,79],"card_choices":[{"not_picked":["Tantrum","WaveOfTheHand"],"picked":"CarveReality","floor":1.0},{"not_picked":["ThirdEye","EmptyBody"],"picked":"EmptyFist","floor":3.0},{"not_picked":["CutThroughFate","Tantrum"],"picked":"MentalFortress","floor":6.0},{"not_picked":["Weave","CrushJoints"],"picked":"ClearTheMind","floor":7.0},{"not_picked":["Protect","InnerPeace"],"picked":"FlurryOfBlows","floor":10.0},{"not_picked":["Scrawl","FollowUp"],"picked":"Worship","floor":12.0},{"not_picked":["Blasphemy","Collect","Evaluate"],"picked":"SKIP","floor":14.0},{"not_picked":["Pray","FlowState"],"picked":"Vault","floor":16.0},{"not_picked":["ClearTheMind+1","Sanctity","Worship"],"picked":"SKIP","floor":18.0},{"not_picked":["Prostrate","Establishment"],"picked":"FlurryOfBlows+1","floor":22.0},{"not_picked":["Omniscience","PathToVictory+1"],"picked":"EmptyBody+1","floor":23.0},{"not_picked":["CleanseEvil","CutThroughFate"],"picked":"SashWhip","floor":24},{"not_picked":["Protect","SashWhip+1"],"picked":"EmptyMind","floor":27},{"not_picked":["Blasphemy","Prostrate","EmptyBody"],"picked":"Singing Bowl","floor":29},{"not_picked":["FearNoEvil","WreathOfFlame"],"picked":"ThirdEye+1","floor":31},{"not_picked":["Pray","Alpha","Nirvana"],"picked":"Singing Bowl","floor":33},{"not_picked":["EmptyMind+1","JustLucky","ClearTheMind"],"picked":"Singing Bowl","floor":35},{"not_picked":["Conclude+1","Prostrate"],"picked":"Adaptation","floor":36},{"not_picked":["Sanctity","EmptyBody+1","ThirdEye+1"],"picked":"Singing Bowl","floor":38},{"not_picked":["CleanseEvil","ThirdEye"],"picked":"Perseverance+1","floor":39},{"not_picked":["WreathOfFlame","ThirdEye+1"],"picked":"Establishment+1","floor":41},{"not_picked":["EmptyFist","SpiritShield","Worship"],"picked":"Singing Bowl","floor":44},{"not_picked":["Omniscience","WaveOfTheHand","Devotion"],"picked":"Singing Bowl","floor":46},{"not_picked":["Vengeance","ClearTheMind","Sanctity"],"picked":"Singing Bowl","floor":47}],"player_experience":1776978,"relics_obtained":[{"floor":6.0,"key":"Regal Pillow"},{"floor":9.0,"key":"Ancient Tea Set"},{"floor":10.0,"key":"Art of War"},{"floor":12.0,"key":"Oddly Smooth Stone"},{"floor":14.0,"key":"WingedGreaves"},{"floor":20.0,"key":"InkBottle"},{"floor":23.0,"key":"Blue Candle"},{"floor":24,"key":"Singing Bowl"},{"floor":26,"key":"White Beast Statue"},{"floor":27,"key":"Smiling Mask"},{"floor":28,"key":"Eternal Feather"},{"floor":29,"key":"The Courier"},{"floor":31,"key":"Blood Vial"},{"floor":36,"key":"Torii"},{"floor":41,"key":"Melange"},{"floor":43,"key":"Ornamental Fan"},{"floor":44,"key":"Ginger"},{"floor":47,"key":"TeardropLocket"}],"event_choices":[{"damage_healed":0.0,"max_hp_gain":0.0,"max_hp_loss":0.0,"gold_gain":0.0,"event_name":"Accursed Blacksmith","player_choice":"Rummage","floor":2.0,"gold_loss":0.0,"damage_taken":0.0,"relics_obtained":["WarpedTongs"],"cards_obtained":["Pain"]},{"cards_removed":["Pain"],"damage_healed":0.0,"max_hp_gain":0.0,"max_hp_loss":0.0,"gold_gain":0.0,"event_name":"The Cleric","player_choice":"Card Removal","floor":4.0,"gold_loss":50.0,"damage_taken":0.0},{"damage_healed":0.0,"max_hp_gain":0.0,"max_hp_loss":0.0,"gold_gain":0.0,"event_name":"Liars Game","player_choice":"Ignored","floor":5.0,"gold_loss":0.0,"damage_taken":0.0},{"damage_healed":0.0,"max_hp_gain":0.0,"max_hp_loss":0.0,"gold_gain":0.0,"event_name":"Addict","player_choice":"Obtained Relic","floor":19.0,"gold_loss":85.0,"damage_taken":0.0,"relics_obtained":["Letter Opener"]},{"damage_healed":0.0,"max_hp_gain":0.0,"max_hp_loss":0.0,"gold_gain":0.0,"event_name":"Vampires","player_choice":"Ignored","floor":21.0,"gold_loss":0.0,"damage_taken":0.0},{"damage_healed":0,"gold_gain":100,"player_choice":"Pray","damage_taken":0,"max_hp_gain":0,"max_hp_loss":0,"event_name":"Golden Shrine","floor":30,"gold_loss":0},{"damage_healed":0,"gold_gain":0,"player_choice":"Fight","damage_taken":0,"max_hp_gain":0,"max_hp_loss":0,"event_name":"Mysterious Sphere","floor":36,"gold_loss":0},{"cards_removed":["Strike_P"],"damage_healed":0,"gold_gain":0,"player_choice":"Offered Basic","damage_taken":0,"max_hp_gain":0,"max_hp_loss":0,"event_name":"Bonfire Elementals","floor":37,"gold_loss":0}],"is_beta":true,"boss_relics":[{"not_picked":["Runic Dome","Empty Cage"],"picked":"Fusion Hammer"},{"not_picked":["Snecko Eye","Coffee Dripper"],"picked":"HolyWater"}],"items_purged_floors":[45,48],"is_endless":false,"potions_floor_spawned":[1,6,10,12,14,18,27,29,31,33,35,36,38,39,41,44,46,47],"ascension_level":9}