{"gold_per_floor":[219,169,169,169,181,181,195,195,195,195,205,61,6,20,20,115,115,128,156,31,31,56,56,90,90,90,90,109,24,43,77,77,178,178,196,1195,1417,1417,1434,1434,1461,1506,1561,1561,1561,1572,55,67,67,67],"floor_reached":51,"playtime":4453,"items_purged":["Vigilance","Strike_P"],"score":719,"play_id":"09e42962-9197-45bf-a5a1-57e8a4201751","local_time":"20190912010937","is_ascension_mode":false,"campfire_choices":[{"data":"CrushJoints","floor":6,"key":"SMITH"},{"data":"FlyingSleeves","floor":8,"key":"SMITH"},{"data":"EmptyBody","floor":10,"key":"SMITH"},{"data":"Conclude","floor":15,"key":"SMITH"},{"data":"Wallop","floor":23,"key":"SMITH"},{"data":"Swivel","floor":25,"key":"SMITH"},{"floor":27,"key":"REST"},{"data":"Devotion","floor":32,"key":"SMITH"},{"floor":40,"key":"REST"},{"data":"Strike_P","floor":45,"key":"SMITH"},{"data":"Vault","floor":49,"key":"SMITH"}],"neow_cost":"NONE","seed_source_timestamp":2056380821261200,"circlet_count":0,"master_deck":["Strike_P+1","Defend_P+1","Defend_P+1","Defend_P+1","FlyingSleeves+1","CrushJoints+1","EmptyBody+1","InnerPeace+1","Devotion+1","Conclude+1","Wallop+1","Swivel+1","StepAndStrike+1","Metaphysics+1","EmptyMind+1","Sanctity+1","StepAndStrike+1","Vault+1","Adaptation","EmptyMind+1"],"relics":["PureWater","Pear","The Courier","Darkstone Periapt","Snecko Eye","Red Mask","Omamori","Pen Nib","Toxic Egg 2","Blue Candle","War Paint","Lantern","Empty Cage","Art of War","Ice Cream","Potion Belt","Thread and Needle","TheAbacus","InkBottle","Unceasing Top","Bag of Preparation","Happy Flower","Bronze Scales"],"potions_floor_usage":[19,31,33,33,50,50,50,50],"damage_taken":[{"damage":2,"enemies":"Jaw Worm","floor":1,"turns":8},{"damage":0,"enemies":"Small Slimes","floor":5,"turns":2},{"damage":0,"enemies":"2 Louse","floor":7,"turns":3},{"damage":0,"enemies":"Blue Slaver","floor":11,"turns":4},{"damage":6,"enemies":"Gremlin Gang","floor":14,"turns":3},{"damage":46,"enemies":"The Guardian","floor":16,"turns":11},{"damage":7,"enemies":"3 Byrds","floor":18,"turns":6},{"damage":7,"enemies":"Masked Bandits","floor":19,"turns":4},{"damage":34,"enemies":"Gremlin Leader","floor":24,"turns":4},{"damage":0,"enemies":"Shell Parasite","floor":28,"turns":1},{"damage":0,"enemies":"Cultist and Chosen","floor":30,"turns":3},{"damage":6,"enemies":"Slavers","floor":31,"turns":4},{"damage":27,"enemies":"Collector","floor":33,"turns":8},{"damage":0,"enemies":"3 Darklings","floor":35,"turns":4},{"damage":10,"enemies":"Orb Walker","floor":39,"turns":3},{"damage":39,"enemies":"2 Orb Walkers","floor":42,"turns":5},{"damage":0,"enemies":"Spire Growth","floor":46,"turns":5},{"damage":0,"enemies":"Sphere and 2 Shapes","floor":48,"turns":4},{"damage":0,"enemies":"Donu and Deca","floor":50,"turns":13}],"seed_played":"2382264195240532723","potions_obtained":[{"floor":1,"key":"Dexterity Potion"},{"floor":14,"key":"Ancient Potion"},{"floor":16,"key":"Strength Potion"},{"floor":24,"key":"Poison Potion"},{"floor":28,"key":"Block Potion"},{"floor":35,"key":"Ancient Potion"},{"floor":42,"key":"Block Potion"}],"is_trial":false,"path_per_floor":["M","?","?","?","M","R","M","R","T","R","M","$","?","M","R","B",null,"M","?","$","?","T","R","E","R","T","R","M","?","M","E","R","B",null,"M","?","?","?","M","R","T","?","T","?","R","M","$","M","R","B",null],"character_chosen":"WATCHER","items_purchased":["Devotion","Conclude","Omamori","Vault","Thread and Needle","TheAbacus","InkBottle","Adaptation","EmptyMind+1","Unceasing Top","Bag of Preparation","Happy Flower","Bronze Scales","EssenceOfSteel","Regen Potion","EssenceOfSteel","SpeedPotion"],"campfire_rested":2,"item_purchase_floors":[12,12,20,47,47,47,47,47,47,47,47,47,47,47,47,47,47],"current_hp_per_floor":[63,63,70,55,55,55,55,55,55,55,55,55,55,49,49,3,75,68,61,61,61,61,61,27,27,27,49,49,49,49,43,43,16,75,75,75,75,75,65,75,75,36,36,66,66,66,66,66,66,66],"gold":67,"neow_bonus":"HUNDRED_GOLD","is_prod":false,"is_daily":false,"chose_seed":false,"campfire_upgraded":9,"win_rate":0.0,"timestamp":1568246977,"path_taken":["M","?","?","?","M","R","M","R","T","R","M","$","?","?","R","BOSS","M","?","$","?","?","R","E","R","T","R","M","?","M","E","R","BOSS","M","?","?","?","M","R","?","?","T","?","R","M","$","M","R","BOSS"],"build_version":"2019-09-10","purchased_purges":2,"victory":true,"max_hp_per_floor":[65,65,75,75,75,75,75,75,75,75,75,75,75,75,75,75,75,75,75,75,75,75,75,75,75,75,75,75,75,75,75,75,75,75,75,75,75,75,75,75,75,75,75,66,66,66,66,66,66,66],"card_choices":[{"not_picked":["ForeignInfluence","WaveOfTheHand"],"picked":"FlyingSleeves","floor":1},{"not_picked":["Collect","Protect"],"picked":"CrushJoints","floor":5},{"not_picked":["WaveOfTheHand","Crescendo"],"picked":"EmptyBody","floor":7},{"not_picked":["CrushJoints","Consecrate"],"picked":"InnerPeace","floor":11},{"not_picked":["ClearTheMind","BowlingBash","JustLucky"],"picked":"SKIP","floor":14},{"not_picked":["Metaphysics","Unraveling"],"picked":"Wallop","floor":16},{"not_picked":["Weave","Halt"],"picked":"Swivel","floor":18},{"not_picked":["FlurryOfBlows","ForeignInfluence+1","Omniscience"],"picked":"SKIP","floor":24},{"not_picked":["EmptyBody+1","EmptyMind+1"],"picked":"StepAndStrike+1","floor":28},{"not_picked":["Halt+1","Weave","Consecrate+1"],"picked":"SKIP","floor":30},{"not_picked":["Prostrate+1","Consecrate","Conclude"],"picked":"SKIP","floor":31},{"not_picked":["Omniscience+1","Brilliance+1"],"picked":"Metaphysics+1","floor":33},{"not_picked":["Conclude","ThirdEye+1","MentalFortress"],"picked":"SKIP","floor":35},{"not_picked":["Conclude","Vengeance+1"],"picked":"EmptyMind+1","floor":39},{"not_picked":["Fasting+1","EmptyMind+1"],"picked":"Sanctity+1","floor":42},{"not_picked":["FlurryOfBlows+1","EmptyMind+1"],"picked":"StepAndStrike+1","floor":46},{"not_picked":["CleanseEvil+1","Weave","EmptyMind+1"],"picked":"SKIP","floor":48}],"player_experience":1685089,"relics_obtained":[{"floor":9,"key":"The Courier"},{"floor":19,"key":"Red Mask"},{"floor":22,"key":"Pen Nib"},{"floor":24,"key":"Toxic Egg 2"},{"floor":26,"key":"Blue Candle"},{"floor":31,"key":"Lantern"},{"floor":41,"key":"Art of War"},{"floor":42,"key":"Ice Cream"},{"floor":43,"key":"Potion Belt"}],"event_choices":[{"cards_removed":["Strike_P"],"damage_healed":0,"gold_gain":0,"player_choice":"Card Removal","damage_taken":0,"max_hp_gain":0,"max_hp_loss":0,"event_name":"The Cleric","floor":2,"gold_loss":50},{"damage_healed":0,"gold_gain":0,"player_choice":"Success","damage_taken":3,"relics_obtained":["Pear"],"max_hp_gain":0,"max_hp_loss":0,"event_name":"Scrap Ooze","floor":3,"gold_loss":0},{"damage_healed":0,"gold_gain":0,"player_choice":"Entered Light","damage_taken":15,"max_hp_gain":0,"max_hp_loss":0,"event_name":"Shining Light","floor":4,"gold_loss":0,"cards_upgraded":["Defend_P","Defend_P"]},{"damage_healed":0,"gold_gain":0,"player_choice":"Paid Gold","damage_taken":0,"relics_obtained":["Darkstone Periapt"],"max_hp_gain":0,"max_hp_loss":0,"event_name":"WeMeetAgain","floor":13,"gold_loss":55},{"damage_healed":0,"gold_gain":0,"player_choice":"Fought Bandits","damage_taken":0,"max_hp_gain":0,"max_hp_loss":0,"event_name":"Masked Bandits","floor":19,"gold_loss":0},{"damage_healed":0,"gold_gain":0,"player_choice":"Ignored","damage_taken":0,"max_hp_gain":0,"max_hp_loss":0,"event_name":"Vampires","floor":21,"gold_loss":0},{"damage_healed":0,"gold_gain":0,"player_choice":"Obtained Relic","damage_taken":0,"relics_obtained":["War Paint"],"max_hp_gain":0,"max_hp_loss":0,"event_name":"Addict","floor":29,"gold_loss":85},{"damage_healed":0,"gold_gain":999,"player_choice":"Gold","damage_taken":0,"max_hp_gain":0,"max_hp_loss":0,"event_name":"MindBloom","floor":36,"gold_loss":0,"cards_obtained":["Normality","Normality"]},{"damage_healed":0,"gold_gain":222,"player_choice":"Wore Mask","damage_taken":0,"max_hp_gain":0,"max_hp_loss":0,"event_name":"Tomb of Lord Red Mask","floor":37,"gold_loss":0},{"cards_removed":["Eruption"],"damage_healed":0,"gold_gain":0,"player_choice":"Removed Attack","damage_taken":0,"max_hp_gain":0,"max_hp_loss":0,"event_name":"Falling","floor":38,"gold_loss":0},{"damage_healed":0,"gold_gain":0,"player_choice":"Fight","damage_taken":0,"max_hp_gain":0,"max_hp_loss":0,"event_name":"Mysterious Sphere","floor":42,"gold_loss":0},{"damage_healed":66,"gold_gain":0,"player_choice":"Heal","damage_taken":0,"max_hp_gain":0,"max_hp_loss":9,"event_name":"The Moai Head","floor":44,"gold_loss":0}],"is_beta":true,"boss_relics":[{"not_picked":["Sozu","Black Star"],"picked":"Snecko Eye"},{"not_picked":["SacredBark","Tiny House"],"picked":"Empty Cage"}],"items_purged_floors":[12,47],"is_endless":false,"potions_floor_spawned":[1,14,16,24,28,35,42],"ascension_level":0}