{"gold_per_floor":[115,115,128,141,160,160,216,216,240,240,261,261,275,294,294,376,376,396,419,439,18,45,45,45],"floor_reached":24,"playtime":1382,"items_purged":["Strike_P"],"score":356,"play_id":"622ecc6e-1ea7-4f34-b6a7-5ae4956b79cc","local_time":"20190929214209","is_ascension_mode":true,"campfire_choices":[{"data":"Consecrate","floor":6,"key":"SMITH"},{"data":"Eruption","floor":10,"key":"SMITH"},{"data":"Protect","floor":12,"key":"SMITH"},{"data":"Alpha","floor":15,"key":"SMITH"},{"floor":23,"key":"REST"}],"neow_cost":"NONE","seed_source_timestamp":1539401089902700,"circlet_count":0,"master_deck":["AscendersBane","Strike_P","Strike_P","Strike_P","Defend_P","Defend_P","Defend_P","Defend_P","Eruption+1","Vigilance","Protect+1","Vault","Consecrate+1","Protect","Vengeance","JustLucky","Alpha+1","EmptyBody","ConjureBlade","EmptyBody","ThirdEye+1","WheelKick"],"relics":["PureWater","FaceOfCleric","Tiny Chest","Bronze Scales","CeramicFish","Black Star","Chemical X","Lantern","Pen Nib"],"potions_floor_usage":[14,18,20],"damage_taken":[{"damage":2,"enemies":"Jaw Worm","floor":1,"turns":3},{"damage":0,"enemies":"Cultist","floor":3,"turns":4},{"damage":1,"enemies":"2 Louse","floor":4,"turns":3},{"damage":11,"enemies":"Lots of Slimes","floor":5,"turns":4},{"damage":17,"enemies":"Gremlin Nob","floor":7,"turns":4},{"damage":0,"enemies":"Large Slime","floor":11,"turns":3},{"damage":0,"enemies":"2 Fungi Beasts","floor":14,"turns":2},{"damage":17,"enemies":"Slime Boss","floor":16,"turns":8},{"damage":27,"enemies":"Shell Parasite","floor":18,"turns":6},{"damage":10,"enemies":"3 Byrds","floor":19,"turns":4},{"damage":22,"enemies":"Centurion and Healer","floor":20,"turns":6},{"damage":37,"enemies":"Book of Stabbing","floor":24,"turns":4}],"seed_played":"2094200784708684013","potions_obtained":[{"floor":1,"key":"SpeedPotion"},{"floor":5,"key":"StancePotion"},{"floor":7,"key":"Strength Potion"},{"floor":14,"key":"Energy Potion"},{"floor":18,"key":"Energy Potion"}],"is_trial":false,"path_per_floor":["M","?","M","M","M","R","E","T","T","R","M","R","?","M","R","B",null,"M","M","M","$","T","R","E"],"character_chosen":"WATCHER","items_purchased":["Chemical X","Lantern","WheelKick"],"campfire_rested":1,"item_purchase_floors":[21,21,21],"current_hp_per_floor":[65,65,66,66,56,56,40,40,40,40,41,41,41,42,42,26,67,41,32,11,11,11,36,0],"gold":45,"neow_bonus":"TEN_PERCENT_HP_BONUS","is_prod":false,"is_daily":false,"chose_seed":false,"campfire_upgraded":4,"win_rate":0,"timestamp":1569789729,"path_taken":["M","?","?","M","M","R","E","?","T","R","M","R","?","M","R","BOSS","M","M","M","$","?","R","E"],"build_version":"2019-09-27","purchased_purges":1,"victory":false,"max_hp_per_floor":[74,74,75,76,77,77,78,78,78,78,79,79,79,80,80,81,81,82,83,84,84,84,84,84],"card_choices":[{"not_picked":["JustLucky","BowlingBash"],"picked":"Protect","floor":1},{"not_picked":["CutThroughFate","Scrawl"],"picked":"Vault","floor":3},{"not_picked":["FearNoEvil","BowlingBash"],"picked":"Consecrate","floor":4},{"not_picked":["Prostrate","Halt"],"picked":"Protect","floor":5},{"not_picked":["FlyingSleeves","Weave","Swivel"],"picked":"SKIP","floor":7},{"not_picked":["FlyingSleeves","Prostrate"],"picked":"Vengeance","floor":11},{"not_picked":["CutThroughFate","Worship"],"picked":"EmptyBody","floor":14},{"not_picked":["Brilliance","Blasphemy"],"picked":"ConjureBlade","floor":16},{"not_picked":["Devotion","EmptyFist","SpiritShield"],"picked":"SKIP","floor":18},{"not_picked":["EmptyFist","Crescendo+1"],"picked":"EmptyBody","floor":19},{"not_picked":["Conclude","Devotion"],"picked":"ThirdEye+1","floor":20}],"player_experience":1827565,"relics_obtained":[{"floor":7,"key":"Tiny Chest"},{"floor":8,"key":"Bronze Scales"},{"floor":9,"key":"CeramicFish"},{"floor":22,"key":"Pen Nib"}],"event_choices":[{"damage_healed":0,"gold_gain":0,"player_choice":"Trade","damage_taken":0,"relics_obtained":["FaceOfCleric"],"max_hp_gain":0,"max_hp_loss":0,"event_name":"FaceTrader","floor":2,"gold_loss":0},{"damage_healed":0,"gold_gain":0,"player_choice":"2 cards matched","damage_taken":0,"max_hp_gain":0,"max_hp_loss":0,"event_name":"Match and Keep!","floor":13,"gold_loss":0,"cards_obtained":["JustLucky","Alpha"]}],"is_beta":true,"boss_relics":[{"not_picked":["Empty Cage","Busted Crown"],"picked":"Black Star"}],"items_purged_floors":[21],"is_endless":false,"potions_floor_spawned":[1,5,7,11,14,18],"killed_by":"Book of Stabbing","ascension_level":16}