{"gold_per_floor":[20,38,56,56,56,56,91,91,138,138,138,154,154,184,184,261,261,274,324,313,95,113,113,113,113,113,113,124,124],"floor_reached":29,"playtime":1566,"items_purged":["Parasite"],"score":506,"play_id":"8d788ca6-0609-40b0-b24a-68ca694a4a56","local_time":"20190930220303","is_ascension_mode":true,"campfire_choices":[{"data":"Eruption","floor":6,"key":"SMITH"},{"data":"Halt","floor":8,"key":"SMITH"},{"floor":13,"key":"REST"},{"floor":15,"key":"REST"},{"floor":23,"key":"REST"},{"floor":27,"key":"REST"}],"neow_cost":"NO_GOLD","seed_source_timestamp":1626875842599100,"circlet_count":0,"master_deck":["AscendersBane","Strike_P","Strike_P","Strike_P","Defend_P","Defend_P","Defend_P+1","Eruption+1","Vigilance","FlyingSleeves+1","Tantrum","Devotion+1","Halt+1","Establishment","Sanctity","Vault","FearNoEvil","SandsOfTime","Protect","Devotion","Perseverance"],"relics":["PureWater","Oddly Smooth Stone","MealTicket","Gremlin Horn","Sozu","Dodecahedron","Vajra"],"potions_floor_usage":[7,14,14],"damage_taken":[{"damage":2,"enemies":"Small Slimes","floor":1,"turns":4},{"damage":1,"enemies":"2 Louse","floor":2,"turns":3},{"damage":7,"enemies":"Jaw Worm","floor":3,"turns":4},{"damage":22,"enemies":"Gremlin Nob","floor":7,"turns":4},{"damage":5,"enemies":"3 Louse","floor":12,"turns":2},{"damage":22,"enemies":"3 Sentries","floor":14,"turns":8},{"damage":0,"enemies":"Slime Boss","floor":16,"turns":7},{"damage":4,"enemies":"Chosen","floor":18,"turns":5},{"damage":36,"enemies":"2 Thieves","floor":20,"turns":4},{"damage":19,"enemies":"Snake Plant","floor":22,"turns":5},{"damage":28,"enemies":"Shelled Parasite and Fungi","floor":28,"turns":5},{"damage":31,"enemies":"Slavers","floor":29,"turns":3}],"seed_played":"124004453750108371","potions_obtained":[{"floor":2,"key":"Explosive Potion"},{"floor":3,"key":"Swift Potion"},{"floor":12,"key":"AttackPotion"}],"is_trial":false,"path_per_floor":["M","M","M","?","?","R","E","R","T","?","?","M","R","E","R","B",null,"M","?","M","$","M","R","?","T","T","R","M","E"],"character_chosen":"WATCHER","items_purchased":["SandsOfTime","Protect"],"campfire_rested":4,"item_purchase_floors":[21,21],"current_hp_per_floor":[59,58,51,51,51,51,29,29,29,9,26,21,41,19,39,39,61,57,57,21,36,17,36,36,36,36,55,27,0],"gold":124,"neow_bonus":"REMOVE_TWO","is_prod":false,"is_daily":false,"chose_seed":false,"campfire_upgraded":2,"win_rate":0,"timestamp":1569877383,"path_taken":["M","M","M","?","?","R","E","R","T","?","?","?","R","E","R","BOSS","M","?","M","$","?","R","?","?","T","R","M","E"],"build_version":"2019-09-27","purchased_purges":1,"victory":false,"max_hp_per_floor":[68,68,68,68,68,68,68,68,68,68,68,68,68,68,68,68,68,68,68,68,65,65,65,65,65,65,65,65,65],"card_choices":[{"not_picked":["Crescendo","FollowUp"],"picked":"FlyingSleeves","floor":1},{"not_picked":["ThirdEye","EmptyFist"],"picked":"Tantrum","floor":2},{"not_picked":["FollowUp","Weave"],"picked":"Devotion","floor":3},{"not_picked":["ClearTheMind","WindmillStrike"],"picked":"Halt","floor":7},{"not_picked":["Halt","Weave"],"picked":"Establishment","floor":12},{"not_picked":["Crescendo","Vengeance"],"picked":"Sanctity","floor":14},{"not_picked":["Pray","LessonLearned"],"picked":"Vault","floor":16},{"not_picked":["Worship","JustLucky"],"picked":"FearNoEvil","floor":18},{"not_picked":["Sanctity","ThirdEye","SashWhip"],"picked":"SKIP","floor":20},{"not_picked":["Sanctity","PathToVictory","Weave"],"picked":"SKIP","floor":22},{"not_picked":["EmptyFist","Sanctity"],"picked":"Perseverance","floor":28}],"player_experience":1835352,"relics_obtained":[{"floor":7,"key":"Oddly Smooth Stone"},{"floor":9,"key":"MealTicket"},{"floor":14,"key":"Gremlin Horn"},{"floor":25,"key":"Dodecahedron"},{"floor":26,"key":"Vajra"}],"event_choices":[{"damage_healed":0,"gold_gain":0,"player_choice":"Ignored","damage_taken":0,"max_hp_gain":0,"max_hp_loss":0,"event_name":"Liars Game","floor":4,"gold_loss":0},{"damage_healed":0,"gold_gain":0,"player_choice":"Grow","damage_taken":0,"max_hp_gain":0,"max_hp_loss":0,"event_name":"Living Wall","floor":5,"gold_loss":0,"cards_upgraded":["FlyingSleeves"]},{"damage_healed":0,"gold_gain":0,"player_choice":"Entered Light","damage_taken":20,"max_hp_gain":0,"max_hp_loss":0,"event_name":"Shining Light","floor":10,"gold_loss":0,"cards_upgraded":["Devotion","Defend_P"]},{"damage_healed":17,"gold_gain":0,"player_choice":"Healed and dodged fight","damage_taken":0,"max_hp_gain":0,"max_hp_loss":0,"event_name":"Mushrooms","floor":11,"gold_loss":0,"cards_obtained":["Parasite"]},{"damage_healed":0,"gold_gain":50,"player_choice":"Pray","damage_taken":0,"max_hp_gain":0,"max_hp_loss":0,"event_name":"Golden Shrine","floor":19,"gold_loss":0},{"damage_healed":0,"gold_gain":0,"player_choice":"Read","damage_taken":0,"max_hp_gain":0,"max_hp_loss":0,"event_name":"The Library","floor":24,"gold_loss":0,"cards_obtained":["Devotion"]}],"is_beta":true,"boss_relics":[{"not_picked":["VioletLotus","Cursed Key"],"picked":"Sozu"}],"items_purged_floors":[21],"is_endless":false,"potions_floor_spawned":[2,3,12,20,22],"killed_by":"Slavers","ascension_level":16}