{"gold_per_floor":[113,125,138,288,33,58,58,89,128,140,217,229,241,292,304,410,422,473,540,591,661,723,735,797,809,821,833,884,896,212,244,244,321,321,382,382],"floor_reached":36,"playtime":2578,"items_purged":["Doubt","Strike_P"],"score":970,"play_id":"04e14094-1d31-4307-84d3-a6db8ad60e88","local_time":"20191001015318","is_ascension_mode":true,"campfire_choices":[{"data":"Eruption","floor":7.0,"key":"SMITH"},{"floor":10.0,"key":"REST"},{"floor":12.0,"key":"REST"},{"data":"SashWhip","floor":15.0,"key":"SMITH"},{"floor":23.0,"key":"REST"},{"floor":27.0,"key":"REST"},{"floor":29.0,"key":"REST"},{"data":"Protect","floor":32,"key":"SMITH"}],"neow_cost":"NONE","seed_source_timestamp":1639655460151500,"circlet_count":0,"master_deck":["AscendersBane","Strike_P","Defend_P","Defend_P","Defend_P+1","Defend_P","Eruption+1","Vigilance","SashWhip+1","WindmillStrike+1","FlurryOfBlows","HandOfGreed","EmptyFist","DevaForm","Sanctity","EmptyBody","InnerPeace","Protect+1","MentalFortress","MentalFortress","Sanctity","FlurryOfBlows","Wish","Prostrate+1"],"special_seed":0,"relics":["HolyWater","Happy Flower","MawBank","Strawberry","FossilizedHelix","Red Mask","Ornamental Fan","DollysMirror","Pen Nib","Ancient Tea Set","Toy Ornithopter","Empty Cage"],"potions_floor_usage":[35],"damage_taken":[{"damage":8.0,"enemies":"Small Slimes","floor":1.0,"turns":4.0},{"damage":2.0,"enemies":"Jaw Worm","floor":2.0,"turns":3.0},{"damage":1.0,"enemies":"Cultist","floor":3.0,"turns":4.0},{"damage":17.0,"enemies":"Lagavulin","floor":6.0,"turns":7.0},{"damage":16.0,"enemies":"Gremlin Nob","floor":8.0,"turns":3.0},{"damage":30.0,"enemies":"3 Sentries","floor":11.0,"turns":7.0},{"damage":0.0,"enemies":"Lots of Slimes","floor":14.0,"turns":3.0},{"damage":0.0,"enemies":"Slime Boss","floor":16.0,"turns":6.0},{"damage":0.0,"enemies":"3 Byrds","floor":18.0,"turns":5.0},{"damage":18.0,"enemies":"Masked Bandits","floor":19.0,"turns":5.0},{"damage":10.0,"enemies":"Spheric Guardian","floor":20.0,"turns":4.0},{"damage":17.0,"enemies":"Centurion and Healer","floor":21.0,"turns":8.0},{"damage":5.0,"enemies":"3 Cultists","floor":24.0,"turns":7.0},{"damage":12.0,"enemies":"Snake Plant","floor":28.0,"turns":4.0},{"damage":21,"enemies":"Gremlin Leader","floor":31,"turns":7},{"damage":0,"enemies":"Champ","floor":33,"turns":14},{"damage":45,"enemies":"3 Shapes","floor":35,"turns":11},{"damage":35,"enemies":"Orb Walker","floor":36,"turns":6}],"seed_played":"-2443430199090842117","potions_obtained":[{"floor":3.0,"key":"Ancient Potion"},{"floor":6.0,"key":"Energy Potion"},{"floor":14.0,"key":"Energy Potion"},{"floor":16.0,"key":"LiquidBronze"},{"floor":19.0,"key":"LiquidBronze"},{"floor":31,"key":"Weak Potion"}],"is_trial":false,"path_per_floor":["M","M","M","?","$","E","R","E","T","R","E","R","?","M","R","B",null,"M","?","M","M","?","R","M","$","T","R","M","R","$","E","R","B",null,"M","M"],"character_chosen":"WATCHER","items_purchased":["HandOfGreed","MentalFortress","DollysMirror","Pen Nib","Ancient Tea Set","Sanctity"],"campfire_rested":5,"item_purchase_floors":[5,30,30,30,30,30],"current_hp_per_floor":[53,51,50,50,50,33,33,17,24,46,16,38,15,15,15,15,60,60,42,32,15,15,37,32,32,32,54,42,64,64,43,43,43,67,27,0],"gold":382,"neow_bonus":"THREE_CARDS","is_prod":false,"is_daily":false,"chose_seed":false,"campfire_upgraded":3,"win_rate":0,"timestamp":1569891198,"path_taken":["M","M","M","?","$","E","R","E","T","R","E","R","?","M","R","BOSS","M","?","M","M","?","R","M","?","T","R","M","R","$","E","R","BOSS","M","?"],"build_version":"2019-09-27","purchased_purges":2,"victory":false,"max_hp_per_floor":[68,68,68,68,68,68,68,68,75,75,75,75,75,75,75,75,75,75,75,75,75,75,75,75,75,75,75,75,75,75,75,75,75,75,75,75],"card_choices":[{"not_picked":["WaveOfTheHand","FlyingSleeves"],"picked":"SashWhip","floor":0.0},{"not_picked":["JustLucky","BowlingBash"],"picked":"WindmillStrike","floor":1.0},{"not_picked":["SashWhip","Sanctity"],"picked":"FlurryOfBlows","floor":2.0},{"not_picked":["Prostrate","Halt","Fasting"],"picked":"SKIP","floor":3.0},{"not_picked":["Halt","PathToVictory"],"picked":"EmptyFist","floor":6.0},{"not_picked":["Omniscience","BowlingBash","WreathOfFlame"],"picked":"SKIP","floor":8.0},{"not_picked":["Conclude","CrushJoints","Omniscience"],"picked":"SKIP","floor":11.0},{"not_picked":["Sanctity","SashWhip","Wireheading"],"picked":"SKIP","floor":14.0},{"not_picked":["Alpha","ReachHeaven"],"picked":"DevaForm","floor":16.0},{"not_picked":["Consecrate","FlyingSleeves"],"picked":"Sanctity","floor":18.0},{"not_picked":["ClearTheMind","Scrawl+1"],"picked":"EmptyBody","floor":19.0},{"not_picked":["Protect","Conclude+1"],"picked":"InnerPeace","floor":20.0},{"not_picked":["SandsOfTime","FlyingSleeves","BowlingBash+1"],"picked":"SKIP","floor":21.0},{"not_picked":["Collect","Halt","CarveReality"],"picked":"SKIP","floor":24.0},{"not_picked":["Scrawl","MasterReality"],"picked":"Protect","floor":28.0},{"not_picked":["JustLucky","Halt"],"picked":"FlurryOfBlows","floor":31},{"not_picked":["Blasphemy","Omniscience"],"picked":"Wish","floor":33},{"not_picked":["EmptyFist","Crescendo"],"picked":"Prostrate+1","floor":35}],"player_experience":1839445,"relics_obtained":[{"floor":6.0,"key":"Happy Flower"},{"floor":8.0,"key":"MawBank"},{"floor":9.0,"key":"Strawberry"},{"floor":11.0,"key":"FossilizedHelix"},{"floor":19.0,"key":"Red Mask"},{"floor":26.0,"key":"Ornamental Fan"},{"floor":31,"key":"Toy Ornithopter"}],"event_choices":[{"damage_healed":0.0,"max_hp_gain":0.0,"max_hp_loss":0.0,"gold_gain":150.0,"event_name":"Liars Game","player_choice":"AGREE","floor":4.0,"gold_loss":0.0,"damage_taken":0.0,"cards_obtained":["Doubt"]},{"damage_healed":0.0,"max_hp_gain":0.0,"max_hp_loss":0.0,"gold_gain":0.0,"event_name":"Shining Light","player_choice":"Entered Light","floor":13.0,"gold_loss":0.0,"damage_taken":23.0,"cards_upgraded":["Defend_P","WindmillStrike"]},{"damage_healed":0.0,"max_hp_gain":0.0,"max_hp_loss":0.0,"gold_gain":0.0,"event_name":"Masked Bandits","player_choice":"Fought Bandits","floor":19.0,"gold_loss":0.0,"damage_taken":0.0},{"damage_healed":0.0,"max_hp_gain":0.0,"max_hp_loss":0.0,"gold_gain":50.0,"event_name":"Nest","player_choice":"Stole From Cult","floor":22.0,"gold_loss":0.0,"damage_taken":0.0}],"is_beta":true,"boss_relics":[{"not_picked":["Black Star","Ectoplasm"],"picked":"HolyWater"},{"not_picked":["Pandora\u0027s Box","Calling Bell"],"picked":"Empty Cage"}],"items_purged_floors":[5,30],"is_endless":false,"potions_floor_spawned":[3,6,14,16,19,24,31],"killed_by":"Orb Walker","ascension_level":16}