{"gold_per_floor":[113,113,126,140,140,140,140,140,188,188,218,234,269,30,30,103,103,116,76,94,113,125,159,159,159,159,192,9,9,9,19,19,133,133,148,148,194,234,63,63,81,81,108,108,119,23,55,55,55,55],"floor_reached":51,"playtime":5785,"items_purged":["Defend_P","Defend_P"],"score":1326,"play_id":"ca07e8f9-ecac-40cf-b7e4-90087544a4dc","local_time":"20191001235032","is_ascension_mode":true,"campfire_choices":[{"data":"Eruption","floor":6.0,"key":"SMITH"},{"data":"FlurryOfBlows","floor":8.0,"key":"SMITH"},{"floor":10.0,"key":"REST"},{"data":"LessonLearned","floor":15.0,"key":"SMITH"},{"floor":25.0,"key":"REST"},{"floor":29.0,"key":"REST"},{"data":"Vault","floor":32.0,"key":"SMITH"},{"floor":40,"key":"RECALL"}],"neow_cost":"NONE","seed_source_timestamp":0,"circlet_count":0,"master_deck":["AscendersBane","Strike_P+1","Defend_P+1","Defend_P+1","Eruption+1","Vigilance+1","FlurryOfBlows+1","Devotion+1","Sanctity+1","Protect+1","Sanctity+1","Vault+1","Devotion+1","LessonLearned+1","Wish+1","EmptyFist+1","Perseverance+1","Protect+1","Meditate+1","WaveOfTheHand+1","Sanctity+1","EmptyBody+1","ConjureBlade+1","CutThroughFate+1","EmptyMind+1","Establishment+1","MentalFortress+1","Devotion+1","Sanctity+1"],"special_seed":0,"relics":["PureWater","Toxic Egg 2","Bird Faced Urn","Orichalcum","Blood Vial","Frozen Egg 2","SlaversCollar","Mercury Hourglass","Pantograph","Ginger","Coffee Dripper","InkBottle","Blue Candle","Pear"],"potions_floor_usage":[41,47,50],"damage_taken":[{"damage":4.0,"enemies":"Jaw Worm","floor":1.0,"turns":6.0},{"damage":0.0,"enemies":"2 Louse","floor":3.0,"turns":2.0},{"damage":0.0,"enemies":"Cultist","floor":4.0,"turns":3.0},{"damage":8.0,"enemies":"3 Sentries","floor":11.0,"turns":10.0},{"damage":6.0,"enemies":"Gremlin Gang","floor":12.0,"turns":6.0},{"damage":3.0,"enemies":"Lagavulin","floor":13.0,"turns":8.0},{"damage":17.0,"enemies":"The Guardian","floor":16.0,"turns":10.0},{"damage":10.0,"enemies":"2 Thieves","floor":18.0,"turns":4.0},{"damage":0.0,"enemies":"Spheric Guardian","floor":20.0,"turns":3.0},{"damage":14.0,"enemies":"Shelled Parasite and Fungi","floor":21.0,"turns":8.0},{"damage":3.0,"enemies":"Snecko","floor":22.0,"turns":10.0},{"damage":23.0,"enemies":"Book of Stabbing","floor":23.0,"turns":4.0},{"damage":6.0,"enemies":"Gremlin Leader","floor":27.0,"turns":6.0},{"damage":4.0,"enemies":"Snake Plant","floor":31.0,"turns":7.0},{"damage":17.0,"enemies":"Automaton","floor":33.0,"turns":9.0},{"damage":20,"enemies":"3 Darklings","floor":35,"turns":7},{"damage":8,"enemies":"3 Shapes","floor":37,"turns":4},{"damage":15,"enemies":"Writhing Mass","floor":38,"turns":8},{"damage":24,"enemies":"Sphere and 2 Shapes","floor":41,"turns":5},{"damage":0,"enemies":"Transient","floor":45,"turns":6},{"damage":1,"enemies":"Nemesis","floor":47,"turns":8},{"damage":1,"enemies":"Awakened One","floor":50,"turns":7}],"seed_played":"-8565017871368178254","potions_obtained":[{"floor":3.0,"key":"PowerPotion"},{"floor":12.0,"key":"SkillPotion"},{"floor":19.0,"key":"FearPotion"},{"floor":19.0,"key":"PowerPotion"},{"floor":23.0,"key":"BottledMiracle"},{"floor":31.0,"key":"PowerPotion"},{"floor":35,"key":"Block Potion"},{"floor":41,"key":"Fire Potion"},{"floor":45,"key":"BottledMiracle"}],"is_trial":false,"path_per_floor":["M","?","M","M","?","R","T","R","T","R","E","M","E","$","R","B",null,"M","?","M","M","M","E","?","R","T","E","$","R","?","M","R","B",null,"M","?","M","M","$","R","M","R","T","T","M","$","E","?","R","B",null],"character_chosen":"WATCHER","items_purchased":["LessonLearned","Sanctity+1","EmptyBody+1","Establishment+1","Devotion+1","Sanctity+1"],"campfire_rested":3,"item_purchase_floors":[14,28,28,39,46,46],"current_hp_per_floor":[57,22,22,22,22,22,22,22,22,42,38,34,35,35,35,24,57,49,49,55,47,50,35,35,55,55,55,55,68,68,66,66,51,64,50,50,48,39,39,39,23,23,23,23,31,31,52,52,52,78],"gold":55,"neow_bonus":"THREE_CARDS","is_prod":false,"is_daily":false,"chose_seed":false,"campfire_upgraded":4,"win_rate":0,"timestamp":1569970232,"path_taken":["M","?","M","M","?","R","?","R","T","R","E","M","E","$","R","BOSS","M","?","M","?","?","E","?","R","T","E","?","R","?","M","R","BOSS","M","?","?","M","$","R","M","R","T","?","M","$","E","?","R","BOSS"],"build_version":"2019-10-01","purchased_purges":2,"victory":true,"max_hp_per_floor":[68,68,68,68,68,68,68,68,68,68,68,68,68,68,68,68,68,68,68,68,68,68,68,68,68,68,68,68,68,68,68,68,68,68,68,68,68,68,68,68,68,68,68,68,68,68,78,78,78,78],"card_choices":[{"not_picked":["Tantrum","Weave"],"picked":"FlurryOfBlows","floor":0.0},{"not_picked":["Crescendo","Consecrate"],"picked":"Devotion","floor":1.0},{"not_picked":["Weave","Devotion"],"picked":"Sanctity+1","floor":3.0},{"not_picked":["InnerPeace+1","Sanctity+1"],"picked":"Protect+1","floor":4.0},{"not_picked":["Collect+1","FlyingSleeves"],"picked":"Sanctity+1","floor":11.0},{"not_picked":["Evaluate+1","Sanctity+1"],"picked":"Vault","floor":12.0},{"not_picked":["Scrawl+1","ThirdEye+1"],"picked":"Devotion","floor":13.0},{"not_picked":["DeusExMachina+1","Establishment+1"],"picked":"Wish+1","floor":16.0},{"not_picked":["CrushJoints","Prostrate+1"],"picked":"EmptyFist+1","floor":18.0},{"not_picked":["SandsOfTime","ClearTheMind+1"],"picked":"Perseverance+1","floor":20.0},{"not_picked":["WindmillStrike","Devotion+1"],"picked":"Protect+1","floor":21.0},{"not_picked":["SashWhip","Prostrate+1"],"picked":"Meditate+1","floor":22.0},{"not_picked":["Vengeance+1","ReachHeaven","Consecrate"],"picked":"SKIP","floor":23.0},{"not_picked":["FollowUp","Collect+1"],"picked":"WaveOfTheHand+1","floor":27.0},{"not_picked":["BowlingBash","SashWhip","Prostrate+1"],"picked":"SKIP","floor":31.0},{"not_picked":["Adaptation+1","Nirvana+1"],"picked":"ConjureBlade+1","floor":33.0},{"not_picked":["JustLucky","SpiritShield+1","Halt+1"],"picked":"SKIP","floor":35},{"not_picked":["EmptyBody+1","Prostrate+1"],"picked":"CutThroughFate","floor":37},{"not_picked":["Collect+1","EmptyBody+1"],"picked":"EmptyMind+1","floor":38},{"not_picked":["Ragnarok","SashWhip","Protect+1"],"picked":"SKIP","floor":41},{"not_picked":["BowlingBash","WaveOfTheHand+1"],"picked":"MentalFortress+1","floor":45},{"not_picked":["TalkToTheHand","ThirdEye+1","Devotion+1"],"picked":"SKIP","floor":47}],"player_experience":1842023,"relics_obtained":[{"floor":7.0,"key":"Bird Faced Urn"},{"floor":9.0,"key":"Orichalcum"},{"floor":11.0,"key":"Blood Vial"},{"floor":13.0,"key":"Frozen Egg 2"},{"floor":23.0,"key":"Mercury Hourglass"},{"floor":26.0,"key":"Pantograph"},{"floor":27.0,"key":"Ginger"},{"floor":43,"key":"InkBottle"},{"floor":44,"key":"Blue Candle"},{"floor":47,"key":"Pear"}],"event_choices":[{"damage_healed":0.0,"max_hp_gain":0.0,"max_hp_loss":0.0,"gold_gain":0.0,"event_name":"Scrap Ooze","player_choice":"Success","floor":2.0,"gold_loss":0.0,"damage_taken":35.0,"relics_obtained":["Toxic Egg 2"]},{"cards_removed":["Strike_P"],"damage_healed":0.0,"max_hp_gain":0.0,"max_hp_loss":0.0,"gold_gain":0.0,"event_name":"Living Wall","player_choice":"Forget","floor":5.0,"gold_loss":0.0,"damage_taken":0.0},{"damage_healed":0.0,"max_hp_gain":0.0,"max_hp_loss":0.0,"gold_gain":0.0,"event_name":"The Woman in Blue","player_choice":"Bought 3 Potions","floor":19.0,"gold_loss":0.0,"damage_taken":0.0},{"cards_removed":["Strike_P"],"damage_healed":0.0,"max_hp_gain":0.0,"max_hp_loss":0.0,"gold_gain":0.0,"event_name":"Back to Basics","player_choice":"Elegance","floor":24.0,"gold_loss":0.0,"damage_taken":0.0},{"damage_healed":0.0,"max_hp_gain":0.0,"max_hp_loss":0.0,"gold_gain":0.0,"event_name":"Vampires","player_choice":"Ignored","floor":30.0,"gold_loss":0.0,"damage_taken":0.0},{"cards_removed":["Strike_P"],"damage_healed":0,"gold_gain":0,"player_choice":"Purged","damage_taken":0,"max_hp_gain":0,"max_hp_loss":0,"event_name":"Purifier","floor":36,"gold_loss":0},{"damage_healed":0,"gold_gain":0,"player_choice":"Memory 1","damage_taken":0,"max_hp_gain":0,"max_hp_loss":0,"event_name":"SensoryStone","floor":48,"gold_loss":0}],"is_beta":true,"boss_relics":[{"not_picked":["Empty Cage","Busted Crown"],"picked":"SlaversCollar"},{"not_picked":["SacredBark","Runic Pyramid"],"picked":"Coffee Dripper"}],"items_purged_floors":[14,28],"is_endless":false,"potions_floor_spawned":[3,12,20,23,27,31,35,41,45],"ascension_level":16}