{"gold_per_floor":[364,3,3,16,29,29,62,62,88,88,88,106,131,143,143,216,216,230,155,168,168,93,124,124,144,144,144,154,189,203,93,93,167,167,186,204,221,221,61,86,86,86,109,109,124,165,65,80,80,80],"floor_reached":51,"playtime":4423,"items_purged":["Strike_P","SignatureMove"],"score":1278,"play_id":"d5769588-5a60-42fb-ac8c-151190e23438","local_time":"20190920232833","is_ascension_mode":true,"campfire_choices":[{"data":"Conclude","floor":6,"key":"SMITH"},{"data":"Eruption","floor":8,"key":"SMITH"},{"data":"Vigilance","floor":10,"key":"SMITH"},{"data":"EmptyFist","floor":15,"key":"SMITH"},{"floor":24,"key":"REST"},{"floor":32,"key":"REST"},{"floor":41,"key":"REST"},{"floor":44,"key":"REST"},{"floor":49,"key":"REST"}],"neow_cost":"TEN_PERCENT_HP_LOSS","seed_source_timestamp":765130251731400,"circlet_count":0,"master_deck":["AscendersBane","Eruption+1","Vigilance+1","Conclude+1","Brilliance+1","EmptyBody+1","FearNoEvil","EmptyFist+1","Protect+1","Alpha+1","SashWhip+1","Crescendo+1","MentalFortress+1","DevaForm","RitualDagger","EmptyBody+1","ReachHeaven","FearNoEvil+1","Metaphysics+1","SandsOfTime","Pray+1","SandsOfTime","Vengeance+1","EmptyMind+1","Establishment","InnerPeace+1","Wallop+1","Meditate+1"],"relics":["PureWater","Toxic Egg 2","Melange","Bag of Preparation","HornCleat","Bird Faced Urn","Fusion Hammer","Darkstone Periapt","White Beast Statue","Pandora\u0027s Box","Bronze Scales","PreservedInsect","CeramicFish"],"potions_floor_usage":[7,7,7,13,18,28,29,30,33,37,40,45,50,50],"damage_taken":[{"damage":2,"enemies":"2 Louse","floor":1,"turns":3},{"damage":0,"enemies":"Cultist","floor":4,"turns":4},{"damage":5,"enemies":"Small Slimes","floor":5,"turns":4},{"damage":0,"enemies":"3 Sentries","floor":7,"turns":1},{"damage":1,"enemies":"Exordium Wildlife","floor":12,"turns":4},{"damage":8,"enemies":"Lagavulin","floor":13,"turns":6},{"damage":3,"enemies":"Blue Slaver","floor":14,"turns":3},{"damage":38,"enemies":"The Guardian","floor":16,"turns":16},{"damage":9,"enemies":"2 Thieves","floor":18,"turns":4},{"damage":1,"enemies":"Chosen","floor":20,"turns":6},{"damage":6,"enemies":"Gremlin Leader","floor":23,"turns":8},{"damage":12,"enemies":"Centurion and Healer","floor":25,"turns":5},{"damage":24,"enemies":"Snake Plant","floor":28,"turns":8},{"damage":10,"enemies":"Slavers","floor":29,"turns":7},{"damage":27,"enemies":"3 Cultists","floor":30,"turns":7},{"damage":27,"enemies":"Champ","floor":33,"turns":12},{"damage":23,"enemies":"3 Darklings","floor":35,"turns":7},{"damage":1,"enemies":"Orb Walker","floor":36,"turns":4},{"damage":0,"enemies":"Jaw Worm Horde","floor":37,"turns":6},{"damage":39,"enemies":"Giant Head","floor":40,"turns":8},{"damage":50,"enemies":"3 Darklings","floor":45,"turns":6},{"damage":39,"enemies":"Nemesis","floor":46,"turns":7},{"damage":22,"enemies":"Sphere and 2 Shapes","floor":48,"turns":7},{"damage":27,"enemies":"Awakened One","floor":50,"turns":10}],"seed_played":"1802245869383789072","potions_obtained":[{"floor":1,"key":"Explosive Potion"},{"floor":4,"key":"EntropicBrew"},{"floor":7,"key":"Ancient Potion"},{"floor":13,"key":"Explosive Potion"},{"floor":14,"key":"Block Potion"},{"floor":18,"key":"FearPotion"},{"floor":28,"key":"DuplicationPotion"},{"floor":29,"key":"Dexterity Potion"},{"floor":30,"key":"SpeedPotion"},{"floor":33,"key":"Fire Potion"},{"floor":36,"key":"Strength Potion"},{"floor":37,"key":"BottledMiracle"},{"floor":40,"key":"Regen Potion"},{"floor":45,"key":"Explosive Potion"},{"floor":48,"key":"Swift Potion"}],"is_trial":false,"path_per_floor":["M","$","?","M","M","R","E","R","T","R","?","M","E","M","R","B",null,"M","?","M","?","$","E","R","M","T","?","M","E","M","?","R","B",null,"M","M","M","?","$","E","R","$","T","R","M","E","$","M","R","B",null],"character_chosen":"WATCHER","items_purchased":["Toxic Egg 2","Brilliance+1","Block Potion","Establishment","InnerPeace+1"],"campfire_rested":5,"item_purchase_floors":[2,2,2,39,39],"current_hp_per_floor":[53,53,58,60,55,55,55,55,55,55,55,60,52,57,57,22,51,42,42,51,51,51,53,60,48,48,42,30,36,19,19,37,28,52,39,42,50,50,50,21,39,39,39,57,36,25,25,15,33,14],"gold":80,"neow_bonus":"TWO_FIFTY_GOLD","is_prod":false,"is_daily":false,"chose_seed":false,"campfire_upgraded":4,"win_rate":0,"timestamp":1569018513,"path_taken":["M","$","?","M","M","R","E","R","T","R","?","M","E","?","R","BOSS","M","?","M","?","$","E","R","M","T","?","M","E","M","?","R","BOSS","M","M","?","?","$","E","R","$","T","R","M","E","$","?","R","BOSS"],"build_version":"2019-09-20","purchased_purges":2,"victory":true,"max_hp_per_floor":[55,55,60,60,60,60,60,60,60,60,60,60,60,60,60,60,60,60,60,60,60,60,60,60,60,60,60,60,60,60,60,60,60,60,60,60,60,60,60,60,60,60,60,60,60,60,60,60,60,60],"card_choices":[{"not_picked":["EmptyBody","Meditate"],"picked":"Conclude","floor":1},{"not_picked":["Sanctity+1","Halt+1"],"picked":"EmptyBody+1","floor":4},{"not_picked":["Swivel+1","MentalFortress"],"picked":"FearNoEvil","floor":5},{"not_picked":["EmptyBody+1","SpiritShield+1"],"picked":"EmptyFist","floor":7},{"not_picked":["Scrawl+1","BowlingBash","Halt+1"],"picked":"SKIP","floor":12},{"not_picked":["CutThroughFate","EmptyBody+1","Tantrum"],"picked":"SKIP","floor":13},{"not_picked":["Weave","ThirdEye+1"],"picked":"Protect+1","floor":14},{"not_picked":["Blasphemy+1","LessonLearned"],"picked":"Alpha+1","floor":16},{"not_picked":["BowlingBash","ClearTheMind+1"],"picked":"SashWhip+1","floor":18},{"not_picked":["Worship+1","ThirdEye+1"],"picked":"Crescendo+1","floor":20},{"not_picked":["Perseverance+1","Sanctity+1"],"picked":"DevaForm","floor":23},{"not_picked":["JustLucky","Crescendo+1","CrushJoints"],"picked":"SKIP","floor":25},{"not_picked":["StepAndStrike","CrushJoints"],"picked":"EmptyBody+1","floor":28},{"not_picked":["Evaluate+1","Prostrate+1"],"picked":"ReachHeaven","floor":29},{"not_picked":["ThirdEye+1","Crescendo+1"],"picked":"FearNoEvil+1","floor":30},{"not_picked":["LessonLearned","Judgement+1"],"picked":"Metaphysics+1","floor":33},{"not_picked":["Wireheading+1","FlyingSleeves"],"picked":"EmptyMind+1","floor":35},{"not_picked":["ForeignInfluence+1","StepAndStrike","EmptyBody+1"],"picked":"SKIP","floor":36},{"not_picked":["SashWhip+1","Wallop","Consecrate"],"picked":"SKIP","floor":37},{"not_picked":["FearNoEvil","Blasphemy+1"],"picked":"Wallop+1","floor":40},{"not_picked":["Establishment+1","Perseverance+1","Crescendo+1"],"picked":"SKIP","floor":45},{"not_picked":["Evaluate+1","StepAndStrike"],"picked":"Meditate+1","floor":46},{"not_picked":["FearNoEvil","Meditate+1","Establishment"],"picked":"SKIP","floor":48}],"player_experience":1821446,"relics_obtained":[{"floor":7,"key":"Melange"},{"floor":9,"key":"Bag of Preparation"},{"floor":13,"key":"Bird Faced Urn"},{"floor":23,"key":"Darkstone Periapt"},{"floor":26,"key":"White Beast Statue"},{"floor":40,"key":"Bronze Scales"},{"floor":43,"key":"PreservedInsect"},{"floor":46,"key":"CeramicFish"}],"event_choices":[{"damage_healed":0,"gold_gain":0,"player_choice":"Donut","damage_taken":0,"max_hp_gain":5,"max_hp_loss":0,"event_name":"Big Fish","floor":3,"gold_loss":0},{"damage_healed":0,"gold_gain":0,"player_choice":"Gave Potion","damage_taken":0,"relics_obtained":["HornCleat"],"max_hp_gain":0,"max_hp_loss":0,"event_name":"WeMeetAgain","floor":11,"gold_loss":0},{"cards_removed":["Strike_P"],"damage_healed":0,"gold_gain":0,"player_choice":"Gave Gold","damage_taken":0,"max_hp_gain":0,"max_hp_loss":0,"event_name":"Beggar","floor":19,"gold_loss":75},{"damage_healed":0,"gold_gain":0,"player_choice":"Read","damage_taken":0,"max_hp_gain":0,"max_hp_loss":0,"event_name":"The Library","floor":21,"gold_loss":0,"cards_obtained":["MentalFortress"]},{"damage_healed":0,"gold_gain":0,"player_choice":"Joined the Cult","damage_taken":6,"max_hp_gain":0,"max_hp_loss":0,"event_name":"Nest","floor":27,"gold_loss":0,"cards_obtained":["RitualDagger"]},{"cards_removed":["Strike_P"],"damage_healed":0,"gold_gain":0,"player_choice":"Upgrade and Remove","damage_taken":0,"max_hp_gain":0,"max_hp_loss":0,"event_name":"Designer","floor":31,"gold_loss":110,"cards_upgraded":["Defend_P"]},{"damage_healed":0,"gold_gain":0,"player_choice":"Upgraded","damage_taken":0,"max_hp_gain":0,"max_hp_loss":0,"event_name":"Upgrade Shrine","floor":38,"gold_loss":0,"cards_upgraded":["MentalFortress"]}],"is_beta":true,"boss_relics":[{"not_picked":["SlaversCollar","Empty Cage"],"picked":"Fusion Hammer"},{"not_picked":["Tiny House","Sozu"],"picked":"Pandora\u0027s Box"}],"items_purged_floors":[22,47],"is_endless":false,"potions_floor_spawned":[1,4,7,13,14,18,28,29,30,33,35,36,37,40,45,46,48],"ascension_level":15}