{"gold_per_floor":[114,128,138,138,36,69,69,84,84,107,107,120,5,36,36,130,130,148,116,116,116,16,16,16],"floor_reached":24,"playtime":1589,"items_purged":["Strike_P","Strike_P"],"score":371,"play_id":"995882cd-be08-49b1-9326-f4f941804360","local_time":"20190929221210","is_ascension_mode":true,"campfire_choices":[{"data":"FlurryOfBlows","floor":7.0,"key":"SMITH"},{"floor":11.0,"key":"REST"},{"data":"Wallop","floor":15,"key":"SMITH"},{"floor":23,"key":"REST"}],"neow_cost":"NONE","seed_source_timestamp":1540913242795400,"circlet_count":0,"master_deck":["AscendersBane","Strike_P","Strike_P","Defend_P","Defend_P","Defend_P","Defend_P","Eruption","Vigilance","FlowState","Weave","Crescendo","FlurryOfBlows+1","Protect","ThirdEye","Wallop+1","Perseverance","CutThroughFate","FearNoEvil","Tantrum","DevaForm","EmptyBody","EmptyFist+1","Necronomicurse"],"special_seed":0,"relics":["PureWater","Strawberry","Golden Idol","Happy Flower","Potion Belt","Pear","SlaversCollar","Necronomicon"],"potions_floor_usage":[14],"damage_taken":[{"damage":1.0,"enemies":"Small Slimes","floor":1.0,"turns":4.0},{"damage":0.0,"enemies":"Jaw Worm","floor":2.0,"turns":6.0},{"damage":7.0,"enemies":"2 Louse","floor":3.0,"turns":2.0},{"damage":8.0,"enemies":"Gremlin Nob","floor":6.0,"turns":3.0},{"damage":1.0,"enemies":"Blue Slaver","floor":8.0,"turns":4.0},{"damage":9.0,"enemies":"Exordium Wildlife","floor":10.0,"turns":4.0},{"damage":0.0,"enemies":"2 Fungi Beasts","floor":12.0,"turns":2.0},{"damage":3,"enemies":"3 Sentries","floor":14,"turns":5},{"damage":9,"enemies":"The Guardian","floor":16,"turns":13},{"damage":2,"enemies":"3 Byrds","floor":18,"turns":3},{"damage":25,"enemies":"2 Thieves","floor":19,"turns":5},{"damage":60,"enemies":"Cultist and Chosen","floor":24,"turns":4}],"seed_played":"4511089083783728904","potions_obtained":[{"floor":3.0,"key":"AttackPotion"},{"floor":6.0,"key":"Block Potion"},{"floor":10.0,"key":"Dexterity Potion"}],"is_trial":false,"path_per_floor":["M","M","M","?","$","E","R","M","T","M","R","M","$","E","R","B",null,"M","M","?","?","$","R","M"],"character_chosen":"WATCHER","items_purchased":["FlurryOfBlows","Protect","FearNoEvil"],"campfire_rested":2,"item_purchase_floors":[5,5,13],"current_hp_per_floor":[67,67,60,34,34,26,26,25,25,16,38,38,38,45,45,36,73,71,46,46,25,25,50,0],"gold":16,"neow_bonus":"RANDOM_COMMON_RELIC","is_prod":false,"is_daily":false,"chose_seed":false,"campfire_upgraded":2,"win_rate":0,"timestamp":1569791530,"path_taken":["M","M","M","?","$","E","R","M","T","M","R","M","$","E","R","BOSS","M","M","?","?","$","R","?"],"build_version":"2019-09-27","purchased_purges":2,"victory":false,"max_hp_per_floor":[75,75,75,75,75,75,75,75,75,75,75,75,75,85,85,85,85,85,85,85,85,85,85,85],"card_choices":[{"not_picked":["Consecrate","SpiritShield"],"picked":"FlowState","floor":1.0},{"not_picked":["FollowUp","Scrawl"],"picked":"Weave","floor":2.0},{"not_picked":["Sanctity","ClearTheMind"],"picked":"Crescendo","floor":3.0},{"not_picked":["Scrawl","Consecrate"],"picked":"ThirdEye","floor":6.0},{"not_picked":["ThirdEye","BowlingBash"],"picked":"Wallop","floor":8.0},{"not_picked":["Worship","Conclude"],"picked":"Perseverance","floor":10.0},{"not_picked":["CrushJoints","CarveReality"],"picked":"CutThroughFate","floor":12.0},{"not_picked":["EmptyFist","Swivel"],"picked":"Tantrum","floor":14},{"not_picked":["Wish","Brilliance"],"picked":"DevaForm","floor":16},{"not_picked":["SashWhip","ClearTheMind"],"picked":"EmptyBody","floor":18},{"not_picked":["SashWhip","Collect"],"picked":"EmptyFist+1","floor":19}],"player_experience":1828947,"relics_obtained":[{"floor":6.0,"key":"Happy Flower"},{"floor":9.0,"key":"Potion Belt"},{"floor":14,"key":"Pear"},{"floor":21,"key":"Necronomicon"}],"event_choices":[{"damage_healed":0.0,"max_hp_gain":0.0,"max_hp_loss":0.0,"gold_gain":0.0,"event_name":"Golden Idol","player_choice":"Take Damage","floor":4.0,"gold_loss":0.0,"damage_taken":26.0,"relics_obtained":["Golden Idol"]},{"damage_healed":0,"gold_gain":0,"player_choice":"Ignored","damage_taken":0,"max_hp_gain":0,"max_hp_loss":0,"event_name":"Beggar","floor":20,"gold_loss":0},{"damage_healed":0,"gold_gain":0,"player_choice":"Obtained Book","damage_taken":21,"max_hp_gain":0,"max_hp_loss":0,"event_name":"Cursed Tome","floor":21,"gold_loss":0}],"is_beta":true,"boss_relics":[{"not_picked":["Busted Crown","Fusion Hammer"],"picked":"SlaversCollar"}],"items_purged_floors":[13,22],"is_endless":false,"potions_floor_spawned":[3,6,10],"killed_by":"Cultist and Chosen","ascension_level":16}