{"gold_per_floor":[118,43,63,73,73,73,73,107,159,187,198,213,52,67,67,141,141,154,79,97,97],"floor_reached":21,"playtime":1351,"items_purged":["Strike_P"],"score":400,"play_id":"9327b4d1-8ca3-48f1-ae9e-f5d6bbcaf5e8","local_time":"20191002004721","is_ascension_mode":true,"campfire_choices":[{"data":"Eruption","floor":6,"key":"SMITH"},{"floor":15,"key":"REST"}],"neow_cost":"NONE","seed_source_timestamp":1723349403339700,"circlet_count":0,"master_deck":["AscendersBane","Strike_P","Strike_P","Defend_P","Defend_P","Defend_P","Eruption+1","Vigilance","FlyingSleeves","Protect","WindmillStrike","CutThroughFate","Protect","Alpha","Sanctity","Vault","ThirdEye"],"relics":["HolyWater","MealTicket","Vajra","Omamori","Mummified Hand"],"potions_floor_usage":[8,10,12],"damage_taken":[{"damage":0,"enemies":"Cultist","floor":1,"turns":3},{"damage":7,"enemies":"Jaw Worm","floor":3,"turns":2},{"damage":8,"enemies":"Small Slimes","floor":4,"turns":5},{"damage":17,"enemies":"3 Sentries","floor":8,"turns":6},{"damage":0,"enemies":"Lagavulin","floor":10,"turns":4},{"damage":1,"enemies":"Looter","floor":11,"turns":2},{"damage":0,"enemies":"Exordium Wildlife","floor":12,"turns":3},{"damage":1,"enemies":"3 Louse","floor":14,"turns":3},{"damage":21,"enemies":"Hexaghost","floor":16,"turns":9},{"damage":11,"enemies":"Spheric Guardian","floor":18,"turns":6},{"damage":14,"enemies":"2 Thieves","floor":20,"turns":4},{"damage":35,"enemies":"3 Cultists","floor":21,"turns":5}],"seed_played":"1248625617839079640","potions_obtained":[{"floor":1,"key":"Strength Potion"},{"floor":3,"key":"FearPotion"},{"floor":11,"key":"BottledMiracle"},{"floor":12,"key":"SmokeBomb"},{"floor":18,"key":"DuplicationPotion"}],"is_trial":false,"path_per_floor":["M","?","M","M","?","R","?","E","T","E","M","M","$","M","R","B",null,"M","?","M","M"],"character_chosen":"WATCHER","items_purchased":["Sanctity","FearPotion"],"campfire_rested":1,"item_purchase_floors":[13,13],"current_hp_per_floor":[61,61,54,46,39,39,21,4,4,4,3,3,18,17,37,16,55,44,44,30,0],"gold":97,"neow_bonus":"ONE_RANDOM_RARE_CARD","is_prod":false,"is_daily":false,"chose_seed":false,"campfire_upgraded":1,"win_rate":0,"timestamp":1569973641,"path_taken":["M","?","M","M","?","R","?","E","T","E","M","M","$","M","R","BOSS","M","?","M","M"],"build_version":"2019-10-01","purchased_purges":1,"victory":false,"max_hp_per_floor":[68,68,68,68,68,68,68,68,68,68,68,68,68,68,68,68,68,68,68,68,68],"card_choices":[{"not_picked":["MasterReality","WaveOfTheHand2"],"picked":"FlyingSleeves","floor":1},{"not_picked":["Evaluate","FollowUp"],"picked":"Protect","floor":3},{"not_picked":["Crescendo","Indignation"],"picked":"WindmillStrike","floor":4},{"not_picked":["ForeignInfluence","ReachHeaven"],"picked":"CutThroughFate","floor":8},{"not_picked":["FlurryOfBlows","Vengeance","WindmillStrike"],"picked":"SKIP","floor":10},{"not_picked":["Prostrate","SashWhip"],"picked":"Protect","floor":11},{"not_picked":["SashWhip","FlyingSleeves"],"picked":"Alpha","floor":12},{"not_picked":["DeceiveReality","FlurryOfBlows","Halt"],"picked":"SKIP","floor":14},{"not_picked":["LessonLearned","ConjureBlade"],"picked":"Vault","floor":16},{"not_picked":["Crescendo","FlowState"],"picked":"ThirdEye","floor":18},{"not_picked":["Scrawl","Sanctity","FollowUp"],"picked":"SKIP","floor":20}],"player_experience":1849726,"relics_obtained":[{"floor":8,"key":"Vajra"},{"floor":9,"key":"Omamori"},{"floor":10,"key":"Mummified Hand"}],"event_choices":[{"cards_removed":["DeusExMachina"],"damage_healed":0,"gold_gain":0,"player_choice":"Card Removal","damage_taken":0,"max_hp_gain":0,"max_hp_loss":0,"event_name":"The Cleric","floor":2,"gold_loss":75},{"cards_removed":["Defend_P"],"damage_healed":0,"gold_gain":0,"player_choice":"Card Removal","damage_taken":7,"max_hp_gain":0,"max_hp_loss":0,"event_name":"Golden Wing","floor":5,"gold_loss":0},{"damage_healed":0,"gold_gain":0,"player_choice":"Success","damage_taken":18,"relics_obtained":["MealTicket"],"max_hp_gain":0,"max_hp_loss":0,"event_name":"Scrap Ooze","floor":7,"gold_loss":0},{"cards_removed":["Strike_P"],"damage_healed":0,"gold_gain":0,"player_choice":"Gave Gold","damage_taken":0,"max_hp_gain":0,"max_hp_loss":0,"event_name":"Beggar","floor":19,"gold_loss":75}],"is_beta":true,"boss_relics":[{"not_picked":["Astrolabe","Busted Crown"],"picked":"HolyWater"}],"items_purged_floors":[13],"is_endless":false,"potions_floor_spawned":[1,3,11,12,16,18],"killed_by":"3 Cultists","ascension_level":17}