{"gold_per_floor":[111,128,128,145,60,386,386,386,386,386,418,430,444,470,470,546,546,566,506,421,439,452,11,11,11,11,41,55,82,82,82],"floor_reached":31,"playtime":1918,"items_purged":["Strike_P"],"score":635,"play_id":"4e2f2452-9adf-4b04-9ddc-ee5d44f53b9c","local_time":"20191002002427","is_ascension_mode":true,"campfire_choices":[{"data":"Fasting2","floor":7.0,"key":"SMITH"},{"data":"Fasting","floor":10.0,"key":"SMITH"},{"data":"Eruption","floor":15.0,"key":"SMITH"},{"data":"Ragnarok","floor":24,"key":"SMITH"}],"neow_cost":"NONE","seed_source_timestamp":1721327599448500,"circlet_count":0,"master_deck":["AscendersBane","Strike_P","Strike_P","Strike_P","Defend_P","Defend_P","Defend_P","Eruption+1","Vigilance","Fasting2+1","FlyingSleeves","CrushJoints","Fasting+1","FollowUp","Ragnarok+1","JustLucky","Tantrum","FlurryOfBlows"],"special_seed":0,"relics":["PureWater","Old Coin","The Courier","Ornamental Fan","Toy Ornithopter","Cursed Key","Turnip","Singing Bowl","Bird Faced Urn","WingedGreaves","Lantern"],"potions_floor_usage":[22,27,28],"damage_taken":[{"damage":8.0,"enemies":"Small Slimes","floor":1.0,"turns":4.0},{"damage":0.0,"enemies":"Cultist","floor":2.0,"turns":3.0},{"damage":3.0,"enemies":"2 Louse","floor":4.0,"turns":3.0},{"damage":0.0,"enemies":"Lagavulin","floor":6.0,"turns":4.0},{"damage":0.0,"enemies":"3 Sentries","floor":11.0,"turns":3.0},{"damage":0.0,"enemies":"Large Slime","floor":12.0,"turns":4.0},{"damage":4.0,"enemies":"Exordium Thugs","floor":13.0,"turns":3.0},{"damage":4.0,"enemies":"Lagavulin","floor":14.0,"turns":5.0},{"damage":11.0,"enemies":"Hexaghost","floor":16.0,"turns":6.0},{"damage":0.0,"enemies":"Chosen","floor":18.0,"turns":1.0},{"damage":12.0,"enemies":"Spheric Guardian","floor":21.0,"turns":4.0},{"damage":0,"enemies":"Snake Plant","floor":22,"turns":2},{"damage":2,"enemies":"Book of Stabbing","floor":27,"turns":3},{"damage":15,"enemies":"Centurion and Healer","floor":28,"turns":4},{"damage":34,"enemies":"Slavers","floor":29,"turns":4},{"damage":56,"enemies":"Book of Stabbing","floor":31,"turns":3}],"seed_played":"-2840193353025851413","potions_obtained":[{"floor":4.0,"key":"SkillPotion"},{"floor":8.0,"key":"DuplicationPotion"},{"floor":11.0,"key":"Dexterity Potion"},{"floor":13.0,"key":"Weak Potion"},{"floor":16.0,"key":"Block Potion"},{"floor":22,"key":"GamblersBrew"}],"is_trial":false,"path_per_floor":["M","M","?","M","$","E","R","?","T","R","E","M","M","E","R","B",null,"M","$","?","M","M","$","R","?","T","E","M","E","?","E"],"character_chosen":"WATCHER","items_purchased":["Fasting","Singing Bowl","Bird Faced Urn"],"campfire_rested":0,"item_purchase_floors":[5,23,23],"current_hp_per_floor":[53,53,53,50,50,50,50,50,50,50,50,50,46,42,42,31,59,59,59,59,47,52,52,52,52,52,59,55,27,27,0],"gold":82,"neow_bonus":"REMOVE_CARD","is_prod":false,"is_daily":false,"chose_seed":false,"campfire_upgraded":4,"win_rate":0,"timestamp":1569972267,"path_taken":["M","M","?","M","$","E","R","?","T","R","E","M","M","E","R","BOSS","M","$","?","M","M","$","R","?","T","E","M","E","?","E"],"build_version":"2019-10-01","purchased_purges":1,"victory":false,"max_hp_per_floor":[68,68,68,68,68,68,68,68,68,68,68,68,68,68,68,68,68,68,68,68,68,68,68,68,68,68,68,70,72,72,72],"card_choices":[{"not_picked":["Halt","Weave"],"picked":"Fasting2","floor":1.0},{"not_picked":["Weave","ClearTheMind"],"picked":"FlyingSleeves","floor":2.0},{"not_picked":["PathToVictory","Perseverance"],"picked":"CrushJoints","floor":4.0},{"not_picked":["EmptyFist","CrushJoints"],"picked":"FollowUp","floor":6.0},{"not_picked":["EmptyBody","Crescendo","Swivel"],"picked":"SKIP","floor":11.0},{"not_picked":["WheelKick","Meditate","FollowUp"],"picked":"SKIP","floor":12.0},{"not_picked":["MasterReality","Perseverance","Devotion"],"picked":"SKIP","floor":13.0},{"not_picked":["SashWhip","EmptyBody","Pray"],"picked":"SKIP","floor":14.0},{"not_picked":["Adaptation","Vault"],"picked":"Ragnarok","floor":16.0},{"not_picked":["DeceiveReality+1","CrushJoints"],"picked":"JustLucky","floor":18.0},{"not_picked":["FollowUp","ClearTheMind"],"picked":"Tantrum","floor":21.0},{"not_picked":["Vengeance","DeceiveReality","Worship+1"],"picked":"SKIP","floor":22},{"not_picked":["CutThroughFate","Establishment"],"picked":"FlurryOfBlows","floor":27},{"not_picked":["Halt","Weave","EmptyBody"],"picked":"Singing Bowl","floor":28},{"not_picked":["Adaptation","Conclude","Protect"],"picked":"Singing Bowl","floor":29}],"player_experience":1847808,"relics_obtained":[{"floor":6.0,"key":"Old Coin"},{"floor":9.0,"key":"The Courier"},{"floor":11.0,"key":"Ornamental Fan"},{"floor":14.0,"key":"Toy Ornithopter"},{"floor":27,"key":"WingedGreaves"},{"floor":29,"key":"Lantern"}],"event_choices":[{"damage_healed":0.0,"max_hp_gain":0.0,"max_hp_loss":0.0,"gold_gain":0.0,"event_name":"The Cleric","player_choice":"Leave","floor":3.0,"gold_loss":0.0,"damage_taken":0.0},{"damage_healed":0.0,"max_hp_gain":0.0,"max_hp_loss":0.0,"gold_gain":0.0,"event_name":"Lab","player_choice":"Got Potions","floor":8.0,"gold_loss":0.0,"damage_taken":0.0},{"damage_healed":0.0,"max_hp_gain":0.0,"max_hp_loss":0.0,"gold_gain":0.0,"event_name":"Addict","player_choice":"Obtained Relic","floor":20.0,"gold_loss":85.0,"damage_taken":0.0,"relics_obtained":["Turnip"]},{"damage_healed":0,"gold_gain":0,"player_choice":"Ignored","damage_taken":0,"max_hp_gain":0,"max_hp_loss":0,"event_name":"Vampires","floor":25,"gold_loss":0},{"damage_healed":0,"gold_gain":0,"player_choice":"Leave","damage_taken":0,"max_hp_gain":0,"max_hp_loss":0,"event_name":"FaceTrader","floor":30,"gold_loss":0}],"is_beta":true,"boss_relics":[{"not_picked":["Black Star","Calling Bell"],"picked":"Cursed Key"}],"items_purged_floors":[19],"is_endless":false,"potions_floor_spawned":[4,11,13,16,18,22],"killed_by":"Book of Stabbing","ascension_level":17}