{"gold_per_floor":[117,132,132,57,67,95,107,107,107,136,36,36,112,112,112,187,187,198,213,229,209,224,254,254,286,286,286,136,136,153,180,180,180],"floor_reached":33,"playtime":2456,"items_purged":["Pain","Strike_P","Defend_P"],"score":698,"play_id":"0c1cc1c0-f08b-495b-a679-29f9f8ff1166","local_time":"20190929230027","is_ascension_mode":true,"campfire_choices":[{"floor":8.0,"key":"REST"},{"data":"SashWhip","floor":15.0,"key":"SMITH"},{"data":"Wallop","floor":24,"key":"SMITH"},{"data":"Sanctity","floor":29,"key":"SMITH"},{"data":"BowlingBash","floor":32,"key":"SMITH"}],"neow_cost":"NONE","seed_source_timestamp":1542898421340300,"circlet_count":0,"master_deck":["AscendersBane","Strike_P","Strike_P","Defend_P","Defend_P+1","Defend_P","Eruption","Vigilance+1","Sanctity+1","BowlingBash+1","FlyingSleeves","Wallop+1","SashWhip+1","Tantrum","TalkToTheHand+1","FlyingSleeves+1","EmptyBody+1","FearNoEvil","WaveOfTheHand+1","Protect+1","Omniscience+1"],"special_seed":0,"relics":["PureWater","WarpedTongs","Thread and Needle","Toxic Egg 2","Darkstone Periapt","War Paint","Velvet Choker","Ginger","Anchor","Mercury Hourglass","Gambling Chip"],"potions_floor_usage":[23,23,25,31,33],"damage_taken":[{"damage":6.0,"enemies":"Jaw Worm","floor":1.0,"turns":6.0},{"damage":4.0,"enemies":"Cultist","floor":2.0,"turns":5.0},{"damage":0.0,"enemies":"Small Slimes","floor":5.0,"turns":2.0},{"damage":35.0,"enemies":"Gremlin Nob","floor":6.0,"turns":5.0},{"damage":0.0,"enemies":"3 Louse","floor":7.0,"turns":2.0},{"damage":0.0,"enemies":"3 Sentries","floor":10.0,"turns":5.0},{"damage":3,"enemies":"Hexaghost","floor":16,"turns":9},{"damage":0,"enemies":"3 Byrds","floor":18,"turns":4},{"damage":0,"enemies":"Chosen","floor":19,"turns":3},{"damage":0,"enemies":"Snake Plant","floor":20,"turns":5},{"damage":0,"enemies":"Snecko","floor":22,"turns":4},{"damage":0,"enemies":"Slavers","floor":23,"turns":4},{"damage":2,"enemies":"Book of Stabbing","floor":25,"turns":5},{"damage":0,"enemies":"Cultist and Chosen","floor":30,"turns":4},{"damage":0,"enemies":"Gremlin Leader","floor":31,"turns":5},{"damage":70,"enemies":"Champ","floor":33,"turns":9}],"seed_played":"6975411899926393598","potions_obtained":[{"floor":10.0,"key":"Fire Potion"},{"floor":16,"key":"EssenceOfSteel"},{"floor":22,"key":"Explosive Potion"},{"floor":23,"key":"Swift Potion"},{"floor":25,"key":"AttackPotion"},{"floor":30,"key":"Regen Potion"}],"is_trial":false,"path_per_floor":["M","M","?","$","M","E","M","R","T","E","$","?","?","?","R","B",null,"M","M","M","?","M","E","R","E","T","?","$","R","M","E","R","B"],"character_chosen":"WATCHER","items_purchased":["Protect+1"],"campfire_rested":1,"item_purchase_floors":[28],"current_hp_per_floor":[55,51,51,51,51,16,16,36,36,36,36,36,36,36,36,33,59,59,59,59,59,59,59,59,57,57,57,57,57,57,57,57,0],"gold":180,"neow_bonus":"TRANSFORM_CARD","is_prod":false,"is_daily":false,"chose_seed":false,"campfire_upgraded":4,"win_rate":0,"timestamp":1569794427,"path_taken":["M","M","?","$","M","E","?","R","T","E","$","?","?","?","R","BOSS","M","M","?","?","?","E","R","E","T","?","$","R","M","E","R","BOSS"],"build_version":"2019-09-27","purchased_purges":3,"victory":false,"max_hp_per_floor":[68,68,68,68,68,68,68,68,68,68,68,68,68,68,68,68,68,68,68,68,68,68,68,68,68,68,68,68,68,68,68,68,68],"card_choices":[{"not_picked":["Worship","EmptyBody"],"picked":"BowlingBash","floor":1.0},{"not_picked":["BowlingBash","FollowUp"],"picked":"FlyingSleeves","floor":2.0},{"not_picked":["ForeignInfluence","Vengeance"],"picked":"Wallop","floor":5.0},{"not_picked":["Conclude","ReachHeaven"],"picked":"SashWhip","floor":6.0},{"not_picked":["Wireheading","FollowUp"],"picked":"Tantrum","floor":7.0},{"not_picked":["Crescendo+1","FollowUp"],"picked":"TalkToTheHand","floor":10.0},{"not_picked":["Crescendo+1","ForeignInfluence+1"],"picked":"FlyingSleeves+1","floor":18},{"not_picked":["BattleHymn","ForeignInfluence+1","Prostrate+1"],"picked":"SKIP","floor":19},{"not_picked":["BowlingBash+1","JustLucky+1"],"picked":"EmptyBody+1","floor":20},{"not_picked":["ThirdEye+1","BowlingBash+1"],"picked":"FearNoEvil","floor":22},{"not_picked":["CarveReality","WheelKick","Collect+1"],"picked":"SKIP","floor":23},{"not_picked":["Worship+1","Omniscience+1"],"picked":"WaveOfTheHand+1","floor":25},{"not_picked":["EmptyFist","WindmillStrike","WheelKick"],"picked":"SKIP","floor":30},{"not_picked":["Crescendo+1","CutThroughFate"],"picked":"Omniscience+1","floor":31}],"player_experience":1830536,"relics_obtained":[{"floor":6.0,"key":"Thread and Needle"},{"floor":9.0,"key":"Toxic Egg 2"},{"floor":10.0,"key":"Darkstone Periapt"},{"floor":23,"key":"Ginger"},{"floor":25,"key":"Anchor"},{"floor":26,"key":"Mercury Hourglass"},{"floor":31,"key":"Gambling Chip"}],"event_choices":[{"damage_healed":0.0,"max_hp_gain":0.0,"max_hp_loss":0.0,"gold_gain":0.0,"event_name":"Accursed Blacksmith","player_choice":"Rummage","floor":3.0,"gold_loss":0.0,"damage_taken":0.0,"relics_obtained":["WarpedTongs"],"cards_obtained":["Pain"]},{"damage_healed":0.0,"max_hp_gain":0.0,"max_hp_loss":0.0,"gold_gain":0.0,"event_name":"Dead Adventurer","player_choice":"Searched \u00271\u0027 times","floor":12.0,"gold_loss":0.0,"damage_taken":0.0,"relics_obtained":["War Paint"]},{"damage_healed":0.0,"max_hp_gain":0.0,"max_hp_loss":0.0,"gold_gain":76.0,"event_name":"Golden Wing","player_choice":"Gained Gold","floor":13.0,"gold_loss":0.0,"damage_taken":0.0},{"damage_healed":0.0,"max_hp_gain":0.0,"max_hp_loss":0.0,"gold_gain":0.0,"event_name":"Upgrade Shrine","player_choice":"Upgraded","floor":14.0,"gold_loss":0.0,"damage_taken":0.0,"cards_upgraded":["TalkToTheHand"]},{"damage_healed":0,"gold_gain":0,"player_choice":"Bought 1 Potion","damage_taken":0,"max_hp_gain":0,"max_hp_loss":0,"event_name":"The Woman in Blue","floor":21,"gold_loss":0}],"is_beta":true,"boss_relics":[{"not_picked":["Runic Pyramid","Runic Dome"],"picked":"Velvet Choker"}],"items_purged_floors":[4,11,28],"is_endless":false,"potions_floor_spawned":[10,16,18,22,23,25,30],"killed_by":"Champ","ascension_level":16}