{"gold_per_floor":[109,109,74,74,93,128,128,128,128,128,140,140,160,194,194,273,273,292,302,302,227,317,348,348,375,401,413,2,30,30,40,40,118,118,133,133,133,144,154,189,209,219,219,256,309,309,309,58,58,88,118,118,118,18,47,47],"floor_reached":57,"playtime":5933,"items_purged":["Strike_P","Strike_P+1"],"score":2956,"play_id":"b31b1554-88a7-4ede-b63e-3fa23af39fef","local_time":"20191005180243","is_ascension_mode":true,"campfire_choices":[{"data":"CrushJoints","floor":7.0,"key":"SMITH"},{"data":"Eruption","floor":10.0,"key":"SMITH"},{"data":"Conclude","floor":12.0,"key":"SMITH"},{"data":"FlurryOfBlows","floor":15.0,"key":"SMITH"},{"floor":24.0,"key":"REST"},{"floor":32.0,"key":"RECALL"},{"floor":46.0,"key":"REST"},{"floor":49.0,"key":"REST"},{"floor":53.0,"key":"REST"}],"neow_cost":"PERCENT_DAMAGE","seed_source_timestamp":139834989073500,"circlet_count":0,"master_deck":["AscendersBane","Strike_P+1","Defend_P+1","Defend_P+1","Defend_P+1","Eruption+1","Vigilance+1","TalkToTheHand+1","CrushJoints+1","FlurryOfBlows+1","Conclude+1","Ragnarok+1","Protect+1","EmptyBody+1","DeceiveReality+1","MentalFortress+1","TalkToTheHand+1","Wallop+1","ConjureBlade+1","Ghostly+1","Ghostly+1","Ghostly+1","Tantrum+1","Devotion+1","Worship+1","Sanctity+1","EmptyFist+1","Sanctity+1","Adaptation+1","Wish+1","InnerPeace+1","Consecrate+1","MentalFortress"],"special_seed":0,"relics":["PureWater","Incense Burner","HornCleat","Calipers","Yang","Question Card","Fusion Hammer","Oddly Smooth Stone","Centennial Puzzle","Bottled Lightning","MealTicket","DollysMirror","Anchor","Philosopher\u0027s Stone","Mummified Hand","Unceasing Top","Mark of the Bloom","Strange Spoon","Orichalcum"],"potions_floor_usage":[56,56],"damage_taken":[{"damage":4.0,"enemies":"2 Louse","floor":1.0,"turns":3.0},{"damage":2.0,"enemies":"Jaw Worm","floor":5.0,"turns":6.0},{"damage":9.0,"enemies":"Lagavulin","floor":6.0,"turns":5.0},{"damage":0.0,"enemies":"Small Slimes","floor":11.0,"turns":3.0},{"damage":0.0,"enemies":"Looter","floor":13.0,"turns":1.0},{"damage":4.0,"enemies":"3 Sentries","floor":14.0,"turns":2.0},{"damage":4.0,"enemies":"Hexaghost","floor":16.0,"turns":5.0},{"damage":2.0,"enemies":"3 Byrds","floor":18.0,"turns":4.0},{"damage":0.0,"enemies":"Spheric Guardian","floor":19.0,"turns":3.0},{"damage":0.0,"enemies":"Book of Stabbing","floor":23.0,"turns":6.0},{"damage":8.0,"enemies":"Slavers","floor":25.0,"turns":3.0},{"damage":0.0,"enemies":"Centurion and Healer","floor":27.0,"turns":4.0},{"damage":0.0,"enemies":"Book of Stabbing","floor":29.0,"turns":7.0},{"damage":0.0,"enemies":"Snake Plant","floor":31.0,"turns":4.0},{"damage":5.0,"enemies":"Automaton","floor":33.0,"turns":11.0},{"damage":8.0,"enemies":"3 Darklings","floor":35.0,"turns":6.0},{"damage":0.0,"enemies":"3 Shapes","floor":38.0,"turns":7.0},{"damage":1.0,"enemies":"Jaw Worm Horde","floor":39.0,"turns":4.0},{"damage":0.0,"enemies":"Reptomancer","floor":40.0,"turns":7.0},{"damage":0.0,"enemies":"Maw","floor":41.0,"turns":8.0},{"damage":0.0,"enemies":"Writhing Mass","floor":42.0,"turns":6.0},{"damage":3.0,"enemies":"Spire Growth","floor":44.0,"turns":6.0},{"damage":0.0,"enemies":"Giant Head","floor":45.0,"turns":6.0},{"damage":4.0,"enemies":"Time Eater","floor":50.0,"turns":13.0},{"damage":0.0,"enemies":"Awakened One","floor":51.0,"turns":12.0},{"damage":1.0,"enemies":"Shield and Spear","floor":55.0,"turns":17.0},{"damage":24,"enemies":"The Heart","floor":56,"turns":11}],"seed_played":"494574249088845317","potions_obtained":[{"floor":1.0,"key":"SteroidPotion"},{"floor":14.0,"key":"BottledMiracle"},{"floor":19.0,"key":"Weak Potion"},{"floor":23.0,"key":"AttackPotion"},{"floor":29.0,"key":"Weak Potion"},{"floor":35.0,"key":"Weak Potion"},{"floor":40.0,"key":"Strength Potion"},{"floor":41.0,"key":"Ambrosia"},{"floor":44.0,"key":"PowerPotion"}],"is_trial":false,"path_per_floor":["M","?","?","?","M","E","R","T","T","R","M","R","M","E","R","B",null,"M","M","T","?","?","E","R","E","T","M","$","E","?","M","R","B",null,"M","?","?","M","M","E","M","M","T","M","E","R","?","$","R","B","B",null,"R","$","E","B",null],"character_chosen":"WATCHER","items_purchased":["MentalFortress","DollysMirror","Wallop","Fire Potion","Strange Spoon","MentalFortress"],"campfire_rested":4,"item_purchase_floors":[28,28,28,28,48,48],"current_hp_per_floor":[39,39,56,49,47,38,38,38,38,38,38,38,38,34,34,30,59,57,57,57,57,45,45,65,57,57,57,68,68,34,34,34,29,33,25,25,25,25,24,24,24,24,24,21,21,31,31,31,31,27,27,27,27,27,26,2],"gold":47,"neow_bonus":"ONE_RARE_RELIC","is_prod":false,"is_daily":false,"chose_seed":false,"campfire_upgraded":4,"win_rate":0,"timestamp":1570294963,"path_taken":["M","?","?","?","M","E","R","?","T","R","M","R","M","E","R","BOSS","M","M","?","?","?","E","R","E","T","?","$","E","?","M","R","BOSS","M","?","?","M","M","E","M","M","T","M","E","R","?","$","R","BOSS","BOSS","R","$","E","BOSS"],"build_version":"2019-10-04","purchased_purges":2,"victory":true,"max_hp_per_floor":[68,68,68,68,68,68,68,68,68,68,68,68,68,68,68,68,68,68,68,68,68,68,68,68,68,68,68,68,68,34,34,34,34,34,34,34,34,34,34,34,34,34,34,34,34,34,34,34,34,34,34,34,34,34,34,34],"card_choices":[{"not_picked":["FearNoEvil","Consecrate"],"picked":"TalkToTheHand","floor":1.0},{"not_picked":["CarveReality","EmptyFist"],"picked":"CrushJoints","floor":5.0},{"not_picked":["SignatureMove","EmptyBody"],"picked":"FlurryOfBlows","floor":6.0},{"not_picked":["ReachHeaven","SashWhip"],"picked":"Conclude","floor":11.0},{"not_picked":["WindmillStrike","ForeignInfluence","CrushJoints"],"picked":"SKIP","floor":13.0},{"not_picked":["SashWhip","Blasphemy","SpiritShield"],"picked":"SKIP","floor":14.0},{"not_picked":["Devotion","MasterReality","LessonLearned"],"picked":"Ragnarok","floor":16.0},{"not_picked":["EmptyFist","Crescendo","FlyingSleeves"],"picked":"Protect","floor":18.0},{"not_picked":["ClearTheMind","PathToVictory+1","BowlingBash","Prostrate"],"picked":"SKIP","floor":19.0},{"not_picked":["WheelKick","JustLucky","Wish"],"picked":"EmptyBody","floor":23.0},{"not_picked":["CrushJoints","Protect","Conclude"],"picked":"DeceiveReality+1","floor":25.0},{"not_picked":["Protect","PathToVictory","WreathOfFlame","JustLucky"],"picked":"SKIP","floor":27.0},{"not_picked":["ThirdEye","Prostrate","Halt"],"picked":"ConjureBlade","floor":29.0},{"not_picked":["Weave","CrushJoints","BattleHymn"],"picked":"Tantrum","floor":31.0},{"not_picked":["Wish","Judgement","Alpha"],"picked":"Devotion","floor":33.0},{"not_picked":["DeceiveReality","WreathOfFlame+1","InnerPeace"],"picked":"Worship","floor":35.0},{"not_picked":["ThirdEye","Evaluate","Halt"],"picked":"Sanctity","floor":38.0},{"not_picked":["Adaptation+1","Weave","JustLucky"],"picked":"EmptyFist+1","floor":39.0},{"not_picked":["Weave","Crescendo+1","SashWhip"],"picked":"Sanctity+1","floor":40.0},{"not_picked":["Tantrum","EmptyFist","ClearTheMind+1"],"picked":"Adaptation+1","floor":41.0},{"not_picked":["Weave+1","Wireheading","FollowUp"],"picked":"Wish","floor":42.0},{"not_picked":["ThirdEye","BattleHymn+1","FlyingSleeves"],"picked":"InnerPeace+1","floor":44.0},{"not_picked":["Conclude+1","SashWhip","FollowUp"],"picked":"Consecrate+1","floor":45.0},{"not_picked":["Wallop","EmptyFist","Crescendo","Halt+1"],"picked":"SKIP","floor":55.0}],"player_experience":1893406,"relics_obtained":[{"floor":6.0,"key":"HornCleat"},{"floor":8.0,"key":"Calipers"},{"floor":9.0,"key":"Yang"},{"floor":14.0,"key":"Question Card"},{"floor":20.0,"key":"Oddly Smooth Stone"},{"floor":23.0,"key":"Centennial Puzzle"},{"floor":25.0,"key":"Bottled Lightning"},{"floor":26.0,"key":"MealTicket"},{"floor":29.0,"key":"Anchor"},{"floor":40.0,"key":"Mummified Hand"},{"floor":45.0,"key":"Unceasing Top"},{"floor":55.0,"key":"Orichalcum"}],"event_choices":[{"damage_healed":0.0,"max_hp_gain":0.0,"max_hp_loss":0.0,"gold_gain":0.0,"event_name":"Living Wall","player_choice":"Grow","floor":2.0,"gold_loss":0.0,"damage_taken":0.0,"cards_upgraded":["TalkToTheHand"]},{"damage_healed":17.0,"max_hp_gain":0.0,"max_hp_loss":0.0,"gold_gain":0.0,"event_name":"The Cleric","player_choice":"Healed","floor":3.0,"gold_loss":35.0,"damage_taken":0.0},{"cards_removed":["Defend_P"],"damage_healed":0.0,"max_hp_gain":0.0,"max_hp_loss":0.0,"gold_gain":0.0,"event_name":"Golden Wing","player_choice":"Card Removal","floor":4.0,"gold_loss":0.0,"damage_taken":7.0},{"cards_removed":["Strike_P"],"damage_healed":0.0,"max_hp_gain":0.0,"max_hp_loss":0.0,"gold_gain":0.0,"event_name":"Beggar","player_choice":"Gave Gold","floor":21.0,"gold_loss":75.0,"damage_taken":0.0},{"damage_healed":0.0,"max_hp_gain":0.0,"max_hp_loss":0.0,"gold_gain":90.0,"event_name":"Knowing Skull","player_choice":"GOLD ","floor":22.0,"potions_obtained":[],"gold_loss":0.0,"damage_taken":12.0,"cards_obtained":[]},{"damage_healed":0.0,"max_hp_gain":0.0,"max_hp_loss":34.0,"gold_gain":0.0,"event_name":"Ghosts","player_choice":"Became a Ghost","floor":30.0,"gold_loss":0.0,"damage_taken":0.0,"cards_obtained":["Ghostly","Ghostly","Ghostly"]},{"damage_healed":0.0,"max_hp_gain":0.0,"max_hp_loss":0.0,"gold_gain":0.0,"event_name":"Tomb of Lord Red Mask","player_choice":"Ignored","floor":36.0,"gold_loss":0.0,"damage_taken":0.0},{"damage_healed":0.0,"max_hp_gain":0.0,"max_hp_loss":0.0,"gold_gain":0.0,"event_name":"Mysterious Sphere","player_choice":"Ignored","floor":37.0,"gold_loss":0.0,"damage_taken":0.0},{"damage_healed":0.0,"max_hp_gain":0.0,"max_hp_loss":0.0,"gold_gain":0.0,"event_name":"MindBloom","player_choice":"Upgrade","floor":47.0,"gold_loss":0.0,"damage_taken":0.0,"cards_upgraded":["Strike_P","Strike_P","Defend_P","Defend_P","Defend_P","Vigilance","Ragnarok","Protect","EmptyBody","MentalFortress","Wallop","ConjureBlade","Ghostly","Ghostly","Ghostly","Tantrum","Devotion","Worship","Sanctity","Wish"],"relics_obtained":["Mark of the Bloom"]}],"is_beta":true,"boss_relics":[{"not_picked":["Calling Bell","Pandora\u0027s Box"],"picked":"Fusion Hammer"},{"not_picked":["Black Star","Astrolabe"],"picked":"Philosopher\u0027s Stone"}],"items_purged_floors":[28,54],"is_endless":false,"potions_floor_spawned":[1,14,19,23,29,31,35,40,41,42,44],"ascension_level":20}