{"gold_per_floor":[111,36,36,51,69,103,167,238,238,256,256,270,301,301,301,379,379,399,92,92,107,121,121,150,150,150,150,110,135,151,66,66,140,140,153,153,153,173,187,187,14,42,42,88,88,121,221,221,221,221],"floor_reached":51,"playtime":4209,"items_purged":["Strike_P","Strike_P"],"score":1518,"play_id":"ffd31322-0c5c-477d-b4c7-063de0ad44ce","local_time":"20191003012512","is_ascension_mode":true,"campfire_choices":[{"floor":11.0,"key":"REST"},{"data":"Eruption","floor":15.0,"key":"SMITH"},{"floor":23.0,"key":"REST"},{"floor":25.0,"key":"REST"},{"floor":27.0,"key":"REST"},{"floor":32.0,"key":"REST"},{"floor":40.0,"key":"REST"},{"floor":45.0,"key":"REST"},{"floor":49,"key":"REST"}],"neow_cost":"NONE","seed_source_timestamp":1809127485553800,"circlet_count":0,"master_deck":["AscendersBane","Strike_P+1","Defend_P","Defend_P","Defend_P","Defend_P+1","Eruption+1","Vigilance","CutThroughFate","BattleHymn","Halt+1","Consecrate+1","Wireheading","ConjureBlade","Protect","Apotheosis+1","DevaForm","EmptyMind","Evaluate","Alpha","Fasting2","CutThroughFate+1","Vault","Wallop+1","Sanctity"],"special_seed":0,"relics":["HolyWater","GremlinMask","Anchor","Oddly Smooth Stone","Pantograph","Eternal Feather","Potion Belt","Fusion Hammer","StoneCalendar","Kunai","Whetstone","Matryoshka","Bag of Preparation","GoldenEye","Art of War","Dream Catcher","CaptainsWheel","War Paint","Nunchaku"],"potions_floor_usage":[50,50,50],"damage_taken":[{"damage":0.0,"enemies":"2 Louse","floor":1.0,"turns":2.0},{"damage":0.0,"enemies":"Cultist","floor":4.0,"turns":2.0},{"damage":0.0,"enemies":"Jaw Worm","floor":5.0,"turns":2.0},{"damage":29.0,"enemies":"3 Sentries","floor":6.0,"turns":8.0},{"damage":7.0,"enemies":"3 Sentries","floor":7.0,"turns":4.0},{"damage":9.0,"enemies":"Exordium Wildlife","floor":10.0,"turns":3.0},{"damage":0.0,"enemies":"Looter","floor":12.0,"turns":3.0},{"damage":0.0,"enemies":"Gremlin Nob","floor":13.0,"turns":2.0},{"damage":0.0,"enemies":"Slime Boss","floor":16.0,"turns":5.0},{"damage":4.0,"enemies":"Spheric Guardian","floor":18.0,"turns":3.0},{"damage":1.0,"enemies":"2 Thieves","floor":21.0,"turns":4.0},{"damage":14.0,"enemies":"Sentry and Sphere","floor":22.0,"turns":4.0},{"damage":37.0,"enemies":"Slavers","floor":24.0,"turns":5.0},{"damage":32.0,"enemies":"Gremlin Leader","floor":29.0,"turns":7.0},{"damage":34.0,"enemies":"Cultist and Chosen","floor":30.0,"turns":6.0},{"damage":45.0,"enemies":"Collector","floor":33.0,"turns":8.0},{"damage":27.0,"enemies":"3 Darklings","floor":35.0,"turns":5.0},{"damage":0.0,"enemies":"Orb Walker","floor":38.0,"turns":4.0},{"damage":2.0,"enemies":"4 Shapes","floor":39.0,"turns":7.0},{"damage":12.0,"enemies":"Nemesis","floor":42.0,"turns":6.0},{"damage":34.0,"enemies":"2 Orb Walkers","floor":44.0,"turns":5.0},{"damage":0.0,"enemies":"Giant Head","floor":46.0,"turns":6.0},{"damage":0.0,"enemies":"Mind Bloom Boss Battle","floor":47.0,"turns":5.0},{"damage":18,"enemies":"Awakened One","floor":50,"turns":8}],"seed_played":"-2540536466397250100","potions_obtained":[{"floor":1.0,"key":"Swift Potion"},{"floor":5.0,"key":"FearPotion"},{"floor":7.0,"key":"LiquidBronze"},{"floor":13.0,"key":"BottledMiracle"},{"floor":21.0,"key":"GamblersBrew"},{"floor":30.0,"key":"StancePotion"},{"floor":33.0,"key":"SpeedPotion"},{"floor":35.0,"key":"Regen Potion"},{"floor":39.0,"key":"Explosive Potion"},{"floor":44.0,"key":"BottledMiracle"},{"floor":46.0,"key":"Explosive Potion"}],"is_trial":false,"path_per_floor":["M","$","?","M","M","E","?","T","T","M","R","M","E","?","R","B",null,"M","$","?","M","M","R","E","R","T","R","$","E","M","?","R","B",null,"M","?","$","M","M","R","$","E","T","?","R","E","?","?","R","B",null],"character_chosen":"WATCHER","items_purchased":["Apotheosis","EmptyMind","Bag of Preparation"],"campfire_rested":8,"item_purchase_floors":[19,28,41],"current_hp_per_floor":[67,67,67,67,67,38,31,31,31,22,50,50,50,43,49,74,74,70,70,70,69,55,74,37,68,68,74,74,42,8,8,39,19,60,33,33,33,33,31,64,64,52,52,18,51,51,70,70,70,64],"gold":221,"neow_bonus":"TEN_PERCENT_HP_BONUS","is_prod":false,"is_daily":false,"chose_seed":false,"campfire_upgraded":1,"win_rate":0,"timestamp":1570062312,"path_taken":["M","$","?","?","M","E","?","?","T","M","R","M","E","?","R","BOSS","M","$","?","M","M","R","E","R","T","R","?","E","M","?","R","BOSS","M","?","$","M","M","R","$","E","T","?","R","E","?","?","R","BOSS"],"build_version":"2019-10-02","purchased_purges":2,"victory":true,"max_hp_per_floor":[74,74,74,74,74,74,74,74,74,74,74,74,74,74,74,74,74,74,74,74,74,74,74,74,74,74,74,74,74,74,74,74,74,74,74,70,70,70,70,70,70,70,70,70,70,70,70,70,70,70],"card_choices":[{"not_picked":["SpiritShield","DeceiveReality"],"picked":"CutThroughFate","floor":1.0},{"not_picked":["EmptyFist","CutThroughFate"],"picked":"BattleHymn","floor":4.0},{"not_picked":["Sanctity","EmptyFist"],"picked":"Halt","floor":5.0},{"not_picked":["SpiritShield","ThirdEye"],"picked":"Consecrate","floor":6.0},{"not_picked":["ReachHeaven","Halt","CrushJoints"],"picked":"SKIP","floor":10.0},{"not_picked":["SashWhip","BowlingBash","Crescendo"],"picked":"SKIP","floor":12.0},{"not_picked":["CutThroughFate","FlyingSleeves"],"picked":"Wireheading","floor":13.0},{"not_picked":["DeusExMachina","Devotion"],"picked":"ConjureBlade","floor":16.0},{"not_picked":["Conclude","Consecrate+1"],"picked":"Protect","floor":18.0},{"not_picked":["Prostrate","Indignation","Consecrate"],"picked":"SKIP","floor":21.0},{"not_picked":["Prostrate","EmptyFist","Tantrum"],"picked":"SKIP","floor":22.0},{"not_picked":["ReachHeaven","SashWhip"],"picked":"DevaForm","floor":24.0},{"not_picked":["CrushJoints","FlowState"],"picked":"Evaluate","floor":29.0},{"not_picked":["CrushJoints","ClearTheMind","FollowUp"],"picked":"SKIP","floor":30.0},{"not_picked":["Blasphemy","DevaForm"],"picked":"Alpha","floor":33.0},{"not_picked":["ThirdEye","SashWhip"],"picked":"Fasting2","floor":35.0},{"not_picked":["FlyingSleeves","Tantrum"],"picked":"CutThroughFate+1","floor":38.0},{"not_picked":["EmptyMind","ThirdEye+1"],"picked":"Vault","floor":39.0},{"not_picked":["SignatureMove","WaveOfTheHand","FlurryOfBlows+1"],"picked":"SKIP","floor":42.0},{"not_picked":["Wireheading","EmptyBody+1"],"picked":"Wallop+1","floor":45.0},{"not_picked":["CutThroughFate","Vengeance"],"picked":"Sanctity","floor":46.0}],"player_experience":1856521,"relics_obtained":[{"floor":6.0,"key":"Anchor"},{"floor":7.0,"key":"Oddly Smooth Stone"},{"floor":8.0,"key":"Pantograph"},{"floor":9.0,"key":"Eternal Feather"},{"floor":13.0,"key":"Potion Belt"},{"floor":24.0,"key":"StoneCalendar"},{"floor":26.0,"key":"Kunai"},{"floor":29.0,"key":"Whetstone"},{"floor":42.0,"key":"GoldenEye"},{"floor":43.0,"key":"Art of War"},{"floor":43.0,"key":"Dream Catcher"},{"floor":44.0,"key":"CaptainsWheel"},{"floor":46.0,"key":"War Paint"},{"floor":47.0,"key":"Nunchaku"}],"event_choices":[{"damage_healed":0.0,"max_hp_gain":0.0,"max_hp_loss":0.0,"gold_gain":0.0,"event_name":"FaceTrader","player_choice":"Trade","floor":3.0,"gold_loss":0.0,"damage_taken":0.0,"relics_obtained":["GremlinMask"]},{"damage_healed":0.0,"max_hp_gain":0.0,"max_hp_loss":0.0,"gold_gain":30.0,"event_name":"Dead Adventurer","player_choice":"Searched \u00272\u0027 times","floor":7.0,"gold_loss":0.0,"damage_taken":0.0},{"cards_removed":["Strike_P"],"damage_healed":0.0,"max_hp_gain":0.0,"max_hp_loss":0.0,"gold_gain":0.0,"event_name":"Golden Wing","player_choice":"Card Removal","floor":14.0,"gold_loss":0.0,"damage_taken":7.0},{"damage_healed":0.0,"max_hp_gain":0.0,"max_hp_loss":0.0,"gold_gain":0.0,"event_name":"Accursed Blacksmith","player_choice":"Forge","floor":20.0,"gold_loss":0.0,"damage_taken":0.0,"cards_upgraded":["Apotheosis"]},{"damage_healed":0.0,"max_hp_gain":0.0,"max_hp_loss":0.0,"gold_gain":0.0,"event_name":"Addict","player_choice":"Obtained Relic","floor":31.0,"gold_loss":85.0,"damage_taken":0.0,"relics_obtained":["Matryoshka"]},{"damage_healed":0.0,"max_hp_gain":0.0,"max_hp_loss":4.0,"gold_gain":0.0,"event_name":"Winding Halls","player_choice":"Max HP","floor":36.0,"gold_loss":0.0,"damage_taken":0.0},{"damage_healed":0.0,"max_hp_gain":0.0,"max_hp_loss":0.0,"gold_gain":0.0,"event_name":"Mysterious Sphere","player_choice":"Fight","floor":44.0,"gold_loss":0.0,"damage_taken":0.0},{"damage_healed":0.0,"max_hp_gain":0.0,"max_hp_loss":0.0,"gold_gain":0.0,"event_name":"MindBloom","player_choice":"Fight","floor":47.0,"gold_loss":0.0,"damage_taken":0.0},{"damage_healed":0,"gold_gain":0,"player_choice":"Ignored","damage_taken":0,"max_hp_gain":0,"max_hp_loss":0,"event_name":"Transmorgrifier","floor":48,"gold_loss":0}],"is_beta":true,"boss_relics":[{"not_picked":["Busted Crown","Empty Cage"],"picked":"Fusion Hammer"},{"not_picked":["Calling Bell","Runic Pyramid"],"picked":"HolyWater"}],"items_purged_floors":[2,19],"is_endless":false,"potions_floor_spawned":[1,5,7,13,21,30,33,35,39,44,46],"ascension_level":18}