{"gold_per_floor":[118,118,118,166,3,3,35,35,35,46,64,64,91,111,111,187,187,199,216,227,227,227,227,13,13,13,43,43,60,1,28,28,105,105,119,119,137,137,148,179,179,195,250,0,0,27,27,39,39,39],"floor_reached":51,"playtime":4241,"items_purged":["Strike_P","Shame"],"score":1464,"play_id":"738ba0b6-aaaa-43a7-a6cf-9bcf930d49b6","local_time":"20191004005106","is_ascension_mode":true,"campfire_choices":[{"data":"FlurryOfBlows","floor":6.0,"key":"SMITH"},{"data":"CrushJoints","floor":8.0,"key":"SMITH"},{"data":"Consecrate","floor":12.0,"key":"SMITH"},{"data":"Fasting2","floor":15.0,"key":"SMITH"},{"data":"Protect","floor":23.0,"key":"SMITH"},{"floor":28.0,"key":"REST"},{"data":"Worship","floor":32.0,"key":"SMITH"},{"floor":41.0,"key":"REST"},{"floor":45.0,"key":"REST"},{"floor":49,"key":"REST"}],"neow_cost":"NONE","seed_source_timestamp":1893178994679900,"circlet_count":0,"master_deck":["AscendersBane","Strike_P+1","Strike_P+1","Strike_P+1","Defend_P+1","Defend_P+1","Defend_P+1","Eruption+1","Vigilance+1","Halt+1","FlurryOfBlows+1","CrushJoints+1","EmptyBody","Consecrate+1","Fasting2+1","Establishment","Protect+1","InnerPeace","EmptyMind","SandsOfTime","Worship+1","Prostrate+1","Swivel+1","JustLucky+1","Sanctity+1","EmptyMind+1","Perseverance+1","InnerPeace+1"],"special_seed":0,"relics":["PureWater","InkBottle","Strawberry","Meat on the Bone","Turnip","Sozu","Toxic Egg 2","Matryoshka","Dodecahedron","Cursed Key","Orichalcum","Bag of Marbles","MawBank","Ancient Tea Set"],"potions_floor_usage":[50,50],"damage_taken":[{"damage":0.0,"enemies":"2 Louse","floor":1.0,"turns":2.0},{"damage":7.0,"enemies":"3 Sentries","floor":7.0,"turns":10.0},{"damage":0.0,"enemies":"Small Slimes","floor":10.0,"turns":2.0},{"damage":0.0,"enemies":"Jaw Worm","floor":11.0,"turns":1.0},{"damage":0.0,"enemies":"Gremlin Nob","floor":13.0,"turns":2.0},{"damage":0.0,"enemies":"Exordium Wildlife","floor":14.0,"turns":3.0},{"damage":7.0,"enemies":"Hexaghost","floor":16.0,"turns":5.0},{"damage":7.0,"enemies":"Shell Parasite","floor":18.0,"turns":4.0},{"damage":2.0,"enemies":"3 Byrds","floor":19.0,"turns":4.0},{"damage":11.0,"enemies":"Centurion and Healer","floor":20.0,"turns":5.0},{"damage":8.0,"enemies":"Book of Stabbing","floor":27.0,"turns":5.0},{"damage":0.0,"enemies":"Sentry and Sphere","floor":29.0,"turns":5.0},{"damage":5.0,"enemies":"Gremlin Leader","floor":31.0,"turns":6.0},{"damage":26.0,"enemies":"Champ","floor":33.0,"turns":12.0},{"damage":8.0,"enemies":"Orb Walker","floor":35.0,"turns":5.0},{"damage":0.0,"enemies":"3 Darklings","floor":37.0,"turns":5.0},{"damage":0.0,"enemies":"Maw","floor":39.0,"turns":7.0},{"damage":40.0,"enemies":"Nemesis","floor":40.0,"turns":11.0},{"damage":7.0,"enemies":"Spire Growth","floor":42.0,"turns":7.0},{"damage":7.0,"enemies":"Reptomancer","floor":46.0,"turns":7.0},{"damage":8,"enemies":"Jaw Worm Horde","floor":48,"turns":6},{"damage":13,"enemies":"Awakened One","floor":50,"turns":9}],"seed_played":"8356096237408608599","potions_obtained":[{"floor":10.0,"key":"Dexterity Potion"},{"floor":14.0,"key":"SteroidPotion"}],"is_trial":false,"path_per_floor":["M","?","?","T","$","R","E","R","T","M","M","R","E","M","R","B",null,"M","M","M","?","?","R","$","?","T","E","R","M","$","E","R","B",null,"M","?","M","?","M","E","R","M","T","$","R","E","?","M","R","B",null],"character_chosen":"WATCHER","items_purchased":["FlurryOfBlows","InnerPeace","EmptyMind","SandsOfTime","Prostrate+1","Perseverance+1","InnerPeace+1"],"campfire_rested":4,"item_purchase_floors":[5,24,24,24,30,44,44],"current_hp_per_floor":[61,41,34,34,34,34,34,34,34,46,46,46,46,46,46,39,66,59,57,46,46,46,46,46,46,46,38,60,60,60,55,55,41,67,59,59,59,59,59,31,53,46,46,46,68,61,61,53,71,58],"gold":39,"neow_bonus":"UPGRADE_CARD","is_prod":false,"is_daily":false,"chose_seed":false,"campfire_upgraded":6,"win_rate":0,"timestamp":1570146666,"path_taken":["M","?","?","?","$","R","E","R","T","M","?","R","E","M","R","BOSS","M","M","M","?","?","R","$","?","T","E","R","M","$","E","R","BOSS","M","?","?","?","M","E","R","M","T","$","R","E","?","M","R","BOSS"],"build_version":"2019-10-03","purchased_purges":2,"victory":true,"max_hp_per_floor":[68,68,68,68,68,68,75,75,75,75,75,75,75,75,75,75,75,75,75,75,75,75,75,75,75,75,75,75,75,75,75,75,75,75,75,75,75,75,75,75,75,75,75,75,75,75,71,71,71,71],"card_choices":[{"not_picked":["Prostrate","Collect"],"picked":"Halt","floor":1.0},{"not_picked":["Consecrate","Judgement"],"picked":"CrushJoints","floor":7.0},{"not_picked":["ForeignInfluence","Weave"],"picked":"EmptyBody","floor":10.0},{"not_picked":["BattleHymn","Crescendo"],"picked":"Consecrate","floor":11.0},{"not_picked":["CutThroughFate","FlyingSleeves"],"picked":"Fasting2","floor":13.0},{"not_picked":["FlowState","FollowUp","CutThroughFate"],"picked":"SKIP","floor":14.0},{"not_picked":["Nirvana","Ragnarok"],"picked":"Establishment","floor":16.0},{"not_picked":["Weave","Prostrate"],"picked":"Protect","floor":18.0},{"not_picked":["Weave","Collect+1"],"picked":"SashWhip+1","floor":19.0},{"not_picked":["ClearTheMind","Consecrate","WaveOfTheHand"],"picked":"SKIP","floor":20.0},{"not_picked":["MasterReality","Brilliance+1","Pray+1"],"picked":"SKIP","floor":27.0},{"not_picked":["CutThroughFate","ClearTheMind+1","SignatureMove"],"picked":"SKIP","floor":29.0},{"not_picked":["WreathOfFlame+1","FollowUp+1","CrushJoints"],"picked":"SKIP","floor":31.0},{"not_picked":["ClearTheMind+1","WreathOfFlame+1"],"picked":"Swivel+1","floor":35.0},{"not_picked":["Consecrate+1","WheelKick"],"picked":"JustLucky+1","floor":37.0},{"not_picked":["JustLucky","Vengeance+1"],"picked":"Sanctity+1","floor":39.0},{"not_picked":["Weave","WreathOfFlame+1","CrushJoints"],"picked":"SKIP","floor":40.0},{"not_picked":["EmptyFist+1","CarveReality"],"picked":"EmptyMind+1","floor":42.0},{"not_picked":["Brilliance+1","Indignation+1","Pray+1"],"picked":"SKIP","floor":46.0},{"not_picked":["WindmillStrike+1","Crescendo+1","CrushJoints"],"picked":"SKIP","floor":48}],"player_experience":1869396,"relics_obtained":[{"floor":4.0,"key":"InkBottle"},{"floor":7.0,"key":"Strawberry"},{"floor":9.0,"key":"Meat on the Bone"},{"floor":13.0,"key":"Turnip"},{"floor":26.0,"key":"Toxic Egg 2"},{"floor":27.0,"key":"Matryoshka"},{"floor":31.0,"key":"Dodecahedron"},{"floor":40.0,"key":"Orichalcum"},{"floor":43.0,"key":"Bag of Marbles"},{"floor":43.0,"key":"MawBank"},{"floor":46.0,"key":"Ancient Tea Set"}],"event_choices":[{"damage_healed":0.0,"max_hp_gain":0.0,"max_hp_loss":0.0,"gold_gain":0.0,"event_name":"Shining Light","player_choice":"Entered Light","floor":2.0,"gold_loss":0.0,"damage_taken":20.0,"cards_upgraded":["Vigilance","Halt"]},{"cards_removed":["Defend_P"],"damage_healed":0.0,"max_hp_gain":0.0,"max_hp_loss":0.0,"gold_gain":0.0,"event_name":"Golden Wing","player_choice":"Card Removal","floor":3.0,"gold_loss":0.0,"damage_taken":7.0},{"damage_healed":0.0,"max_hp_gain":0.0,"max_hp_loss":0.0,"gold_gain":0.0,"event_name":"Ghosts","player_choice":"Ignored","floor":21.0,"gold_loss":0.0,"damage_taken":0.0},{"damage_healed":0.0,"max_hp_gain":0.0,"max_hp_loss":0.0,"gold_gain":0.0,"event_name":"Back to Basics","player_choice":"Simplicity","floor":22.0,"gold_loss":0.0,"damage_taken":0.0,"cards_upgraded":["Strike_P","Strike_P","Strike_P","Defend_P","Defend_P","Defend_P"]},{"damage_healed":0.0,"max_hp_gain":0.0,"max_hp_loss":0.0,"gold_gain":0.0,"event_name":"Match and Keep!","player_choice":"1 cards matched","floor":25.0,"gold_loss":0.0,"damage_taken":0.0,"cards_obtained":["Worship"]},{"damage_healed":0.0,"max_hp_gain":0.0,"max_hp_loss":0.0,"gold_gain":0.0,"event_name":"Lab","player_choice":"Got Potions","floor":36.0,"gold_loss":0.0,"damage_taken":0.0},{"cards_removed":["SashWhip"],"damage_healed":0.0,"max_hp_gain":0.0,"max_hp_loss":0.0,"gold_gain":0.0,"event_name":"Falling","player_choice":"Removed Attack","floor":38.0,"gold_loss":0.0,"damage_taken":0.0},{"damage_healed":0.0,"max_hp_gain":0.0,"max_hp_loss":4.0,"gold_gain":0.0,"event_name":"Winding Halls","player_choice":"Max HP","floor":47.0,"gold_loss":0.0,"damage_taken":0.0}],"is_beta":true,"boss_relics":[{"not_picked":["VioletLotus","Runic Dome"],"picked":"Sozu"},{"not_picked":["Velvet Choker","Black Star"],"picked":"Cursed Key"}],"items_purged_floors":[5,44],"is_endless":false,"potions_floor_spawned":[10,14,18,19,20,37,39,46,48],"ascension_level":19}