{"gold_per_floor":[360,377,225,225,238,266,266,334,334,408,83,94,121,134,134,211,211,223,303,243,253,313,313,345,360,360,410,421,294,306,46,46,120,120,137,153,203,253,270,280,126,226,250,316,316,156,206,238,238,238],"floor_reached":51,"playtime":3877,"items_purged":["Strike_P","Defend_P","Strike_P","Strike_P+1"],"score":1522,"play_id":"4b5e6afc-5fd7-4e6e-9ff1-f972aaa02f5a","local_time":"20191002232401","is_ascension_mode":true,"campfire_choices":[{"data":"Eruption","floor":7.0,"key":"SMITH"},{"data":"1","floor":15.0,"key":"LIFT"},{"data":"2","floor":23.0,"key":"LIFT"},{"data":"3","floor":32.0,"key":"LIFT"},{"floor":45.0,"key":"REST"},{"data":"Wallop","floor":49,"key":"SMITH"}],"neow_cost":"TEN_PERCENT_HP_LOSS","seed_source_timestamp":1802066415404000,"circlet_count":0,"master_deck":["AscendersBane","Defend_P","Defend_P+1","Defend_P","Vigilance+1","SandsOfTime","Protect","Wallop","SashWhip","Wallop","Halt+1","Vault","Consecrate","Fasting2+1","Tantrum","Ghostly","Ghostly","Ghostly+1","DevaForm","Halt","LessonLearned","JustLucky+1","Wallop+1","Sanctity"],"special_seed":0,"relics":["HolyWater","SsserpentHead","Omamori","Oddly Smooth Stone","Odd Mushroom","Girya","Yang","Sozu","Tiny Chest","Blood Vial","Strawberry","Ice Cream","Smiling Mask","OrangePellets","Akabeko","Frozen Egg 2"],"potions_floor_usage":[50],"damage_taken":[{"damage":0.0,"enemies":"2 Louse","floor":1.0,"turns":2.0},{"damage":2.0,"enemies":"Cultist","floor":2.0,"turns":3.0},{"damage":4.0,"enemies":"Jaw Worm","floor":5.0,"turns":4.0},{"damage":7.0,"enemies":"Lagavulin","floor":6.0,"turns":7.0},{"damage":0.0,"enemies":"2 Fungi Beasts","floor":8.0,"turns":3.0},{"damage":5.0,"enemies":"The Mushroom Lair","floor":10.0,"turns":4.0},{"damage":14.0,"enemies":"Large Slime","floor":12.0,"turns":6.0},{"damage":0.0,"enemies":"3 Sentries","floor":13.0,"turns":5.0},{"damage":0.0,"enemies":"Gremlin Gang","floor":14.0,"turns":5.0},{"damage":3.0,"enemies":"The Guardian","floor":16.0,"turns":9.0},{"damage":5.0,"enemies":"Shell Parasite","floor":18.0,"turns":4.0},{"damage":1.0,"enemies":"Chosen","floor":21.0,"turns":3.0},{"damage":0.0,"enemies":"Snecko","floor":22.0,"turns":7.0},{"damage":20.0,"enemies":"Slavers","floor":24.0,"turns":4.0},{"damage":10.0,"enemies":"Cultist and Chosen","floor":25.0,"turns":5.0},{"damage":8.0,"enemies":"Snake Plant","floor":28.0,"turns":5.0},{"damage":0.0,"enemies":"Snecko","floor":30.0,"turns":5.0},{"damage":0.0,"enemies":"Automaton","floor":33.0,"turns":9.0},{"damage":0.0,"enemies":"Orb Walker","floor":35.0,"turns":4.0},{"damage":0.0,"enemies":"3 Shapes","floor":36.0,"turns":4.0},{"damage":2.0,"enemies":"Jaw Worm Horde","floor":39.0,"turns":6.0},{"damage":0.0,"enemies":"Writhing Mass","floor":40.0,"turns":9.0},{"damage":14.0,"enemies":"2 Orb Walkers","floor":42.0,"turns":7.0},{"damage":11.0,"enemies":"Spire Growth","floor":44.0,"turns":6.0},{"damage":0,"enemies":"Reptomancer","floor":48,"turns":6},{"damage":0,"enemies":"Time Eater","floor":50,"turns":13}],"seed_played":"6031077025423406315","potions_obtained":[{"floor":1.0,"key":"EntropicBrew"},{"floor":8.0,"key":"Fire Potion"},{"floor":13.0,"key":"Energy Potion"},{"floor":14.0,"key":"Swift Potion"}],"is_trial":false,"path_per_floor":["M","M","$","?","M","E","R","M","T","?","$","M","E","M","R","B",null,"M","?","?","M","M","R","E","M","T","?","M","$","M","$","R","B",null,"M","M","?","?","M","M","$","?","T","M","R","$","T","E","R","B",null],"character_chosen":"WATCHER","items_purchased":["Wallop","Girya","DevaForm","Strawberry","Sanctity","OrangePellets"],"campfire_rested":1,"item_purchase_floors":[3,11,29,31,41,46],"current_hp_per_floor":[61,59,59,59,55,48,48,48,48,43,43,29,29,29,29,26,53,48,48,48,47,47,47,27,19,19,19,13,13,15,22,22,24,35,37,38,38,36,34,36,36,22,22,13,23,23,23,25,25,27],"gold":238,"neow_bonus":"TWO_FIFTY_GOLD","is_prod":false,"is_daily":false,"chose_seed":false,"campfire_upgraded":2,"win_rate":0,"timestamp":1570055041,"path_taken":["M","M","$","?","M","E","R","?","T","?","$","M","E","M","R","BOSS","M","?","?","M","?","R","E","M","T","?","M","?","M","$","R","BOSS","M","M","?","?","M","M","$","?","T","?","R","?","?","E","R","BOSS"],"build_version":"2019-10-02","purchased_purges":4,"victory":true,"max_hp_per_floor":[62,62,62,62,62,62,62,62,62,62,62,62,62,62,62,62,62,62,62,62,62,62,62,62,62,62,31,31,31,31,38,38,38,38,38,38,38,36,36,36,36,36,36,36,36,36,36,36,36,36],"card_choices":[{"not_picked":["Meditate","Conclude"],"picked":"SandsOfTime","floor":1.0},{"not_picked":["Sanctity","EmptyBody"],"picked":"Protect","floor":2.0},{"not_picked":["EmptyBody","Sanctity"],"picked":"SashWhip","floor":5.0},{"not_picked":["Halt","BowlingBash","Evaluate"],"picked":"SKIP","floor":6.0},{"not_picked":["BowlingBash","FlyingSleeves"],"picked":"Wallop","floor":8.0},{"not_picked":["EmptyBody","BowlingBash"],"picked":"Halt","floor":12.0},{"not_picked":["Omniscience","SashWhip","FearNoEvil"],"picked":"SKIP","floor":13.0},{"not_picked":["Vengeance","WindmillStrike","ReachHeaven"],"picked":"SKIP","floor":14.0},{"not_picked":["Devotion","Blasphemy"],"picked":"Vault","floor":16.0},{"not_picked":["FollowUp","ForeignInfluence","ReachHeaven"],"picked":"SKIP","floor":18.0},{"not_picked":["Collect","ClearTheMind"],"picked":"Consecrate","floor":21.0},{"not_picked":["ThirdEye","CrushJoints","Collect"],"picked":"SKIP","floor":22.0},{"not_picked":["Perseverance","Evaluate"],"picked":"Fasting2","floor":24.0},{"not_picked":["FlyingSleeves","BowlingBash"],"picked":"Tantrum","floor":25.0},{"not_picked":["Consecrate","Protect","Sanctity"],"picked":"SKIP","floor":28.0},{"not_picked":["Prostrate","PathToVictory"],"picked":"Halt","floor":30.0},{"not_picked":["Brilliance","Wish"],"picked":"LessonLearned","floor":33.0},{"not_picked":["CrushJoints+1","Halt+1"],"picked":"JustLucky+1","floor":35.0},{"not_picked":["SashWhip+1","Swivel"],"picked":"Wallop","floor":36.0},{"not_picked":["FlyingSleeves","ThirdEye","CrushJoints"],"picked":"SKIP","floor":39.0},{"not_picked":["ClearTheMind","TalkToTheHand","EmptyBody"],"picked":"SKIP","floor":40.0},{"not_picked":["Consecrate","EmptyBody","Meditate"],"picked":"SKIP","floor":44.0},{"not_picked":["Consecrate+1","ReachHeaven","FollowUp"],"picked":"SKIP","floor":48}],"player_experience":1851077,"relics_obtained":[{"floor":6.0,"key":"Omamori"},{"floor":9.0,"key":"Oddly Smooth Stone"},{"floor":10.0,"key":"Odd Mushroom"},{"floor":13.0,"key":"Yang"},{"floor":24.0,"key":"Blood Vial"},{"floor":42.0,"key":"Ice Cream"},{"floor":43.0,"key":"Smiling Mask"},{"floor":47.0,"key":"Akabeko"},{"floor":48,"key":"Frozen Egg 2"}],"event_choices":[{"damage_healed":0.0,"max_hp_gain":0.0,"max_hp_loss":0.0,"gold_gain":0.0,"event_name":"FaceTrader","player_choice":"Trade","floor":4.0,"gold_loss":0.0,"damage_taken":0.0,"relics_obtained":["SsserpentHead"]},{"damage_healed":0.0,"max_hp_gain":0.0,"max_hp_loss":0.0,"gold_gain":0.0,"event_name":"Mushrooms","player_choice":"Fought Mushrooms","floor":10.0,"gold_loss":0.0,"damage_taken":0.0},{"damage_healed":0.0,"max_hp_gain":0.0,"max_hp_loss":0.0,"gold_gain":0.0,"event_name":"The Mausoleum","player_choice":"Opened","floor":19.0,"gold_loss":0.0,"damage_taken":0.0,"relics_obtained":["Tiny Chest"],"cards_obtained":["Writhe"]},{"cards_removed":["Strike_P"],"damage_healed":0.0,"max_hp_gain":0.0,"max_hp_loss":0.0,"gold_gain":0.0,"event_name":"Designer","player_choice":"Upgrade and Remove","floor":20.0,"gold_loss":110.0,"damage_taken":0.0,"cards_upgraded":["Halt"]},{"damage_healed":0.0,"max_hp_gain":0.0,"max_hp_loss":31.0,"gold_gain":0.0,"event_name":"Ghosts","player_choice":"Became a Ghost","floor":27.0,"gold_loss":0.0,"damage_taken":0.0,"cards_obtained":["Ghostly","Ghostly","Ghostly"]},{"cards_removed":["Eruption"],"damage_healed":0.0,"max_hp_gain":0.0,"max_hp_loss":0.0,"gold_gain":0.0,"event_name":"Falling","player_choice":"Removed Attack","floor":37.0,"gold_loss":0.0,"damage_taken":0.0},{"damage_healed":0.0,"max_hp_gain":0.0,"max_hp_loss":2.0,"gold_gain":0.0,"event_name":"Winding Halls","player_choice":"Max HP","floor":38.0,"gold_loss":0.0,"damage_taken":0.0},{"damage_healed":0.0,"max_hp_gain":0.0,"max_hp_loss":0.0,"gold_gain":0.0,"event_name":"Mysterious Sphere","player_choice":"Fight","floor":42.0,"gold_loss":0.0,"damage_taken":0.0}],"is_beta":true,"boss_relics":[{"not_picked":["Astrolabe","Ectoplasm"],"picked":"Sozu"},{"not_picked":["Busted Crown","Empty Cage"],"picked":"HolyWater"}],"items_purged_floors":[3,31,41,46],"is_endless":false,"potions_floor_spawned":[1,8,13,14,21,24,30,33,39,40,42,48],"ascension_level":17}