{"gold_per_floor":[367,367,28,28,39,39,57,57,57,57,68,24,53,65,65,139,139,153,203,30,45,45],"floor_reached":22,"playtime":988,"items_purged":[],"score":468,"play_id":"58c4acc9-b8f7-4c52-9e8e-21be79719771","local_time":"20191005114421","is_ascension_mode":true,"campfire_choices":[{"data":"Eruption","floor":6,"key":"SMITH"},{"data":"Weave","floor":8,"key":"SMITH"},{"floor":10,"key":"REST"},{"data":"Fasting2","floor":15,"key":"SMITH"}],"neow_cost":"PERCENT_DAMAGE","seed_source_timestamp":122847633485800,"circlet_count":0,"master_deck":["AscendersBane","Strike_P","Strike_P","Strike_P","Defend_P","Defend_P","Defend_P","Defend_P","Eruption+1","Vigilance","Weave+1","Wireheading","FlyingSleeves","ThirdEye","Alpha","Fasting2+1","Consecrate","CutThroughFate","Devotion"],"relics":["PureWater","Kunai","Regal Pillow","Smiling Mask","Sozu","ClockworkSouvenir"],"potions_floor_usage":[14,16],"damage_taken":[{"damage":0,"enemies":"Jaw Worm","floor":1,"turns":3},{"damage":1,"enemies":"2 Louse","floor":5,"turns":4},{"damage":13,"enemies":"Small Slimes","floor":7,"turns":4},{"damage":12,"enemies":"Red Slaver","floor":11,"turns":4},{"damage":16,"enemies":"Gremlin Nob","floor":13,"turns":3},{"damage":7,"enemies":"Lots of Slimes","floor":14,"turns":4},{"damage":0,"enemies":"Slime Boss","floor":16,"turns":5},{"damage":35,"enemies":"2 Thieves","floor":18,"turns":4},{"damage":1,"enemies":"Spheric Guardian","floor":21,"turns":3},{"damage":32,"enemies":"Centurion and Healer","floor":22,"turns":3}],"seed_played":"6560960292696033219","potions_obtained":[{"floor":7,"key":"Energy Potion"},{"floor":11,"key":"DuplicationPotion"}],"is_trial":false,"path_per_floor":["M","?","$","?","M","R","M","R","T","R","M","$","E","M","R","B",null,"M","?","$","M","M"],"character_chosen":"WATCHER","items_purchased":["Kunai","Wireheading","Fasting2","ClockworkSouvenir"],"campfire_rested":1,"item_purchase_floors":[3,3,12,20],"current_hp_per_floor":[43,43,43,43,42,42,29,29,29,64,52,52,36,29,29,29,58,23,23,23,22,0],"gold":45,"neow_bonus":"TWO_FIFTY_GOLD","is_prod":false,"is_daily":false,"chose_seed":false,"campfire_upgraded":3,"win_rate":0,"timestamp":1570272261,"path_taken":["M","?","$","?","M","R","M","R","T","R","M","$","E","M","R","BOSS","M","?","$","?","M"],"build_version":"2019-10-04","purchased_purges":0,"victory":false,"max_hp_per_floor":[68,68,68,68,68,68,68,68,68,68,68,68,68,68,68,68,68,68,68,68,68,68],"card_choices":[{"not_picked":["FollowUp","Protect"],"picked":"Weave","floor":1},{"not_picked":["Perseverance","SashWhip"],"picked":"FlyingSleeves","floor":5},{"not_picked":["FollowUp","Halt"],"picked":"ThirdEye","floor":7},{"not_picked":["ClearTheMind","SignatureMove"],"picked":"Alpha","floor":11},{"not_picked":["FollowUp","ThirdEye"],"picked":"Consecrate","floor":13},{"not_picked":["EmptyFist","Conclude"],"picked":"CutThroughFate","floor":14},{"not_picked":["Discipline","Brilliance"],"picked":"Devotion","floor":16},{"not_picked":["Adaptation","WindmillStrike","ClearTheMind"],"picked":"SKIP","floor":18},{"not_picked":["Crescendo","ClearTheMind","Vengeance"],"picked":"SKIP","floor":21}],"player_experience":1888126,"relics_obtained":[{"floor":9,"key":"Regal Pillow"},{"floor":13,"key":"Smiling Mask"}],"event_choices":[{"cards_removed":["Strike_P"],"damage_healed":0,"gold_gain":0,"player_choice":"Forget","damage_taken":0,"max_hp_gain":0,"max_hp_loss":0,"event_name":"Living Wall","floor":2,"gold_loss":0},{"damage_healed":0,"gold_gain":0,"player_choice":"Ignored","damage_taken":0,"max_hp_gain":0,"max_hp_loss":0,"event_name":"Liars Game","floor":4,"gold_loss":0},{"damage_healed":0,"gold_gain":100,"player_choice":"Bet on Murderer","damage_taken":0,"max_hp_gain":0,"max_hp_loss":0,"event_name":"The Joust","floor":19,"gold_loss":50}],"is_beta":true,"boss_relics":[{"not_picked":["Empty Cage","Snecko Eye"],"picked":"Sozu"}],"items_purged_floors":[],"is_endless":false,"potions_floor_spawned":[7,11,13],"killed_by":"Centurion and Healer","ascension_level":20}