{"gold_per_floor":[12,32,32,42,42,68,68,68,119,169,188,188,223,223,223,223],"floor_reached":16,"playtime":1239,"items_purged":[],"score":259,"play_id":"f7c4b1d4-3cee-41cb-ac59-7bb6e7a9d026","local_time":"20191003223748","is_ascension_mode":true,"campfire_choices":[{"data":"SashWhip","floor":7,"key":"SMITH"},{"data":"Eruption","floor":12,"key":"SMITH"},{"data":"BowlingBash","floor":15,"key":"SMITH"}],"neow_cost":"NO_GOLD","seed_source_timestamp":1888491201612200,"circlet_count":0,"master_deck":["AscendersBane","Strike_P","Strike_P","Strike_P","Defend_P","Defend_P","Defend_P","Defend_P","Eruption+1","Vigilance","FlyingSleeves","Weave","SashWhip+1","BowlingBash+1","LessonLearned"],"relics":["PureWater","Du-Vu Doll","Strawberry","Toy Ornithopter","Boot"],"potions_floor_usage":[6,16,16],"damage_taken":[{"damage":3,"enemies":"2 Louse","floor":1,"turns":4},{"damage":2,"enemies":"Jaw Worm","floor":2,"turns":3},{"damage":6,"enemies":"Cultist","floor":4,"turns":4},{"damage":0,"enemies":"Gremlin Nob","floor":6,"turns":2},{"damage":0,"enemies":"2 Fungi Beasts","floor":11,"turns":2},{"damage":20,"enemies":"Lagavulin","floor":13,"turns":4},{"damage":69,"enemies":"Hexaghost","floor":16,"turns":8}],"seed_played":"-3357263712593690974","potions_obtained":[{"floor":4,"key":"AttackPotion"},{"floor":6,"key":"Regen Potion"},{"floor":11,"key":"Regen Potion"}],"is_trial":false,"path_per_floor":["M","M","$","M","?","E","R","$","T","?","M","R","E","?","R","B"],"character_chosen":"WATCHER","items_purchased":[],"campfire_rested":0,"item_purchase_floors":[],"current_hp_per_floor":[58,56,56,50,50,57,57,57,57,50,50,50,30,30,30,0],"gold":223,"neow_bonus":"ONE_RARE_RELIC","is_prod":false,"is_daily":false,"chose_seed":false,"campfire_upgraded":3,"win_rate":0,"timestamp":1570138668,"path_taken":["M","M","$","M","?","E","R","$","T","?","?","R","E","?","R","BOSS"],"build_version":"2019-10-03","purchased_purges":0,"victory":false,"max_hp_per_floor":[68,68,68,68,68,75,75,75,75,75,75,75,75,75,75,75],"card_choices":[{"not_picked":["JustLucky","EmptyBody"],"picked":"FlyingSleeves","floor":1},{"not_picked":["Perseverance","Halt"],"picked":"Weave","floor":2},{"not_picked":["Weave","Worship"],"picked":"SashWhip","floor":4},{"not_picked":["Protect","Halt"],"picked":"BowlingBash","floor":6},{"not_picked":["SashWhip","WheelKick"],"picked":"LessonLearned","floor":11},{"not_picked":["Crescendo","BowlingBash","WindmillStrike"],"picked":"SKIP","floor":13}],"player_experience":1865426,"relics_obtained":[{"floor":6,"key":"Strawberry"},{"floor":9,"key":"Toy Ornithopter"},{"floor":13,"key":"Boot"}],"event_choices":[{"damage_healed":0,"gold_gain":0,"player_choice":"Ignored","damage_taken":0,"max_hp_gain":0,"max_hp_loss":0,"event_name":"Liars Game","floor":5,"gold_loss":0},{"damage_healed":0,"gold_gain":50,"player_choice":"Touch","damage_taken":7,"max_hp_gain":0,"max_hp_loss":0,"event_name":"FaceTrader","floor":10,"gold_loss":0},{"cards_removed":["Strike_P"],"damage_healed":0,"gold_gain":0,"player_choice":"Forget","damage_taken":0,"max_hp_gain":0,"max_hp_loss":0,"event_name":"Living Wall","floor":14,"gold_loss":0}],"is_beta":true,"boss_relics":[],"items_purged_floors":[],"is_endless":false,"potions_floor_spawned":[4,6,11],"killed_by":"Hexaghost","ascension_level":19}