{"gold_per_floor":[116,116,116,132,45,71,71,103,103,117,40,74,74,133,133,163],"floor_reached":16,"playtime":754,"items_purged":[],"score":302,"play_id":"ec5d0fac-57b4-43e3-a8df-f7451099ba67","local_time":"20191004214304","is_ascension_mode":true,"campfire_choices":[{"floor":7,"key":"REST"},{"floor":13,"key":"REST"},{"data":"Wish","floor":15,"key":"SMITH"}],"neow_cost":"NONE","seed_source_timestamp":72605538614200,"circlet_count":0,"master_deck":["AscendersBane","Strike_P","Strike_P","Strike_P","Strike_P","Defend_P","Defend_P","Defend_P","Eruption","Vigilance","CrushJoints","FlyingSleeves","DevaForm","Vault","Wish+1","ReachHeaven","Meditate","Swivel"],"relics":["PureWater","Mercury Hourglass","Bag of Preparation","Orichalcum","Oddly Smooth Stone","Omamori"],"potions_floor_usage":[6,16,16],"damage_taken":[{"damage":0,"enemies":"Jaw Worm","floor":1,"turns":3},{"damage":6,"enemies":"2 Louse","floor":4,"turns":2},{"damage":12,"enemies":"Lagavulin","floor":6,"turns":6},{"damage":29,"enemies":"3 Sentries","floor":8,"turns":8},{"damage":2,"enemies":"Small Slimes","floor":10,"turns":3},{"damage":0,"enemies":"Gremlin Nob","floor":12,"turns":2},{"damage":28,"enemies":"Lagavulin","floor":14,"turns":5},{"damage":22,"enemies":"Hexaghost","floor":16,"turns":10}],"seed_played":"-5695935103795690335","potions_obtained":[{"floor":0,"key":"FearPotion"},{"floor":0,"key":"Energy Potion"},{"floor":10,"key":"Dexterity Potion"}],"is_trial":false,"path_per_floor":["M","?","?","M","$","E","R","E","T","M","$","E","R","E","R","B"],"character_chosen":"WATCHER","items_purchased":["DevaForm","ReachHeaven"],"campfire_rested":2,"item_purchase_floors":[5,11],"current_hp_per_floor":[61,54,54,48,48,36,56,27,27,25,25,25,45,17,17,0],"gold":163,"neow_bonus":"THREE_SMALL_POTIONS","is_prod":false,"is_daily":false,"chose_seed":false,"campfire_upgraded":1,"win_rate":0,"timestamp":1570221784,"path_taken":["M","?","?","M","$","E","R","E","T","M","$","E","R","E","R","BOSS"],"build_version":"2019-10-04","purchased_purges":0,"victory":false,"max_hp_per_floor":[68,68,68,68,68,68,68,68,68,68,68,68,68,68,68,68],"card_choices":[{"not_picked":["ThirdEye","SashWhip"],"picked":"CrushJoints","floor":1},{"not_picked":["Wireheading","JustLucky"],"picked":"FlyingSleeves","floor":4},{"not_picked":["Indignation","CrushJoints"],"picked":"Vault","floor":6},{"not_picked":["Weave","Crescendo"],"picked":"Wish","floor":8},{"not_picked":["Weave","FlyingSleeves","Prostrate"],"picked":"SKIP","floor":10},{"not_picked":["Vengeance","BowlingBash"],"picked":"Meditate","floor":12},{"not_picked":["Crescendo","Pray"],"picked":"Swivel","floor":14}],"player_experience":1880643,"relics_obtained":[{"floor":6,"key":"Mercury Hourglass"},{"floor":8,"key":"Bag of Preparation"},{"floor":9,"key":"Orichalcum"},{"floor":12,"key":"Oddly Smooth Stone"},{"floor":14,"key":"Omamori"}],"event_choices":[{"cards_removed":["Defend_P"],"damage_healed":0,"gold_gain":0,"player_choice":"Card Removal","damage_taken":7,"max_hp_gain":0,"max_hp_loss":0,"event_name":"Golden Wing","floor":2,"gold_loss":0},{"damage_healed":0,"gold_gain":0,"player_choice":"Ignored","damage_taken":0,"max_hp_gain":0,"max_hp_loss":0,"event_name":"Liars Game","floor":3,"gold_loss":0}],"is_beta":true,"boss_relics":[],"items_purged_floors":[],"is_endless":false,"potions_floor_spawned":[4,10,14],"killed_by":"Hexaghost","ascension_level":20}