{"gold_per_floor":[111,122,197,197,35,60,73,98,98,115,115,130,130,145,145,223,223,241,241,241],"floor_reached":20,"playtime":1057,"items_purged":[],"score":418,"play_id":"716e3cea-9691-4a65-b4a1-81f0a4f03665","local_time":"20191008184430","is_ascension_mode":true,"campfire_choices":[{"data":"Wallop","floor":11,"key":"SMITH"},{"floor":13,"key":"REST"},{"data":"Eruption","floor":15,"key":"SMITH"}],"neow_cost":"NONE","seed_source_timestamp":407189270781400,"circlet_count":0,"master_deck":["AscendersBane","Eruption+1","Vigilance","WindmillStrike","JustLucky","Wallop+1","DeceiveReality","Blasphemy","EmptyFist","SpiritShield","Meditate","ConjureBlade","Evaluate","DevaForm","Consecrate","EmptyBody","TalkToTheHand"],"relics":["PureWater","NeowsBlessing","CultistMask","Bag of Marbles","The Courier","Lizard Tail","StoneCalendar","Pandora\u0027s Box","InkBottle"],"potions_floor_usage":[8,12,14,16],"damage_taken":[{"damage":0,"enemies":"Small Slimes","floor":1,"turns":2},{"damage":0,"enemies":"Jaw Worm","floor":2,"turns":1},{"damage":0,"enemies":"Lagavulin","floor":6,"turns":1},{"damage":0,"enemies":"Cultist","floor":7,"turns":2},{"damage":27,"enemies":"3 Sentries","floor":8,"turns":7},{"damage":16,"enemies":"Exordium Thugs","floor":10,"turns":3},{"damage":0,"enemies":"3 Louse","floor":12,"turns":1},{"damage":23,"enemies":"Gremlin Gang","floor":14,"turns":4},{"damage":2,"enemies":"The Guardian","floor":16,"turns":8},{"damage":100015,"enemies":"2 Thieves","floor":18,"turns":4},{"damage":99999,"enemies":"Chosen","floor":20,"turns":2}],"seed_played":"1080624945476264879","potions_obtained":[{"floor":1,"key":"Dexterity Potion"},{"floor":7,"key":"SteroidPotion"},{"floor":10,"key":"StancePotion"},{"floor":14,"key":"AttackPotion"},{"floor":18,"key":"GamblersBrew"}],"is_trial":false,"path_per_floor":["M","M","?","?","$","E","M","E","T","M","R","M","R","M","R","B",null,"M","?","M"],"character_chosen":"WATCHER","items_purchased":["Bag of Marbles"],"campfire_rested":1,"item_purchase_floors":[5],"current_hp_per_floor":[61,61,50,50,50,50,50,23,23,7,7,7,27,4,4,2,52,34,34,0],"gold":241,"neow_bonus":"THREE_ENEMY_KILL","is_prod":false,"is_daily":false,"chose_seed":false,"campfire_upgraded":2,"win_rate":0,"timestamp":1570556670,"path_taken":["M","M","?","?","$","E","M","E","T","M","R","M","R","M","R","BOSS","M","?","?"],"build_version":"2019-10-07","purchased_purges":0,"victory":false,"max_hp_per_floor":[68,68,68,68,68,68,68,68,68,68,68,68,68,68,68,68,68,68,68,68],"card_choices":[{"not_picked":["Evaluate","FollowUp"],"picked":"WindmillStrike","floor":1},{"not_picked":["ForeignInfluence","JustLucky","Halt"],"picked":"SKIP","floor":2},{"not_picked":["BowlingBash","Crescendo","Weave"],"picked":"SKIP","floor":6},{"not_picked":["Pray","EmptyBody"],"picked":"Weave","floor":7},{"not_picked":["DeusExMachina","FlowState"],"picked":"JustLucky","floor":8},{"not_picked":["ClearTheMind","Indignation"],"picked":"Wallop","floor":10},{"not_picked":["FollowUp","Collect","Worship"],"picked":"SKIP","floor":12},{"not_picked":["ClearTheMind","Prostrate"],"picked":"DeceiveReality","floor":14},{"not_picked":["Discipline","MasterReality"],"picked":"Blasphemy","floor":16},{"not_picked":["Weave","PathToVictory"],"picked":"TalkToTheHand","floor":18}],"player_experience":1911701,"relics_obtained":[{"floor":6,"key":"The Courier"},{"floor":8,"key":"Lizard Tail"},{"floor":9,"key":"StoneCalendar"}],"event_choices":[{"damage_healed":0,"gold_gain":75,"player_choice":"Gather Gold","damage_taken":11,"max_hp_gain":0,"max_hp_loss":0,"event_name":"World of Goop","floor":3,"gold_loss":0},{"damage_healed":0,"gold_gain":0,"player_choice":"Trade","damage_taken":0,"relics_obtained":["CultistMask"],"max_hp_gain":0,"max_hp_loss":0,"event_name":"FaceTrader","floor":4,"gold_loss":0},{"cards_removed":["Weave"],"damage_healed":0,"gold_gain":0,"player_choice":"Gave Card","damage_taken":0,"relics_obtained":["InkBottle"],"max_hp_gain":0,"max_hp_loss":0,"event_name":"WeMeetAgain","floor":19,"gold_loss":0}],"is_beta":true,"boss_relics":[{"not_picked":["Velvet Choker","Fusion Hammer"],"picked":"Pandora\u0027s Box"}],"items_purged_floors":[],"is_endless":false,"potions_floor_spawned":[1,7,10,14,18],"killed_by":"Chosen","ascension_level":20}