{"gold_per_floor":[366,64,77,77,94,121,134,134,183,215,232,69,69,80,80,153,153,168,10,10,23,41,74,74,99,124,142,170,170,3,16,16,16],"floor_reached":33,"playtime":5484,"items_purged":["Strike_P"],"score":834,"play_id":"c40b3d81-2a7b-48e2-bd87-3b665770bbf8","local_time":"20191006101935","is_ascension_mode":true,"campfire_choices":[{"floor":8.0,"key":"REST"},{"data":"SandsOfTime","floor":13.0,"key":"SMITH"},{"data":"Wallop","floor":15.0,"key":"SMITH"},{"floor":24.0,"key":"REST"},{"floor":29,"key":"REST"},{"data":"Fasting2","floor":32,"key":"SMITH"}],"neow_cost":"PERCENT_DAMAGE","seed_source_timestamp":199439626729700,"circlet_count":0,"master_deck":["AscendersBane","Strike_P","Strike_P+1","Defend_P","Defend_P+1","Defend_P+1","Defend_P+1","Eruption","Vigilance","SandsOfTime+1","FlurryOfBlows+1","Protect","FollowUp+1","LessonLearned","Wallop+1","Establishment+1","Vengeance","CurseOfTheBell","Wallop+1","Scrawl","Consecrate","TalkToTheHand","Fasting2+1","Wallop"],"special_seed":0,"relics":["PureWater","ClockworkSouvenir","Ornamental Fan","Lantern","Orichalcum","Bronze Scales","Calling Bell","PreservedInsect","Pantograph","Thread and Needle","Strawberry","Question Card","Juzu Bracelet","InkBottle","Lee\u0027s Waffle"],"potions_floor_usage":[28,33],"damage_taken":[{"damage":11.0,"enemies":"Cultist","floor":1.0,"turns":5.0},{"damage":0.0,"enemies":"2 Louse","floor":3.0,"turns":3.0},{"damage":2.0,"enemies":"Small Slimes","floor":5.0,"turns":3.0},{"damage":0.0,"enemies":"Lagavulin","floor":6.0,"turns":3.0},{"damage":7.0,"enemies":"Red Slaver","floor":7.0,"turns":9.0},{"damage":0.0,"enemies":"3 Sentries","floor":10.0,"turns":5.0},{"damage":6.0,"enemies":"3 Louse","floor":11.0,"turns":3.0},{"damage":3.0,"enemies":"Blue Slaver","floor":14.0,"turns":6.0},{"damage":0.0,"enemies":"Slime Boss","floor":16.0,"turns":6.0},{"damage":2.0,"enemies":"Shell Parasite","floor":18.0,"turns":4.0},{"damage":0.0,"enemies":"3 Byrds","floor":21.0,"turns":3.0},{"damage":5.0,"enemies":"Snecko","floor":22.0,"turns":8.0},{"damage":42.0,"enemies":"Gremlin Leader","floor":23.0,"turns":8.0},{"damage":14.0,"enemies":"Book of Stabbing","floor":25.0,"turns":4.0},{"damage":0.0,"enemies":"Snake Plant","floor":27.0,"turns":3.0},{"damage":7,"enemies":"Gremlin Leader","floor":28,"turns":4},{"damage":3,"enemies":"Cultist and Chosen","floor":31,"turns":7},{"damage":109,"enemies":"Collector","floor":33,"turns":14}],"seed_played":"-3297109461952960511","potions_obtained":[{"floor":3.0,"key":"Energy Potion"},{"floor":5.0,"key":"BottledMiracle"},{"floor":7.0,"key":"LiquidBronze"},{"floor":21.0,"key":"Explosive Potion"},{"floor":23.0,"key":"SteroidPotion"},{"floor":25.0,"key":"Fire Potion"},{"floor":27.0,"key":"Swift Potion"}],"is_trial":false,"path_per_floor":["M","$","M","?","M","E","M","R","T","E","M","$","R","M","R","B",null,"M","$","?","M","M","E","R","E","T","M","E","R","$","M","R","B"],"character_chosen":"WATCHER","items_purchased":["ClockworkSouvenir","FlurryOfBlows","FearPotion","Bronze Scales","Wallop","Lee\u0027s Waffle"],"campfire_rested":3,"item_purchase_floors":[2,2,2,12,19,30],"current_hp_per_floor":[32,32,32,32,30,30,23,43,43,43,37,37,37,34,34,34,60,58,58,58,58,53,18,40,26,26,26,19,41,82,79,79,0],"gold":16,"neow_bonus":"TWO_FIFTY_GOLD","is_prod":false,"is_daily":false,"chose_seed":false,"campfire_upgraded":3,"win_rate":0,"timestamp":1570353575,"path_taken":["M","?","M","?","M","E","M","R","T","E","M","$","R","?","R","BOSS","M","$","?","?","M","E","R","E","T","M","E","R","?","M","R","BOSS"],"build_version":"2019-10-04","purchased_purges":1,"victory":false,"max_hp_per_floor":[68,68,68,68,68,68,68,68,68,68,68,68,68,68,68,68,68,68,68,68,68,68,75,75,75,75,75,75,75,82,82,82,82],"card_choices":[{"not_picked":["JustLucky","Wireheading"],"picked":"SandsOfTime","floor":1.0},{"not_picked":["Vengeance","ForeignInfluence"],"picked":"Protect","floor":3.0},{"not_picked":["SashWhip","Prostrate"],"picked":"FollowUp","floor":5.0},{"not_picked":["SpiritShield","CrushJoints"],"picked":"LessonLearned","floor":6.0},{"not_picked":["ClearTheMind","Prostrate"],"picked":"Wallop","floor":7.0},{"not_picked":["CarveReality","Consecrate"],"picked":"Establishment","floor":10.0},{"not_picked":["Halt","CrushJoints","FollowUp"],"picked":"SKIP","floor":11.0},{"not_picked":["Halt","SandsOfTime"],"picked":"Vengeance","floor":14.0},{"not_picked":["Consecrate","CrushJoints","ClearTheMind"],"picked":"SKIP","floor":18.0},{"not_picked":["JustLucky+1","FollowUp+1","Meditate"],"picked":"SKIP","floor":21.0},{"not_picked":["DeceiveReality","Sanctity"],"picked":"Scrawl","floor":22.0},{"not_picked":["FlowState","EmptyBody"],"picked":"Consecrate","floor":23.0},{"not_picked":["Evaluate","Collect"],"picked":"TalkToTheHand","floor":25.0},{"not_picked":["Conclude+1","Alpha","Halt"],"picked":"Fasting2","floor":27.0},{"not_picked":["JustLucky","FollowUp","EmptyBody","Pray+1"],"picked":"SKIP","floor":28},{"not_picked":["Crescendo","SandsOfTime","Sanctity"],"picked":"Wallop","floor":31}],"player_experience":1900863,"relics_obtained":[{"floor":6.0,"key":"Ornamental Fan"},{"floor":9.0,"key":"Lantern"},{"floor":10.0,"key":"Orichalcum"},{"floor":17.0,"key":"PreservedInsect"},{"floor":17.0,"key":"Pantograph"},{"floor":17.0,"key":"Thread and Needle"},{"floor":23.0,"key":"Strawberry"},{"floor":25.0,"key":"Question Card"},{"floor":26.0,"key":"Juzu Bracelet"},{"floor":28,"key":"InkBottle"}],"event_choices":[{"cards_removed":["Strike_P"],"damage_healed":0.0,"max_hp_gain":0.0,"max_hp_loss":0.0,"gold_gain":0.0,"event_name":"Purifier","player_choice":"Purged","floor":4.0,"gold_loss":0.0,"damage_taken":0.0},{"damage_healed":0.0,"max_hp_gain":0.0,"max_hp_loss":0.0,"gold_gain":0.0,"event_name":"Upgrade Shrine","player_choice":"Upgraded","floor":20.0,"gold_loss":0.0,"damage_taken":0.0,"cards_upgraded":["Wallop"]}],"is_beta":true,"boss_relics":[{"not_picked":["Velvet Choker","Ectoplasm"],"picked":"Calling Bell"}],"items_purged_floors":[19],"is_endless":false,"potions_floor_spawned":[3,5,7,21,23,25,27],"killed_by":"Collector","ascension_level":20}