{"gold_per_floor":[115,35,35,35,48,83,83,8,31,31,48,48,75,150,150,228,228,245,281,206,206],"floor_reached":21,"playtime":1008,"items_purged":[],"score":494,"play_id":"769ea539-7142-4923-831e-096a98551fc4","local_time":"20191003000442","is_ascension_mode":true,"campfire_choices":[{"data":"Eruption","floor":7,"key":"SMITH"},{"data":"WheelKick","floor":10,"key":"SMITH"},{"data":"Wallop","floor":12,"key":"SMITH"},{"data":"Consecrate","floor":15,"key":"SMITH"}],"neow_cost":"NONE","seed_source_timestamp":1807535376598400,"circlet_count":0,"master_deck":["AscendersBane","Strike_P","Strike_P","Strike_P","Defend_P","Defend_P","Defend_P","Defend_P","Eruption+1","Vigilance","Consecrate+1","WheelKick+1","CutThroughFate","Wallop+1","DevaForm+1","Wish","ThirdEye","Sanctity"],"relics":["HolyWater","NeowsBlessing","Darkstone Periapt","Frozen Egg 2","Orichalcum","Eternal Feather"],"potions_floor_usage":[13,19,19],"damage_taken":[{"damage":0,"enemies":"Jaw Worm","floor":1,"turns":1},{"damage":0,"enemies":"Cultist","floor":5,"turns":1},{"damage":0,"enemies":"3 Sentries","floor":6,"turns":1},{"damage":0,"enemies":"Small Slimes","floor":11,"turns":2},{"damage":22,"enemies":"Lagavulin","floor":13,"turns":5},{"damage":0,"enemies":"Slime Boss","floor":16,"turns":4},{"damage":16,"enemies":"Spheric Guardian","floor":18,"turns":4},{"damage":0,"enemies":"3 Byrds","floor":19,"turns":5},{"damage":49,"enemies":"Snake Plant","floor":21,"turns":6}],"seed_played":"4765428733179499857","potions_obtained":[{"floor":1,"key":"SpeedPotion"},{"floor":5,"key":"StancePotion"},{"floor":13,"key":"Swift Potion"},{"floor":18,"key":"Explosive Potion"}],"is_trial":false,"path_per_floor":["M","$","?","$","M","E","R","$","T","R","M","R","E","?","R","B",null,"M","M","?","M"],"character_chosen":"WATCHER","items_purchased":["WheelKick","Wallop"],"campfire_rested":0,"item_purchase_floors":[2,8],"current_hp_per_floor":[61,61,61,61,61,61,61,61,61,61,61,61,39,28,37,37,60,44,44,44,0],"gold":206,"neow_bonus":"THREE_ENEMY_KILL","is_prod":false,"is_daily":false,"chose_seed":false,"campfire_upgraded":4,"win_rate":0,"timestamp":1570057482,"path_taken":["M","$","?","?","M","E","R","$","T","R","M","R","E","?","R","BOSS","M","M","?","M"],"build_version":"2019-10-02","purchased_purges":0,"victory":false,"max_hp_per_floor":[68,68,68,68,68,68,68,68,68,68,68,68,68,68,68,68,68,68,68,68,68],"card_choices":[{"not_picked":["EmptyBody","Wireheading"],"picked":"Consecrate","floor":1},{"not_picked":["CarveReality","Halt"],"picked":"CutThroughFate","floor":5},{"not_picked":["Pray","FollowUp","ReachHeaven"],"picked":"SKIP","floor":6},{"not_picked":["Weave","BowlingBash","FlyingSleeves"],"picked":"SKIP","floor":11},{"not_picked":["Sanctity","Wireheading+1"],"picked":"DevaForm+1","floor":13},{"not_picked":["DeusExMachina","Omniscience"],"picked":"Wish","floor":16},{"not_picked":["Consecrate","ForeignInfluence"],"picked":"ThirdEye","floor":18},{"not_picked":["Consecrate","BattleHymn+1"],"picked":"Sanctity","floor":19}],"player_experience":1854954,"relics_obtained":[{"floor":6,"key":"Frozen Egg 2"},{"floor":9,"key":"Orichalcum"},{"floor":13,"key":"Eternal Feather"}],"event_choices":[{"damage_healed":0,"gold_gain":0,"player_choice":"Gave Potion","damage_taken":0,"relics_obtained":["Darkstone Periapt"],"max_hp_gain":0,"max_hp_loss":0,"event_name":"WeMeetAgain","floor":3,"gold_loss":0},{"damage_healed":0,"gold_gain":75,"player_choice":"Gather Gold","damage_taken":11,"max_hp_gain":0,"max_hp_loss":0,"event_name":"World of Goop","floor":14,"gold_loss":0},{"cards_removed":["Strike_P"],"damage_healed":0,"gold_gain":0,"player_choice":"Gave Gold","damage_taken":0,"max_hp_gain":0,"max_hp_loss":0,"event_name":"Beggar","floor":20,"gold_loss":75}],"is_beta":true,"boss_relics":[{"not_picked":["Pandora\u0027s Box","VioletLotus"],"picked":"HolyWater"}],"items_purged_floors":[],"is_endless":false,"potions_floor_spawned":[1,5,13,18],"killed_by":"Snake Plant","ascension_level":18}