{"gold_per_floor":[116,12,29,29,44,74,39,53,53,53,112,37,56,56],"floor_reached":14,"playtime":607,"items_purged":["Strike_P"],"score":180,"play_id":"53bf1f48-d739-4a87-83fd-86208037c4fb","local_time":"20191004204621","is_ascension_mode":true,"campfire_choices":[{"floor":10,"key":"REST"}],"neow_cost":"NONE","seed_source_timestamp":69349115655300,"circlet_count":0,"master_deck":["AscendersBane","Strike_P","Strike_P","Strike_P","Defend_P","Defend_P","Defend_P","Defend_P","Eruption","Vigilance","EmptyBody","Fasting2","FlyingSleeves","Consecrate","CrushJoints","CutThroughFate","FlurryOfBlows"],"relics":["PureWater","NeowsBlessing","Strawberry","Yang","Shuriken","Darkstone Periapt"],"potions_floor_usage":[6,6],"damage_taken":[{"damage":0,"enemies":"Cultist","floor":1,"turns":1},{"damage":0,"enemies":"2 Louse","floor":3,"turns":1},{"damage":0,"enemies":"Jaw Worm","floor":5,"turns":1},{"damage":46,"enemies":"Lagavulin","floor":6,"turns":9},{"damage":12,"enemies":"Looter","floor":8,"turns":3},{"damage":16,"enemies":"Gremlin Nob","floor":11,"turns":3},{"damage":0,"enemies":"Blue Slaver","floor":13,"turns":3},{"damage":18,"enemies":"Large Slime","floor":14,"turns":1}],"seed_played":"-3164786206238733756","potions_obtained":[{"floor":1,"key":"SkillPotion"},{"floor":3,"key":"Fire Potion"},{"floor":11,"key":"BottledMiracle"}],"is_trial":false,"path_per_floor":["M","$","M","?","M","E","?","M","T","R","?","$","M","M"],"character_chosen":"WATCHER","items_purchased":["Fasting2","FlyingSleeves"],"campfire_rested":1,"item_purchase_floors":[2,2],"current_hp_per_floor":[61,61,61,50,50,4,22,10,10,32,16,16,16,0],"gold":56,"neow_bonus":"THREE_ENEMY_KILL","is_prod":false,"is_daily":false,"chose_seed":false,"campfire_upgraded":0,"win_rate":0,"timestamp":1570218381,"path_taken":["M","$","?","?","M","E","?","M","T","R","?","$","M","?"],"build_version":"2019-10-04","purchased_purges":1,"victory":false,"max_hp_per_floor":[68,68,68,75,75,75,75,75,75,75,75,75,75,75],"card_choices":[{"not_picked":["InnerPeace","Prostrate"],"picked":"EmptyBody","floor":1},{"not_picked":["Weave","Sanctity"],"picked":"Consecrate","floor":3},{"not_picked":["Sanctity","Consecrate"],"picked":"CrushJoints","floor":5},{"not_picked":["ClearTheMind","EmptyBody"],"picked":"CutThroughFate","floor":6},{"not_picked":["Crescendo","Perseverance"],"picked":"FlurryOfBlows","floor":8},{"not_picked":["Blasphemy","Crescendo","FlyingSleeves"],"picked":"SKIP","floor":13}],"player_experience":1877531,"relics_obtained":[{"floor":6,"key":"Yang"},{"floor":9,"key":"Shuriken"},{"floor":11,"key":"Darkstone Periapt"}],"event_choices":[{"damage_healed":0,"gold_gain":0,"player_choice":"Success","damage_taken":18,"relics_obtained":["Strawberry"],"max_hp_gain":0,"max_hp_loss":0,"event_name":"Scrap Ooze","floor":4,"gold_loss":0},{"damage_healed":18,"gold_gain":0,"player_choice":"Healed","damage_taken":0,"max_hp_gain":0,"max_hp_loss":0,"event_name":"The Cleric","floor":7,"gold_loss":35},{"damage_healed":0,"gold_gain":0,"player_choice":"Searched \u00271\u0027 times","damage_taken":0,"max_hp_gain":0,"max_hp_loss":0,"event_name":"Dead Adventurer","floor":11,"gold_loss":0}],"is_beta":true,"boss_relics":[],"items_purged_floors":[12],"is_endless":false,"potions_floor_spawned":[1,3,11],"killed_by":"Large Slime","ascension_level":20}