{"gold_per_floor":[116,30,44,62,76,76,76,76,76,103,121,148,148,163,163,240,240,259,259,278,278,293,320,320,320,320,320,120,132,147,175,175,249,249,263,273,145,145,156,156,173,191,214,65,75,75,75,110,110,110,110],"floor_reached":52,"playtime":5038,"items_purged":["Indignation","Halt"],"score":2118,"play_id":"de3aae14-ae6a-410b-beb5-35f59e28b72b","local_time":"20191004231819","is_ascension_mode":true,"campfire_choices":[{"data":"Eruption","floor":7.0,"key":"SMITH"},{"floor":13.0,"key":"REST"},{"data":"Fasting2","floor":15.0,"key":"SMITH"},{"data":"Ragnarok","floor":25,"key":"SMITH"},{"data":"WindmillStrike","floor":32,"key":"SMITH"},{"data":"Ragnarok","floor":40,"key":"SMITH"},{"floor":47,"key":"REST"},{"data":"Nirvana","floor":49,"key":"SMITH"}],"neow_cost":"NONE","seed_source_timestamp":73917206789000,"circlet_count":0,"master_deck":["AscendersBane","Defend_P","Defend_P","Defend_P","Defend_P","Eruption+1","Vigilance","Nirvana","Meditate","WheelKick","Fasting2+1","Wireheading","Swivel","Ragnarok+1","Conclude+1","Bite","Bite","Bite","Bite","Bite","Nirvana","Ghostly","Ghostly","Ghostly","Nirvana+1","Tantrum","Prostrate","Halt","WindmillStrike+1","Vault","ThirdEye+1","Ragnarok+1","Protect","CutThroughFate+1","SpiritShield","WheelKick"],"special_seed":0,"relics":["PureWater","Sundial","Lantern","Oddly Smooth Stone","Velvet Choker","Ornamental Fan","Gambling Chip","Happy Flower","Snecko Eye","MawBank","Darkstone Periapt"],"potions_floor_usage":[16,23,23,31,33,42,50,50],"damage_taken":[{"damage":0.0,"enemies":"2 Louse","floor":1.0,"turns":4.0},{"damage":0.0,"enemies":"Cultist","floor":3.0,"turns":2.0},{"damage":4.0,"enemies":"Jaw Worm","floor":4.0,"turns":4.0},{"damage":0.0,"enemies":"Large Slime","floor":5.0,"turns":5.0},{"damage":62.0,"enemies":"3 Sentries","floor":10.0,"turns":10.0},{"damage":3.0,"enemies":"Looter","floor":11.0,"turns":5.0},{"damage":0.0,"enemies":"Gremlin Nob","floor":12.0,"turns":2.0},{"damage":16.0,"enemies":"Exordium Thugs","floor":14.0,"turns":4.0},{"damage":0,"enemies":"Slime Boss","floor":16,"turns":6},{"damage":24,"enemies":"3 Byrds","floor":18,"turns":8},{"damage":1,"enemies":"Spheric Guardian","floor":20,"turns":4},{"damage":17,"enemies":"Centurion and Healer","floor":22,"turns":12},{"damage":37,"enemies":"Slavers","floor":23,"turns":4},{"damage":25,"enemies":"Snecko","floor":29,"turns":7},{"damage":21,"enemies":"Snake Plant","floor":30,"turns":5},{"damage":0,"enemies":"Gremlin Leader","floor":31,"turns":6},{"damage":9,"enemies":"Champ","floor":33,"turns":25},{"damage":0,"enemies":"Orb Walker","floor":35,"turns":4},{"damage":2,"enemies":"3 Darklings","floor":36,"turns":4},{"damage":6,"enemies":"Sphere and 2 Shapes","floor":39,"turns":7},{"damage":0,"enemies":"Jaw Worm Horde","floor":41,"turns":3},{"damage":16,"enemies":"Writhing Mass","floor":42,"turns":5},{"damage":18,"enemies":"Spire Growth","floor":45,"turns":4},{"damage":0,"enemies":"Nemesis","floor":48,"turns":5},{"damage":49,"enemies":"Awakened One","floor":50,"turns":14},{"damage":9,"enemies":"Time Eater","floor":51,"turns":14}],"seed_played":"532499089657062158","potions_obtained":[{"floor":1.0,"key":"Fire Potion"},{"floor":5.0,"key":"DuplicationPotion"},{"floor":10.0,"key":"PowerPotion"},{"floor":14.0,"key":"GamblersBrew"},{"floor":16,"key":"DuplicationPotion"},{"floor":22,"key":"GamblersBrew"},{"floor":29,"key":"Explosive Potion"},{"floor":30,"key":"BottledMiracle"},{"floor":31,"key":"Dexterity Potion"},{"floor":35,"key":"Block Potion"},{"floor":45,"key":"SpeedPotion"},{"floor":46,"key":"Ambrosia"}],"is_trial":false,"path_per_floor":["M","$","M","M","M","?","R","?","T","E","M","E","R","M","R","B",null,"M","?","M","?","M","E","?","R","T","?","$","M","M","E","R","B",null,"M","M","$","?","M","R","M","M","T","$","M","?","R","E","R","B","B",null],"character_chosen":"WATCHER","items_purchased":["Nirvana","Nirvana","Tantrum","Protect","SpiritShield","WheelKick"],"campfire_rested":2,"item_purchase_floors":[2,28,28,37,44,44],"current_hp_per_floor":[67,67,67,63,63,68,68,68,68,6,3,3,26,12,12,14,63,41,41,48,48,69,42,42,42,42,39,39,20,5,13,13,39,39,39,39,39,39,35,35,39,29,29,29,15,15,26,34,34,9,12],"gold":110,"neow_bonus":"TEN_PERCENT_HP_BONUS","is_prod":false,"is_daily":false,"chose_seed":false,"campfire_upgraded":6,"win_rate":0,"timestamp":1570227499,"path_taken":["M","$","M","M","M","?","R","?","T","E","M","E","R","M","R","BOSS","M","?","M","?","M","E","?","R","T","?","$","?","M","E","R","BOSS","M","M","$","?","M","R","M","M","T","$","M","?","R","E","R","BOSS","BOSS"],"build_version":"2019-10-04","purchased_purges":2,"victory":true,"max_hp_per_floor":[74,74,74,74,74,79,79,79,79,79,79,79,79,79,79,79,79,79,79,79,79,79,79,79,79,79,39,39,39,39,39,39,39,39,39,39,39,39,39,39,39,39,39,39,39,39,39,39,39,39,39],"card_choices":[{"not_picked":["Vengeance","EmptyFist"],"picked":"Indignation","floor":1.0},{"not_picked":["Evaluate","Vengeance"],"picked":"Meditate","floor":3.0},{"not_picked":["Halt","FlyingSleeves"],"picked":"WheelKick","floor":4.0},{"not_picked":["ClearTheMind","Collect","CarveReality"],"picked":"SKIP","floor":5.0},{"not_picked":["CrushJoints","EmptyFist"],"picked":"Halt","floor":10.0},{"not_picked":["ReachHeaven","SpiritShield"],"picked":"Fasting2","floor":11.0},{"not_picked":["Conclude","BowlingBash"],"picked":"Wireheading","floor":12.0},{"not_picked":["EmptyFist","SashWhip"],"picked":"Swivel","floor":14.0},{"not_picked":["Establishment","Vault"],"picked":"Ragnarok","floor":16},{"not_picked":["ClearTheMind","EmptyBody"],"picked":"Conclude+1","floor":18},{"not_picked":["SignatureMove","Evaluate","BattleHymn"],"picked":"SKIP","floor":20},{"not_picked":["Wireheading","Indignation","Crescendo+1"],"picked":"SKIP","floor":22},{"not_picked":["Worship","BowlingBash","ForeignInfluence"],"picked":"SKIP","floor":23},{"not_picked":["BowlingBash","Protect"],"picked":"Prostrate","floor":29},{"not_picked":["CrushJoints","Conclude"],"picked":"Halt","floor":30},{"not_picked":["Discipline","Perseverance"],"picked":"WindmillStrike","floor":31},{"not_picked":["Judgement","ConjureBlade"],"picked":"Vault","floor":33},{"not_picked":["CrushJoints","SashWhip"],"picked":"ThirdEye+1","floor":35},{"not_picked":["Sanctity","SignatureMove+1"],"picked":"Ragnarok","floor":36},{"not_picked":["Prostrate","FlyingSleeves+1","EmptyBody"],"picked":"SKIP","floor":39},{"not_picked":["CrushJoints","Consecrate","Adaptation"],"picked":"SKIP","floor":41},{"not_picked":["FlurryOfBlows+1","Weave"],"picked":"CutThroughFate+1","floor":42},{"not_picked":["Weave","FollowUp","CrushJoints"],"picked":"SKIP","floor":45},{"not_picked":["EmptyFist","Weave+1","Halt"],"picked":"SKIP","floor":48}],"player_experience":1881931,"relics_obtained":[{"floor":8.0,"key":"Sundial"},{"floor":9.0,"key":"Lantern"},{"floor":10.0,"key":"Oddly Smooth Stone"},{"floor":12.0,"key":"Blood Vial"},{"floor":23,"key":"Ornamental Fan"},{"floor":26,"key":"Gambling Chip"},{"floor":31,"key":"Happy Flower"},{"floor":43,"key":"MawBank"},{"floor":48,"key":"Darkstone Periapt"}],"event_choices":[{"damage_healed":0.0,"max_hp_gain":5.0,"max_hp_loss":0.0,"gold_gain":0.0,"event_name":"Big Fish","player_choice":"Donut","floor":6.0,"gold_loss":0.0,"damage_taken":0.0},{"damage_healed":0.0,"max_hp_gain":0.0,"max_hp_loss":0.0,"gold_gain":0.0,"event_name":"Wheel of Change","player_choice":"Relic","floor":8.0,"gold_loss":0.0,"damage_taken":0.0},{"damage_healed":0,"gold_gain":0,"player_choice":"Became a vampire (Vial)","damage_taken":0,"max_hp_gain":0,"max_hp_loss":0,"event_name":"Vampires","floor":19,"relics_lost":["Blood Vial"],"gold_loss":0,"cards_obtained":["Bite","Bite","Bite","Bite","Bite"]},{"damage_healed":0,"gold_gain":0,"player_choice":"Read","damage_taken":0,"max_hp_gain":0,"max_hp_loss":0,"event_name":"The Library","floor":21,"gold_loss":0,"cards_obtained":["Nirvana"]},{"damage_healed":0,"gold_gain":0,"player_choice":"Ignored","damage_taken":0,"max_hp_gain":0,"max_hp_loss":0,"event_name":"Beggar","floor":24,"gold_loss":0},{"damage_healed":0,"gold_gain":0,"player_choice":"Became a Ghost","damage_taken":0,"max_hp_gain":0,"max_hp_loss":40,"event_name":"Ghosts","floor":27,"gold_loss":0,"cards_obtained":["Ghostly","Ghostly","Ghostly"]},{"damage_healed":0,"gold_gain":0,"player_choice":"Ignored","damage_taken":0,"max_hp_gain":0,"max_hp_loss":0,"event_name":"Tomb of Lord Red Mask","floor":38,"gold_loss":0},{"damage_healed":0,"gold_gain":0,"player_choice":"Got Potions","damage_taken":0,"max_hp_gain":0,"max_hp_loss":0,"event_name":"Lab","floor":46,"gold_loss":0}],"is_beta":true,"boss_relics":[{"not_picked":["Sozu","Black Star"],"picked":"Velvet Choker"},{"not_picked":["Astrolabe","Busted Crown"],"picked":"Snecko Eye"}],"items_purged_floors":[28,37],"is_endless":false,"potions_floor_spawned":[1,5,10,14,16,22,29,30,31,35,45,48],"ascension_level":20}