{"gold_per_floor":[210,210,169,183,202,202,232,247,294,6,37,37,64,139,139,216,216,230,230,264,284,284,284,147,182,205,205,236,249,259,290,290,367,367,383,394,394,404,421,421,450,463,463,249,249,274,274,289,289,289],"floor_reached":50,"playtime":4522,"items_purged":["Strike_P","Strike_P"],"score":1381,"play_id":"b89ef7db-6bd4-4e9d-96e7-f813de8e9bec","local_time":"20191006222050","is_ascension_mode":true,"campfire_choices":[{"data":"Fasting2","floor":6.0,"key":"SMITH"},{"data":"Eruption","floor":12.0,"key":"SMITH"},{"data":"Conclude","floor":15.0,"key":"SMITH"},{"floor":23.0,"key":"REST"},{"floor":27.0,"key":"RECALL"},{"floor":32,"key":"REST"},{"floor":40,"key":"REST"},{"floor":45,"key":"REST"},{"floor":47,"key":"REST"},{"floor":49,"key":"REST"}],"neow_cost":"NONE","seed_source_timestamp":243692806676700,"circlet_count":0,"master_deck":["AscendersBane","Strike_P","Defend_P","Defend_P","Defend_P","Defend_P","Eruption+1","Vigilance","Conclude+1","Fasting2+1","JustLucky","Weave+1","CutThroughFate","FlyingSleeves","Prostrate","Tantrum","Vault","CrushJoints+1","DeceiveReality","WheelKick+1","J.A.X.","Weave","Protect","Consecrate","JustLucky+1","Nirvana+1","ThirdEye","Meditate","ThirdEye","SpiritShield","FlowState+1","JustLucky+1","Stack","ThirdEye"],"special_seed":0,"relics":["PureWater","Frozen Egg 2","Bag of Marbles","ClockworkSouvenir","Smiling Mask","Akabeko","Fusion Hammer","Red Mask","Mango","Pen Nib","Juzu Bracelet","Pear","Runic Pyramid","Eternal Feather","PrismaticShard","Whetstone"],"potions_floor_usage":[31,41,46,50],"damage_taken":[{"damage":0.0,"enemies":"2 Louse","floor":1.0,"turns":2.0},{"damage":2.0,"enemies":"Cultist","floor":4.0,"turns":4.0},{"damage":2.0,"enemies":"Jaw Worm","floor":5.0,"turns":4.0},{"damage":3.0,"enemies":"3 Sentries","floor":7.0,"turns":3.0},{"damage":9.0,"enemies":"Blue Slaver","floor":8.0,"turns":5.0},{"damage":0.0,"enemies":"Lagavulin","floor":11.0,"turns":3.0},{"damage":2.0,"enemies":"3 Sentries","floor":13.0,"turns":3.0},{"damage":0.0,"enemies":"Slime Boss","floor":16.0,"turns":4.0},{"damage":0.0,"enemies":"3 Byrds","floor":18.0,"turns":5.0},{"damage":0.0,"enemies":"Masked Bandits","floor":20.0,"turns":1.0},{"damage":0.0,"enemies":"2 Thieves","floor":21.0,"turns":2.0},{"damage":0.0,"enemies":"Gremlin Leader","floor":25.0,"turns":3.0},{"damage":10.0,"enemies":"Slavers","floor":28.0,"turns":5.0},{"damage":0,"enemies":"Centurion and Healer","floor":29,"turns":2},{"damage":3,"enemies":"Chosen and Byrds","floor":30,"turns":3},{"damage":2,"enemies":"Book of Stabbing","floor":31,"turns":3},{"damage":24,"enemies":"Champ","floor":33,"turns":6},{"damage":0,"enemies":"Orb Walker","floor":35,"turns":2},{"damage":31,"enemies":"3 Darklings","floor":36,"turns":4},{"damage":0,"enemies":"Transient","floor":38,"turns":7},{"damage":6,"enemies":"Maw","floor":39,"turns":6},{"damage":42,"enemies":"Reptomancer","floor":41,"turns":7},{"damage":0,"enemies":"Spire Growth","floor":42,"turns":3},{"damage":31,"enemies":"Giant Head","floor":46,"turns":6},{"damage":11,"enemies":"Writhing Mass","floor":48,"turns":5},{"damage":98,"enemies":"Awakened One","floor":50,"turns":9}],"seed_played":"9139149723735133005","potions_obtained":[{"floor":1.0,"key":"Fire Potion"},{"floor":5.0,"key":"Strength Potion"},{"floor":16.0,"key":"Swift Potion"},{"floor":20.0,"key":"LiquidBronze"},{"floor":30,"key":"LiquidBronze"},{"floor":31,"key":"Explosive Potion"},{"floor":33,"key":"Energy Potion"},{"floor":41,"key":"Block Potion"},{"floor":46,"key":"Fire Potion"},{"floor":48,"key":"PowerPotion"}],"is_trial":false,"path_per_floor":["M","?","$","M","M","R","E","M","T","$","E","R","E","?","R","B",null,"M","?","?","M","?","R","$","E","T","R","E","M","M","E","R","B",null,"M","M","?","M","M","R","E","M","T","$","R","E","R","M","R","B"],"character_chosen":"WATCHER","items_purchased":["Fasting2","ClockworkSouvenir","Prostrate","Tantrum","Weave","Protect","PrismaticShard"],"campfire_rested":6,"item_purchase_floors":[3,10,10,10,24,24,44],"current_hp_per_floor":[61,57,57,55,53,53,50,41,41,41,41,41,39,28,28,28,58,58,58,58,58,58,68,68,82,82,82,72,72,69,77,92,68,86,86,55,55,55,49,76,34,34,34,34,79,48,92,81,92,0],"gold":289,"neow_bonus":"HUNDRED_GOLD","is_prod":false,"is_daily":false,"chose_seed":false,"campfire_upgraded":3,"win_rate":0,"timestamp":1570396850,"path_taken":["M","?","$","M","M","R","E","M","T","?","E","R","E","?","R","BOSS","M","?","?","M","?","R","$","E","T","R","E","M","M","E","R","BOSS","M","M","?","M","M","R","E","M","T","$","R","E","R","M","R","BOSS"],"build_version":"2019-10-04","purchased_purges":2,"victory":false,"max_hp_per_floor":[68,68,68,68,68,68,68,68,68,68,68,68,68,68,68,68,68,68,68,68,68,68,68,68,82,82,82,82,82,82,92,92,92,92,92,92,92,92,92,92,92,92,92,92,92,92,92,92,92,92],"card_choices":[{"not_picked":["Swivel","Halt"],"picked":"Conclude","floor":1.0},{"not_picked":["Worship","Sanctity"],"picked":"JustLucky","floor":4.0},{"not_picked":["Evaluate","EmptyFist"],"picked":"Weave","floor":5.0},{"not_picked":["EmptyBody","FlyingSleeves"],"picked":"CutThroughFate","floor":7.0},{"not_picked":["FlowState","MentalFortress+1"],"picked":"FlyingSleeves","floor":8.0},{"not_picked":["ClearTheMind","Conclude","Protect"],"picked":"SKIP","floor":11.0},{"not_picked":["InnerPeace","CutThroughFate","DeusExMachina"],"picked":"SKIP","floor":13.0},{"not_picked":["MasterReality+1","ConjureBlade"],"picked":"Vault","floor":16.0},{"not_picked":["WheelKick","MentalFortress+1"],"picked":"CrushJoints+1","floor":18.0},{"not_picked":["CutThroughFate","FollowUp"],"picked":"WheelKick+1","floor":20.0},{"not_picked":["BowlingBash","CutThroughFate","Pray"],"picked":"SKIP","floor":21.0},{"not_picked":["MentalFortress+1","EmptyFist"],"picked":"Consecrate","floor":25.0},{"not_picked":["FlurryOfBlows","Crescendo","ReachHeaven+1"],"picked":"SKIP","floor":28.0},{"not_picked":["Scrawl","ThirdEye"],"picked":"JustLucky","floor":29},{"not_picked":["Protect","Discipline+1"],"picked":"Nirvana+1","floor":30},{"not_picked":["Worship","FearNoEvil"],"picked":"ThirdEye","floor":31},{"not_picked":["Adaptation+1","SashWhip"],"picked":"Meditate","floor":35},{"not_picked":["BattleHymn+1","Sanctity+1"],"picked":"ThirdEye","floor":36},{"not_picked":["Adaptation+1","ReachHeaven"],"picked":"FlowState+1","floor":38},{"not_picked":["FollowUp","Crescendo","SashWhip+1"],"picked":"SKIP","floor":39},{"not_picked":["Scrawl","WindmillStrike","WreathOfFlame+1"],"picked":"SKIP","floor":41},{"not_picked":["EmptyFist","Weave"],"picked":"JustLucky+1","floor":42},{"not_picked":["Swift Strike","Deep Breath+1"],"picked":"Stack","floor":46},{"not_picked":["EmptyMind","Pommel Strike"],"picked":"ThirdEye","floor":48}],"player_experience":1906347,"relics_obtained":[{"floor":7.0,"key":"Frozen Egg 2"},{"floor":9.0,"key":"Bag of Marbles"},{"floor":11.0,"key":"Smiling Mask"},{"floor":13.0,"key":"Akabeko"},{"floor":20.0,"key":"Red Mask"},{"floor":25.0,"key":"Mango"},{"floor":26.0,"key":"Pen Nib"},{"floor":28.0,"key":"Juzu Bracelet"},{"floor":31,"key":"Pear"},{"floor":41,"key":"Eternal Feather"},{"floor":46,"key":"Whetstone"}],"event_choices":[{"damage_healed":0.0,"max_hp_gain":0.0,"max_hp_loss":0.0,"gold_gain":0.0,"event_name":"The Woman in Blue","player_choice":"Bought 0 Potions","floor":2.0,"gold_loss":0.0,"damage_taken":0.0},{"damage_healed":0.0,"max_hp_gain":0.0,"max_hp_loss":0.0,"gold_gain":75.0,"event_name":"World of Goop","player_choice":"Gather Gold","floor":14.0,"gold_loss":0.0,"damage_taken":11.0},{"damage_healed":0.0,"max_hp_gain":0.0,"max_hp_loss":0.0,"gold_gain":0.0,"event_name":"The Library","player_choice":"Read","floor":19.0,"gold_loss":0.0,"damage_taken":0.0,"cards_obtained":["DeceiveReality"]},{"damage_healed":0.0,"max_hp_gain":0.0,"max_hp_loss":0.0,"gold_gain":0.0,"event_name":"Masked Bandits","player_choice":"Fought Bandits","floor":20.0,"gold_loss":0.0,"damage_taken":0.0},{"damage_healed":0.0,"max_hp_gain":0.0,"max_hp_loss":0.0,"gold_gain":0.0,"event_name":"Drug Dealer","player_choice":"Obtain J.A.X.","floor":22.0,"gold_loss":0.0,"damage_taken":0.0,"cards_obtained":["J.A.X."]},{"damage_healed":0,"gold_gain":0,"cards_transformed":["Strike_P"],"player_choice":"Transformed","damage_taken":0,"max_hp_gain":0,"max_hp_loss":0,"event_name":"Transmorgrifier","floor":37,"gold_loss":0,"cards_obtained":["SpiritShield"]}],"is_beta":true,"boss_relics":[{"not_picked":["Runic Dome","HolyWater"],"picked":"Fusion Hammer"},{"not_picked":["Velvet Choker","Tiny House"],"picked":"Runic Pyramid"}],"items_purged_floors":[24,44],"is_endless":false,"potions_floor_spawned":[1,5,16,20,21,30,31,33,36,38,41,46,48],"killed_by":"Awakened One","ascension_level":20}