{"gold_per_floor":[111,123,136,136,136,168,168,200,225,225,241,5,5,59,59,155,155,170,170,193,193,36,36,36],"floor_reached":24,"playtime":1524,"items_purged":["Strike_P"],"score":454,"play_id":"4acc7a77-7695-486d-8cdc-91087904b14d","local_time":"20191005204300","is_ascension_mode":true,"campfire_choices":[{"data":"ConjureBlade","floor":7,"key":"SMITH"},{"data":"CrushJoints","floor":10,"key":"SMITH"},{"data":"Eruption","floor":15,"key":"SMITH"},{"floor":23,"key":"REST"}],"neow_cost":"PERCENT_DAMAGE","seed_source_timestamp":154629876463900,"circlet_count":0,"master_deck":["AscendersBane","Strike_P+1","Strike_P+1","Strike_P+1","Defend_P+1","Defend_P+1","Defend_P+1","Defend_P+1","Eruption+1","Vigilance","FlyingSleeves","Consecrate+1","Swivel","ConjureBlade+1","CrushJoints+1","Devotion","Sanctity+1","Protect"],"relics":["PureWater","Akabeko","Orichalcum","Pen Nib","Chemical X","Golden Idol","Smiling Mask","Black Star","Membership Card"],"potions_floor_usage":[6,16,20],"damage_taken":[{"damage":3,"enemies":"2 Louse","floor":1,"turns":2},{"damage":2,"enemies":"Jaw Worm","floor":2,"turns":4},{"damage":0,"enemies":"Small Slimes","floor":3,"turns":1},{"damage":0,"enemies":"3 Sentries","floor":6,"turns":2},{"damage":7,"enemies":"Lagavulin","floor":8,"turns":5},{"damage":5,"enemies":"Blue Slaver","floor":11,"turns":2},{"damage":15,"enemies":"Hexaghost","floor":16,"turns":5},{"damage":28,"enemies":"Shell Parasite","floor":18,"turns":5},{"damage":9,"enemies":"Chosen","floor":20,"turns":4},{"damage":47,"enemies":"Gremlin Leader","floor":24,"turns":4}],"seed_played":"1111661375863802076","potions_obtained":[{"floor":2,"key":"DuplicationPotion"},{"floor":3,"key":"AttackPotion"},{"floor":8,"key":"FearPotion"}],"is_trial":false,"path_per_floor":["M","M","M","$","?","E","R","E","T","R","M","$","?","T","R","B",null,"M","?","M","?","$","R","E"],"character_chosen":"WATCHER","items_purchased":["Chemical X","Membership Card"],"campfire_rested":1,"item_purchase_floors":[12,22],"current_hp_per_floor":[52,50,50,50,50,50,50,43,43,43,38,38,38,38,38,23,60,32,32,23,23,23,44,0],"gold":36,"neow_bonus":"TWENTY_PERCENT_HP_BONUS","is_prod":false,"is_daily":false,"chose_seed":false,"campfire_upgraded":3,"win_rate":0,"timestamp":1570304580,"path_taken":["M","M","M","$","?","E","R","E","T","R","M","$","?","?","R","BOSS","M","?","M","?","$","R","E"],"build_version":"2019-10-04","purchased_purges":1,"victory":false,"max_hp_per_floor":[80,80,80,80,80,80,80,80,80,80,80,80,72,72,72,72,72,72,72,72,72,72,72,72],"card_choices":[{"not_picked":["FollowUp","CrushJoints"],"picked":"FlyingSleeves","floor":1},{"not_picked":["Pray","Sanctity"],"picked":"Consecrate","floor":2},{"not_picked":["FlyingSleeves","Vault"],"picked":"Swivel","floor":3},{"not_picked":["BowlingBash","Worship"],"picked":"ConjureBlade","floor":6},{"not_picked":["EmptyMind","ReachHeaven"],"picked":"CrushJoints","floor":8},{"not_picked":["FollowUp","CutThroughFate","ClearTheMind"],"picked":"SKIP","floor":11},{"not_picked":["DevaForm","Blasphemy"],"picked":"Devotion","floor":16},{"not_picked":["BowlingBash","Weave+1"],"picked":"Sanctity+1","floor":18},{"not_picked":["Collect+1","FlurryOfBlows"],"picked":"Protect","floor":20}],"player_experience":1899339,"relics_obtained":[{"floor":6,"key":"Akabeko"},{"floor":8,"key":"Orichalcum"},{"floor":9,"key":"Pen Nib"},{"floor":14,"key":"Smiling Mask"}],"event_choices":[{"damage_healed":0,"gold_gain":0,"player_choice":"Grow","damage_taken":0,"max_hp_gain":0,"max_hp_loss":0,"event_name":"Living Wall","floor":5,"gold_loss":0,"cards_upgraded":["Consecrate"]},{"damage_healed":0,"gold_gain":0,"player_choice":"Lose Max HP","damage_taken":0,"relics_obtained":["Golden Idol"],"max_hp_gain":0,"max_hp_loss":8,"event_name":"Golden Idol","floor":13,"gold_loss":0},{"damage_healed":0,"gold_gain":0,"player_choice":"Ignored","damage_taken":0,"max_hp_gain":0,"max_hp_loss":0,"event_name":"Beggar","floor":19,"gold_loss":0},{"damage_healed":0,"gold_gain":0,"player_choice":"Simplicity","damage_taken":0,"max_hp_gain":0,"max_hp_loss":0,"event_name":"Back to Basics","floor":21,"gold_loss":0,"cards_upgraded":["Strike_P","Strike_P","Strike_P","Defend_P","Defend_P","Defend_P","Defend_P"]}],"is_beta":true,"boss_relics":[{"not_picked":["HolyWater","SacredBark"],"picked":"Black Star"}],"items_purged_floors":[12],"is_endless":false,"potions_floor_spawned":[2,3,8],"killed_by":"Gremlin Leader","ascension_level":20}