{"gold_per_floor":[111,121,141,1,1,59,70,70,94,94,42,42,42,70,70,149,149,164,164,164,184,33,33,33],"floor_reached":24,"playtime":1548,"items_purged":["Strike_P"],"score":504,"play_id":"43de4a27-dc05-4750-b412-40bddb0365b9","local_time":"20191011220023","is_ascension_mode":true,"campfire_choices":[{"data":"Nirvana","floor":8.0,"key":"SMITH"},{"data":"Eruption","floor":10.0,"key":"SMITH"},{"data":"CutThroughFate","floor":12.0,"key":"SMITH"},{"data":"ThirdEye","floor":15.0,"key":"SMITH"},{"floor":23,"key":"REST"}],"neow_cost":"NONE","seed_source_timestamp":159734504627900,"circlet_count":0,"master_deck":["AscendersBane","Strike_P","Strike_P+1","Strike_P","Defend_P","Defend_P","Defend_P","Defend_P","Eruption+1","Vigilance","Vault","FlurryOfBlows+1","PathToVictory","CutThroughFate","SandsOfTime+1","CutThroughFate+1","Nirvana+1","ThirdEye+1","Weave","LessonLearned+1","ThirdEye","Protect","Nirvana"],"special_seed":0,"relics":["PureWater","Tiny Chest","Strawberry","Whetstone","Black Star"],"potions_floor_usage":[18,18,24,24],"damage_taken":[{"damage":8.0,"enemies":"2 Louse","floor":1.0,"turns":4.0},{"damage":7.0,"enemies":"Jaw Worm","floor":2.0,"turns":5.0},{"damage":8.0,"enemies":"Small Slimes","floor":3.0,"turns":4.0},{"damage":5.0,"enemies":"Lagavulin","floor":6.0,"turns":5.0},{"damage":0.0,"enemies":"Exordium Wildlife","floor":7.0,"turns":2.0},{"damage":16.0,"enemies":"Gremlin Nob","floor":14.0,"turns":3.0},{"damage":0,"enemies":"Slime Boss","floor":16,"turns":5},{"damage":0,"enemies":"3 Byrds","floor":18,"turns":4},{"damage":19,"enemies":"2 Thieves","floor":21,"turns":3},{"damage":81,"enemies":"Gremlin Leader","floor":24,"turns":9}],"seed_played":"7279551383190782588","potions_obtained":[{"floor":1.0,"key":"Energy Potion"},{"floor":16,"key":"Energy Potion"},{"floor":18,"key":"LiquidBronze"},{"floor":21,"key":"AttackPotion"}],"is_trial":false,"path_per_floor":["M","M","M","$","?","E","M","R","T","R","$","R","$","E","R","B",null,"M","?","?","M","$","R","E"],"character_chosen":"WATCHER","items_purchased":["SandsOfTime","Strength Potion","ThirdEye","Nirvana"],"campfire_rested":1,"item_purchase_floors":[4,4,11,22],"current_hp_per_floor":[53,46,38,38,38,33,33,33,40,40,40,40,40,24,24,24,62,62,62,62,43,43,65,0],"gold":33,"neow_bonus":"ONE_RANDOM_RARE_CARD","is_prod":false,"is_daily":false,"chose_seed":false,"campfire_upgraded":4,"win_rate":0,"timestamp":1570827623,"path_taken":["M","M","M","$","?","E","M","R","T","R","?","R","$","E","R","BOSS","M","?","?","M","$","R","E"],"build_version":"2019-10-11","purchased_purges":1,"victory":false,"max_hp_per_floor":[68,68,68,68,68,68,68,68,75,75,75,75,75,75,75,75,75,75,75,75,75,75,75,75],"card_choices":[{"not_picked":["WreathOfFlame","Protect"],"picked":"FlurryOfBlows","floor":1.0},{"not_picked":["EmptyBody","Halt"],"picked":"PathToVictory","floor":2.0},{"not_picked":["ReachHeaven","Evaluate"],"picked":"CutThroughFate","floor":3.0},{"not_picked":["Consecrate","EmptyFist"],"picked":"CutThroughFate","floor":6.0},{"not_picked":["Crescendo","BowlingBash"],"picked":"Nirvana","floor":7.0},{"not_picked":["ClearTheMind","JustLucky"],"picked":"Weave","floor":14.0},{"not_picked":["DeusExMachina","Alpha"],"picked":"LessonLearned","floor":16},{"not_picked":["Pray","SashWhip"],"picked":"ThirdEye","floor":18},{"not_picked":["ClearTheMind","EmptyMind"],"picked":"Protect","floor":21}],"player_experience":1918325,"relics_obtained":[{"floor":6.0,"key":"Tiny Chest"},{"floor":9.0,"key":"Strawberry"},{"floor":14.0,"key":"Whetstone"}],"event_choices":[{"damage_healed":0.0,"max_hp_gain":0.0,"max_hp_loss":0.0,"gold_gain":0.0,"event_name":"Living Wall","player_choice":"Grow","floor":5.0,"gold_loss":0.0,"damage_taken":0.0,"cards_upgraded":["SandsOfTime"]},{"damage_healed":0,"gold_gain":0,"player_choice":"Ignored","damage_taken":0,"max_hp_gain":0,"max_hp_loss":0,"event_name":"The Mausoleum","floor":20,"gold_loss":0}],"is_beta":true,"boss_relics":[{"not_picked":["Calling Bell","Velvet Choker"],"picked":"Black Star"}],"items_purged_floors":[22],"is_endless":false,"potions_floor_spawned":[1,16,18,21],"killed_by":"Gremlin Leader","ascension_level":20}