{"gold_per_floor":[216,216,229,245,75,103,103,133,133,163,163,180,196,271,271,342,342,360,371,371,32,44,44,72,72,149,149,181,5,5,34,34,111,111,124,124,124,141,141,170,185,219,219,219,239,239,251,84,84,84,84],"floor_reached":52,"playtime":4292,"items_purged":["Strike_P","Writhe","SignatureMove"],"score":1997,"play_id":"75349e58-c564-424d-b81a-5b9c219c9eb0","local_time":"20191005135902","is_ascension_mode":true,"campfire_choices":[{"data":"Fasting2","floor":7.0,"key":"SMITH"},{"data":"Eruption","floor":11.0,"key":"SMITH"},{"data":"SandsOfTime","floor":15.0,"key":"SMITH"},{"data":"Ragnarok","floor":23.0,"key":"SMITH"},{"floor":27.0,"key":"REST"},{"floor":30.0,"key":"REST"},{"data":"1","floor":32.0,"key":"LIFT"},{"floor":44.0,"key":"REST"},{"data":"2","floor":46.0,"key":"LIFT"},{"floor":49.0,"key":"REST"}],"neow_cost":"NONE","seed_source_timestamp":127058640537300,"circlet_count":0,"master_deck":["AscendersBane","Strike_P","Strike_P","Strike_P","Defend_P","Defend_P","Defend_P","Defend_P","Eruption+1","Vigilance","DeceiveReality","SandsOfTime+1","Swivel","Fasting2+1","Consecrate","Ragnarok+1","Prostrate","Meditate","FlyingSleeves","Prostrate","Perseverance+1","Prostrate","Consecrate","Halt","EmptyBody","DeceiveReality","Sanctity+1","JustLucky+1","Wallop+1","Worship+1","Fasting2+1","Fasting2+1"],"special_seed":0,"relics":["PureWater","Lizard Tail","StrikeDummy","Bottled Tornado","Prayer Wheel","Velvet Choker","Singing Bowl","The Courier","TungstenRod","Frozen Egg 2","Smiling Mask","OrangePellets","Girya","Fusion Hammer","Regal Pillow","Mercury Hourglass","TeardropLocket"],"potions_floor_usage":[51],"damage_taken":[{"damage":8.0,"enemies":"Small Slimes","floor":1.0,"turns":4.0},{"damage":0.0,"enemies":"Cultist","floor":3.0,"turns":3.0},{"damage":0.0,"enemies":"Jaw Worm","floor":4.0,"turns":4.0},{"damage":8.0,"enemies":"Gremlin Nob","floor":6.0,"turns":3.0},{"damage":12.0,"enemies":"Lagavulin","floor":8.0,"turns":7.0},{"damage":0.0,"enemies":"Gremlin Nob","floor":10.0,"turns":2.0},{"damage":0.0,"enemies":"Looter","floor":12.0,"turns":2.0},{"damage":1.0,"enemies":"Blue Slaver","floor":13.0,"turns":6.0},{"damage":17.0,"enemies":"Hexaghost","floor":16.0,"turns":12.0},{"damage":4.0,"enemies":"3 Byrds","floor":18.0,"turns":4.0},{"damage":0.0,"enemies":"Spheric Guardian","floor":19.0,"turns":3.0},{"damage":1.0,"enemies":"3 Cultists","floor":22.0,"turns":5.0},{"damage":24.0,"enemies":"Gremlin Leader","floor":24.0,"turns":5.0},{"damage":28.0,"enemies":"Slavers","floor":28.0,"turns":5.0},{"damage":0.0,"enemies":"Gremlin Leader","floor":31.0,"turns":4.0},{"damage":13.0,"enemies":"Collector","floor":33.0,"turns":10.0},{"damage":0.0,"enemies":"3 Shapes","floor":35.0,"turns":5.0},{"damage":1.0,"enemies":"3 Darklings","floor":38.0,"turns":3.0},{"damage":54.0,"enemies":"Giant Head","floor":40.0,"turns":8.0},{"damage":2.0,"enemies":"Spire Growth","floor":41.0,"turns":6.0},{"damage":41.0,"enemies":"Reptomancer","floor":42.0,"turns":10.0},{"damage":0.0,"enemies":"Writhing Mass","floor":45.0,"turns":6.0},{"damage":0.0,"enemies":"Sphere and 2 Shapes","floor":47.0,"turns":5.0},{"damage":13,"enemies":"Donu and Deca","floor":50,"turns":10},{"damage":22,"enemies":"Time Eater","floor":51,"turns":12}],"seed_played":"-4507789884303844316","potions_obtained":[{"floor":1.0,"key":"SteroidPotion"},{"floor":6.0,"key":"StancePotion"},{"floor":12.0,"key":"SteroidPotion"},{"floor":18.0,"key":"Weak Potion"},{"floor":22.0,"key":"SpeedPotion"},{"floor":33.0,"key":"EntropicBrew"},{"floor":40.0,"key":"Block Potion"},{"floor":42.0,"key":"Ancient Potion"},{"floor":47.0,"key":"Fire Potion"}],"is_trial":false,"path_per_floor":["M","?","M","M","$","E","R","E","T","E","R","M","M","?","R","B",null,"M","M","?","$","M","R","E","?","T","R","E","$","R","E","R","B",null,"M","?","?","M","?","E","M","E","T","R","M","R","M","$","R","B","B",null],"character_chosen":"WATCHER","items_purchased":["Fasting2","Block Potion","Singing Bowl","Halt","OrangePellets","Fasting2+1","Fasting2+1"],"campfire_rested":4,"item_purchase_floors":[5,5,21,21,29,48,48],"current_hp_per_floor":[53,53,53,53,53,45,45,33,33,33,33,33,32,21,21,4,52,48,48,48,48,51,51,27,27,27,48,22,22,44,44,44,31,63,65,65,67,68,68,16,18,27,27,67,69,69,73,73,92,79,57],"gold":84,"neow_bonus":"HUNDRED_GOLD","is_prod":false,"is_daily":false,"chose_seed":false,"campfire_upgraded":4,"win_rate":0,"timestamp":1570280342,"path_taken":["M","?","M","?","$","E","R","E","T","E","R","M","M","?","R","BOSS","M","M","?","$","M","R","E","?","T","R","E","$","R","E","R","BOSS","M","?","?","M","?","E","M","E","T","R","M","R","M","$","R","BOSS","BOSS"],"build_version":"2019-10-04","purchased_purges":3,"victory":true,"max_hp_per_floor":[68,68,68,68,68,68,68,68,68,68,68,68,68,68,68,68,68,68,68,68,68,72,72,72,72,72,72,74,74,74,74,74,74,74,76,76,78,80,80,82,86,86,86,86,88,88,92,92,92,92,92],"card_choices":[{"not_picked":["Worship","SashWhip"],"picked":"SignatureMove","floor":1.0},{"not_picked":["SashWhip","Weave"],"picked":"SandsOfTime","floor":3.0},{"not_picked":["ThirdEye","BowlingBash"],"picked":"Swivel","floor":4.0},{"not_picked":["Blasphemy","ConjureBlade"],"picked":"Consecrate","floor":6.0},{"not_picked":["ClearTheMind","DeceiveReality"],"picked":"Ragnarok","floor":8.0},{"not_picked":["EmptyBody","Consecrate"],"picked":"Prostrate","floor":10.0},{"not_picked":["ThirdEye","EmptyBody"],"picked":"Meditate","floor":12.0},{"not_picked":["ReachHeaven","Protect","Weave"],"picked":"SKIP","floor":12.0},{"not_picked":["Swivel","Protect"],"picked":"FlyingSleeves","floor":13.0},{"not_picked":["ReachHeaven","ForeignInfluence"],"picked":"Prostrate","floor":13.0},{"not_picked":["Protect+1","ThirdEye"],"picked":"Perseverance+1","floor":18.0},{"not_picked":["ForeignInfluence","FlyingSleeves"],"picked":"Prostrate","floor":18.0},{"not_picked":["ReachHeaven+1","Vengeance"],"picked":"Consecrate","floor":19.0},{"not_picked":["MentalFortress","Protect","ClearTheMind"],"picked":"SKIP","floor":19.0},{"not_picked":["FlyingSleeves","InnerPeace","DeceiveReality"],"picked":"Singing Bowl","floor":22.0},{"not_picked":["Wireheading","CutThroughFate","FlurryOfBlows"],"picked":"Singing Bowl","floor":22.0},{"not_picked":["Protect","MasterReality"],"picked":"EmptyBody","floor":24.0},{"not_picked":["EmptyFist","ClearTheMind","Ragnarok"],"picked":"Singing Bowl","floor":28.0},{"not_picked":["Crescendo","CrushJoints"],"picked":"DeceiveReality","floor":31.0},{"not_picked":["Omniscience","Discipline+1"],"picked":"Vault","floor":33.0},{"not_picked":["TalkToTheHand","WreathOfFlame"],"picked":"Sanctity+1","floor":35.0},{"not_picked":["FollowUp","Wireheading+1","Adaptation+1"],"picked":"Singing Bowl","floor":35.0},{"not_picked":["Deep Breath","Enlightenment","Discovery"],"picked":"Singing Bowl","floor":37.0},{"not_picked":["MentalFortress+1","BowlingBash+1"],"picked":"JustLucky+1","floor":38.0},{"not_picked":["FlowState","ThirdEye","InnerPeace"],"picked":"Singing Bowl","floor":38.0},{"not_picked":["Vengeance","SashWhip","EmptyFist+1"],"picked":"Singing Bowl","floor":40.0},{"not_picked":["SandsOfTime","BowlingBash","ThirdEye+1"],"picked":"Singing Bowl","floor":41.0},{"not_picked":["JustLucky","ClearTheMind","SpiritShield"],"picked":"Singing Bowl","floor":41.0},{"not_picked":["Nirvana+1","FollowUp"],"picked":"Wallop+1","floor":42.0},{"not_picked":["Meditate","FollowUp+1"],"picked":"Worship+1","floor":45.0},{"not_picked":["Crescendo","Evaluate+1","FollowUp"],"picked":"Singing Bowl","floor":45.0},{"not_picked":["SandsOfTime","ReachHeaven","WindmillStrike"],"picked":"Singing Bowl","floor":47.0},{"not_picked":["CutThroughFate","EmptyFist+1","Nirvana+1"],"picked":"Singing Bowl","floor":47.0}],"player_experience":1889114,"relics_obtained":[{"floor":6.0,"key":"Lizard Tail"},{"floor":8.0,"key":"StrikeDummy"},{"floor":9.0,"key":"Bottled Tornado"},{"floor":10.0,"key":"Prayer Wheel"},{"floor":24.0,"key":"The Courier"},{"floor":26.0,"key":"Frozen Egg 2"},{"floor":28.0,"key":"Smiling Mask"},{"floor":31.0,"key":"Girya"},{"floor":40.0,"key":"Regal Pillow"},{"floor":42.0,"key":"Mercury Hourglass"},{"floor":43.0,"key":"TeardropLocket"}],"event_choices":[{"damage_healed":0.0,"max_hp_gain":0.0,"max_hp_loss":0.0,"gold_gain":0.0,"event_name":"Match and Keep!","player_choice":"1 cards matched","floor":2.0,"gold_loss":0.0,"damage_taken":0.0,"cards_obtained":["DeceiveReality"]},{"damage_healed":0.0,"max_hp_gain":0.0,"max_hp_loss":0.0,"gold_gain":75.0,"event_name":"World of Goop","player_choice":"Gather Gold","floor":14.0,"gold_loss":0.0,"damage_taken":11.0},{"damage_healed":0.0,"max_hp_gain":0.0,"max_hp_loss":0.0,"gold_gain":0.0,"event_name":"Vampires","player_choice":"Ignored","floor":20.0,"gold_loss":0.0,"damage_taken":0.0},{"damage_healed":0.0,"max_hp_gain":0.0,"max_hp_loss":0.0,"gold_gain":0.0,"event_name":"The Mausoleum","player_choice":"Opened","floor":25.0,"gold_loss":0.0,"damage_taken":0.0,"relics_obtained":["TungstenRod"],"cards_obtained":["Writhe"]},{"cards_removed":["Vault"],"damage_healed":0.0,"max_hp_gain":0.0,"max_hp_loss":0.0,"gold_gain":0.0,"event_name":"Falling","player_choice":"Removed Skill","floor":36.0,"gold_loss":0.0,"damage_taken":0.0},{"damage_healed":0.0,"max_hp_gain":0.0,"max_hp_loss":0.0,"gold_gain":0.0,"event_name":"SensoryStone","player_choice":"Memory 1","floor":37.0,"gold_loss":0.0,"damage_taken":0.0},{"damage_healed":0.0,"max_hp_gain":0.0,"max_hp_loss":0.0,"gold_gain":0.0,"event_name":"Tomb of Lord Red Mask","player_choice":"Ignored","floor":39.0,"gold_loss":0.0,"damage_taken":0.0}],"is_beta":true,"boss_relics":[{"not_picked":["HolyWater","SlaversCollar"],"picked":"Velvet Choker"},{"not_picked":["Philosopher\u0027s Stone","Tiny House"],"picked":"Fusion Hammer"}],"items_purged_floors":[5,29,48],"is_endless":false,"potions_floor_spawned":[1,6,12,18,22,33,40,42,47],"ascension_level":20}