{"gold_per_floor":[211,223,223,237,21,21,48,89,101,144,181,218,230,252,264,354,366,389,401,447,459,451],"floor_reached":22,"playtime":1157,"items_purged":["Strike_P"],"score":404,"play_id":"8fd22d59-9ef2-4eb4-bf9f-190a3eded1ea","local_time":"20191005002336","is_ascension_mode":true,"campfire_choices":[{"data":"Fasting2","floor":13,"key":"SMITH"},{"data":"Conclude","floor":15,"key":"SMITH"}],"neow_cost":"NONE","seed_source_timestamp":81833080590400,"circlet_count":0,"master_deck":["AscendersBane","Strike_P","Strike_P","Defend_P","Defend_P","Defend_P","Defend_P","Eruption","Vigilance","BowlingBash","Halt","EmptyFist","Protect","FearNoEvil","Fasting2+1","Conclude+1","FlyingSleeves","Establishment","Protect"],"relics":["PureWater","MawBank","Eternal Feather","Smiling Mask","Unceasing Top","Vajra","Art of War","Philosopher\u0027s Stone","Red Mask"],"potions_floor_usage":[8,12,12,20],"damage_taken":[{"damage":6,"enemies":"2 Louse","floor":1,"turns":2},{"damage":2,"enemies":"Cultist","floor":2,"turns":4},{"damage":0,"enemies":"Jaw Worm","floor":4,"turns":3},{"damage":0,"enemies":"2 Fungi Beasts","floor":7,"turns":3},{"damage":14,"enemies":"3 Sentries","floor":8,"turns":4},{"damage":24,"enemies":"Gremlin Nob","floor":10,"turns":4},{"damage":2,"enemies":"3 Sentries","floor":12,"turns":4},{"damage":11,"enemies":"Large Slime","floor":14,"turns":5},{"damage":5,"enemies":"Slime Boss","floor":16,"turns":6},{"damage":19,"enemies":"Shell Parasite","floor":18,"turns":7},{"damage":32,"enemies":"Masked Bandits","floor":20,"turns":4},{"damage":9,"enemies":"2 Thieves","floor":22,"turns":1}],"seed_played":"5090709591381110615","potions_obtained":[{"floor":1,"key":"SkillPotion"},{"floor":4,"key":"Dexterity Potion"},{"floor":8,"key":"Regen Potion"},{"floor":10,"key":"Block Potion"},{"floor":12,"key":"Strength Potion"}],"is_trial":false,"path_per_floor":["M","M","?","M","$","?","M","E","T","E","T","E","R","M","R","B",null,"M","?","?","?","M"],"character_chosen":"WATCHER","items_purchased":["Protect","FearNoEvil"],"campfire_rested":0,"item_purchase_floors":[5,5],"current_hp_per_floor":[55,53,53,53,53,42,42,28,28,4,4,14,23,12,21,16,55,36,36,4,4,0],"gold":451,"neow_bonus":"HUNDRED_GOLD","is_prod":false,"is_daily":false,"chose_seed":false,"campfire_upgraded":2,"win_rate":0,"timestamp":1570231416,"path_taken":["M","M","?","?","$","?","M","E","T","E","?","E","R","M","R","BOSS","M","?","?","?","M"],"build_version":"2019-10-04","purchased_purges":1,"victory":false,"max_hp_per_floor":[68,68,68,68,68,68,68,68,68,68,68,68,68,68,68,68,68,68,68,68,68,68],"card_choices":[{"not_picked":["MentalFortress","Wireheading"],"picked":"BowlingBash","floor":1},{"not_picked":["Meditate","FlyingSleeves"],"picked":"Halt","floor":2},{"not_picked":["Tantrum","Sanctity"],"picked":"EmptyFist","floor":4},{"not_picked":["Wireheading","Prostrate"],"picked":"Fasting2","floor":7},{"not_picked":["Weave","ClearTheMind"],"picked":"Conclude","floor":8},{"not_picked":["BowlingBash","Meditate","InnerPeace"],"picked":"SKIP","floor":10},{"not_picked":["CrushJoints","BowlingBash","Wish"],"picked":"SKIP","floor":12},{"not_picked":["Collect","EmptyFist"],"picked":"FlyingSleeves","floor":14},{"not_picked":["ConjureBlade","Ragnarok"],"picked":"Establishment","floor":16},{"not_picked":["Prostrate","FearNoEvil"],"picked":"Protect","floor":18}],"player_experience":1886969,"relics_obtained":[{"floor":8,"key":"Eternal Feather"},{"floor":9,"key":"Smiling Mask"},{"floor":10,"key":"Unceasing Top"},{"floor":11,"key":"Vajra"},{"floor":12,"key":"Art of War"},{"floor":20,"key":"Red Mask"}],"event_choices":[{"damage_healed":0,"gold_gain":0,"player_choice":"0 cards matched","damage_taken":0,"max_hp_gain":0,"max_hp_loss":0,"event_name":"Match and Keep!","floor":3,"gold_loss":0,"cards_obtained":[]},{"damage_healed":0,"gold_gain":0,"player_choice":"Success","damage_taken":11,"relics_obtained":["MawBank"],"max_hp_gain":0,"max_hp_loss":0,"event_name":"Scrap Ooze","floor":6,"gold_loss":0},{"damage_healed":0,"gold_gain":0,"player_choice":"Ignored","damage_taken":0,"max_hp_gain":0,"max_hp_loss":0,"event_name":"Cursed Tome","floor":19,"gold_loss":0},{"damage_healed":0,"gold_gain":0,"player_choice":"Fought Bandits","damage_taken":0,"max_hp_gain":0,"max_hp_loss":0,"event_name":"Masked Bandits","floor":20,"gold_loss":0},{"cards_removed":["Strike_P"],"damage_healed":0,"gold_gain":0,"player_choice":"Purged","damage_taken":0,"max_hp_gain":0,"max_hp_loss":0,"event_name":"Purifier","floor":21,"gold_loss":0}],"is_beta":true,"boss_relics":[{"not_picked":["Calling Bell","SacredBark"],"picked":"Philosopher\u0027s Stone"}],"items_purged_floors":[5],"is_endless":false,"potions_floor_spawned":[1,4,8,10,12],"killed_by":"2 Thieves","ascension_level":20}