{"gold_per_floor":[116,134,134,134,134,165,177,209,294,69,69,81,110,124,124,198,198,213,224,255,266,266,299,299],"floor_reached":24,"playtime":1304,"items_purged":["Defend_P"],"score":552,"play_id":"82752b5d-2691-496e-9dec-07e2e8db762d","local_time":"20191012004042","is_ascension_mode":true,"campfire_choices":[{"floor":7.0,"key":"REST"},{"data":"CutThroughFate","floor":11.0,"key":"SMITH"},{"data":"ForeignInfluence","floor":15,"key":"SMITH"}],"neow_cost":"NONE","seed_source_timestamp":169587948066200,"circlet_count":0,"master_deck":["AscendersBane","Strike_P","Strike_P","Strike_P","Strike_P+1","Defend_P","Defend_P","Defend_P","Eruption+1","Vigilance","DeceiveReality","CutThroughFate+1","Weave","Prostrate","ForeignInfluence+1","Prostrate","Ragnarok","Wallop"],"special_seed":0,"relics":["PureWater","MawBank","Membership Card","Akabeko","SlaversCollar","Red Mask","Bronze Scales"],"potions_floor_usage":[13,16,20,21],"damage_taken":[{"damage":0.0,"enemies":"Small Slimes","floor":1.0,"turns":2.0},{"damage":0.0,"enemies":"Cultist","floor":2.0,"turns":4.0},{"damage":25.0,"enemies":"3 Sentries","floor":6.0,"turns":8.0},{"damage":0.0,"enemies":"Jaw Worm","floor":8.0,"turns":4.0},{"damage":2.0,"enemies":"Large Slime","floor":12.0,"turns":3.0},{"damage":2,"enemies":"Gremlin Nob","floor":13,"turns":3},{"damage":0,"enemies":"Exordium Wildlife","floor":14,"turns":3},{"damage":0,"enemies":"Slime Boss","floor":16,"turns":6},{"damage":0,"enemies":"2 Thieves","floor":18,"turns":1},{"damage":2,"enemies":"3 Byrds","floor":19,"turns":5},{"damage":0,"enemies":"Masked Bandits","floor":20,"turns":2},{"damage":11,"enemies":"Centurion and Healer","floor":21,"turns":5},{"damage":30,"enemies":"Book of Stabbing","floor":23,"turns":5},{"damage":24,"enemies":"Sentry and Sphere","floor":24,"turns":4}],"seed_played":"1510465982951960145","potions_obtained":[{"floor":0.0,"key":"PowerPotion"},{"floor":0.0,"key":"FearPotion"},{"floor":6.0,"key":"Energy Potion"},{"floor":14,"key":"Fire Potion"},{"floor":16,"key":"StancePotion"}],"is_trial":false,"path_per_floor":["M","M","?","$","?","E","R","M","T","$","R","M","E","M","R","B",null,"M","M","?","M","?","E","M"],"character_chosen":"WATCHER","items_purchased":["Membership Card","Weave"],"campfire_rested":1,"item_purchase_floors":[10,10],"current_hp_per_floor":[61,61,41,41,37,12,32,32,32,32,32,30,28,28,28,28,58,58,56,56,45,45,15,0],"gold":299,"neow_bonus":"THREE_SMALL_POTIONS","is_prod":false,"is_daily":false,"chose_seed":false,"campfire_upgraded":2,"win_rate":0,"timestamp":1570837242,"path_taken":["M","M","?","$","?","E","R","M","T","$","R","M","E","M","R","BOSS","M","M","?","M","?","E","?"],"build_version":"2019-10-11","purchased_purges":1,"victory":false,"max_hp_per_floor":[68,68,68,68,68,68,68,68,68,68,68,68,68,68,68,68,68,68,68,68,68,68,68,68],"card_choices":[{"not_picked":["WaveOfTheHand","Halt"],"picked":"DeceiveReality","floor":1.0},{"not_picked":["ForeignInfluence","Evaluate","WreathOfFlame"],"picked":"SKIP","floor":2.0},{"not_picked":["Judgement","DeceiveReality","Halt"],"picked":"SKIP","floor":6.0},{"not_picked":["FlurryOfBlows","SashWhip"],"picked":"CutThroughFate","floor":8.0},{"not_picked":["EmptyBody","PathToVictory"],"picked":"Prostrate","floor":12.0},{"not_picked":["BowlingBash","Indignation"],"picked":"ForeignInfluence","floor":13},{"not_picked":["InnerPeace","ForeignInfluence"],"picked":"Prostrate","floor":14},{"not_picked":["Brilliance","Judgement"],"picked":"Ragnarok","floor":16},{"not_picked":["SashWhip","CarveReality","Tantrum"],"picked":"SKIP","floor":18},{"not_picked":["CrushJoints","JustLucky","DeceiveReality"],"picked":"SKIP","floor":19},{"not_picked":["CutThroughFate","Collect+1"],"picked":"Wallop","floor":20},{"not_picked":["ReachHeaven","FlyingSleeves","Adaptation"],"picked":"SKIP","floor":21},{"not_picked":["Protect","EmptyMind","EmptyFist"],"picked":"SKIP","floor":23}],"player_experience":1923188,"relics_obtained":[{"floor":6.0,"key":"MawBank"},{"floor":13,"key":"Akabeko"},{"floor":20,"key":"Red Mask"},{"floor":23,"key":"Bronze Scales"}],"event_choices":[{"damage_healed":0.0,"max_hp_gain":0.0,"max_hp_loss":0.0,"gold_gain":0.0,"event_name":"Shining Light","player_choice":"Entered Light","floor":3.0,"gold_loss":0.0,"damage_taken":20.0,"cards_upgraded":["Strike_P","Eruption"]},{"damage_healed":0.0,"max_hp_gain":0.0,"max_hp_loss":0.0,"gold_gain":0.0,"event_name":"The Woman in Blue","player_choice":"Bought 0 Potions","floor":5.0,"gold_loss":0.0,"damage_taken":0.0},{"damage_healed":0,"gold_gain":0,"player_choice":"Fought Bandits","damage_taken":0,"max_hp_gain":0,"max_hp_loss":0,"event_name":"Masked Bandits","floor":20,"gold_loss":0},{"damage_healed":0,"gold_gain":0,"player_choice":"0 cards matched","damage_taken":0,"max_hp_gain":0,"max_hp_loss":0,"event_name":"Match and Keep!","floor":22,"gold_loss":0,"cards_obtained":[]}],"is_beta":true,"boss_relics":[{"not_picked":["Tiny House","Black Star"],"picked":"SlaversCollar"}],"items_purged_floors":[10],"is_endless":false,"potions_floor_spawned":[6,8,14,16,19],"killed_by":"Sentry and Sphere","ascension_level":20}