{"gold_per_floor":[119,138,157,175,3,3,3,36,36,36,36,71,90,121,121,198,198,217,217,237,127,127,152,152,152],"floor_reached":25,"playtime":3474,"items_purged":[],"score":578,"play_id":"0c9e083c-3934-4908-b985-30f4267d3556","local_time":"20191004193352","is_ascension_mode":true,"campfire_choices":[{"data":"Wallop","floor":6.0,"key":"SMITH"},{"floor":11.0,"key":"REST"},{"floor":15,"key":"REST"},{"floor":24,"key":"REST"}],"neow_cost":"NONE","seed_source_timestamp":62048471831100,"circlet_count":0,"master_deck":["AscendersBane","Strike_P","Strike_P","Strike_P+1","Defend_P","Defend_P+1","Defend_P+1","Defend_P","Eruption","Vigilance","FlyingSleeves+1","Wallop+1","Consecrate+1","Protect+1","LessonLearned","Vault+1","Vengeance+1","CutThroughFate","Wireheading","Brilliance","TalkToTheHand","ThirdEye"],"special_seed":0,"relics":["PureWater","Juzu Bracelet","Dream Catcher","Sundial","CultistMask","White Beast Statue","Yang","SacredBark","WingedGreaves"],"potions_floor_usage":[12,14,18,20,23,25,25],"damage_taken":[{"damage":1.0,"enemies":"2 Louse","floor":1.0,"turns":4.0},{"damage":0.0,"enemies":"Cultist","floor":2.0,"turns":3.0},{"damage":7.0,"enemies":"Small Slimes","floor":3.0,"turns":4.0},{"damage":15.0,"enemies":"Gremlin Gang","floor":4.0,"turns":4.0},{"damage":0.0,"enemies":"3 Sentries","floor":8.0,"turns":3.0},{"damage":27,"enemies":"Lagavulin","floor":12,"turns":5},{"damage":3,"enemies":"2 Fungi Beasts","floor":13,"turns":3},{"damage":15,"enemies":"3 Sentries","floor":14,"turns":4},{"damage":19,"enemies":"The Guardian","floor":16,"turns":12},{"damage":12,"enemies":"Shell Parasite","floor":18,"turns":8},{"damage":31,"enemies":"Chosen","floor":20,"turns":12},{"damage":0,"enemies":"Gremlin Leader","floor":23,"turns":7},{"damage":50,"enemies":"Book of Stabbing","floor":25,"turns":8}],"seed_played":"2457869896925401535","potions_obtained":[{"floor":4.0,"key":"Fire Potion"},{"floor":8.0,"key":"FearPotion"},{"floor":13,"key":"DuplicationPotion"},{"floor":14,"key":"Swift Potion"},{"floor":16,"key":"Weak Potion"},{"floor":18,"key":"Explosive Potion"},{"floor":20,"key":"Explosive Potion"},{"floor":23,"key":"Weak Potion"}],"is_trial":false,"path_per_floor":["M","M","M","M","$","R","?","E","T","?","R","E","M","E","R","B",null,"M","?","M","?","?","E","R","E"],"character_chosen":"WATCHER","items_purchased":["LessonLearned"],"campfire_rested":3,"item_purchase_floors":[5],"current_hp_per_floor":[60,60,53,38,38,38,38,38,38,38,58,31,28,13,33,14,55,43,43,21,21,21,30,50,0],"gold":152,"neow_bonus":"RANDOM_COMMON_RELIC","is_prod":false,"is_daily":false,"chose_seed":false,"campfire_upgraded":1,"win_rate":0,"timestamp":1570214032,"path_taken":["M","M","M","M","$","R","?","E","T","?","R","E","M","E","R","BOSS","M","?","M","?","?","E","R","E"],"build_version":"2019-10-03","purchased_purges":0,"victory":false,"max_hp_per_floor":[68,68,68,68,68,68,68,68,68,68,68,68,68,68,68,68,68,68,68,68,68,68,68,68,68],"card_choices":[{"not_picked":["JustLucky","SashWhip"],"picked":"FlyingSleeves","floor":1.0},{"not_picked":["Sanctity","CutThroughFate"],"picked":"Wallop","floor":2.0},{"not_picked":["JustLucky","Vengeance"],"picked":"Consecrate","floor":3.0},{"not_picked":["Prostrate","CrushJoints"],"picked":"Protect","floor":4.0},{"not_picked":["Consecrate","BowlingBash","Prostrate"],"picked":"SKIP","floor":8.0},{"not_picked":["EmptyFist","ForeignInfluence"],"picked":"Vault","floor":11.0},{"not_picked":["Weave","Crescendo"],"picked":"Vengeance","floor":12},{"not_picked":["EmptyBody","JustLucky","Worship"],"picked":"SKIP","floor":13},{"not_picked":["Omniscience","Pray"],"picked":"CutThroughFate","floor":14},{"not_picked":["FearNoEvil","ClearTheMind"],"picked":"Wireheading","floor":15},{"not_picked":["DeusExMachina","Blasphemy"],"picked":"Brilliance","floor":16},{"not_picked":["ForeignInfluence","WreathOfFlame"],"picked":"TalkToTheHand","floor":18},{"not_picked":["CrushJoints","Prostrate","Pray"],"picked":"SKIP","floor":20},{"not_picked":["SignatureMove","CutThroughFate","Judgement"],"picked":"SKIP","floor":23}],"player_experience":1873637,"relics_obtained":[{"floor":8.0,"key":"Dream Catcher"},{"floor":9.0,"key":"Sundial"},{"floor":12,"key":"White Beast Statue"},{"floor":14,"key":"Yang"},{"floor":23,"key":"WingedGreaves"}],"event_choices":[{"damage_healed":0.0,"max_hp_gain":0.0,"max_hp_loss":0.0,"gold_gain":0.0,"event_name":"Scrap Ooze","player_choice":"Fled","floor":7.0,"gold_loss":0.0,"damage_taken":0.0},{"damage_healed":0.0,"max_hp_gain":0.0,"max_hp_loss":0.0,"gold_gain":0.0,"event_name":"FaceTrader","player_choice":"Trade","floor":10.0,"gold_loss":0.0,"damage_taken":0.0,"relics_obtained":["CultistMask"]},{"damage_healed":0,"gold_gain":0,"player_choice":"Read","damage_taken":0,"max_hp_gain":0,"max_hp_loss":0,"event_name":"The Library","floor":19,"gold_loss":0,"cards_obtained":["ThirdEye"]},{"cards_removed":["Strike_P"],"damage_healed":0,"gold_gain":0,"player_choice":"Upgrade and Remove","damage_taken":0,"max_hp_gain":0,"max_hp_loss":0,"event_name":"Designer","floor":21,"gold_loss":110,"cards_upgraded":["Protect"]},{"damage_healed":0,"gold_gain":0,"player_choice":"Forge","damage_taken":0,"max_hp_gain":0,"max_hp_loss":0,"event_name":"Accursed Blacksmith","floor":22,"gold_loss":0,"cards_upgraded":["Vault"]}],"is_beta":true,"boss_relics":[{"not_picked":["Tiny House","Empty Cage"],"picked":"SacredBark"}],"items_purged_floors":[],"is_endless":false,"potions_floor_spawned":[4,8,13,14,16,18,20,23],"killed_by":"Book of Stabbing","ascension_level":20}