{"gold_per_floor":[209,224,235,235,44,73,84,84,109,138,138,150,150,161,161,235,235,251,251,265,265],"floor_reached":21,"playtime":1284,"items_purged":["Strike_P"],"score":382,"play_id":"d2cceec2-e1ed-40c1-a931-a85b320762ac","local_time":"20191011213355","is_ascension_mode":true,"campfire_choices":[{"data":"Ragnarok","floor":8.0,"key":"SMITH"},{"floor":13.0,"key":"REST"},{"data":"Eruption","floor":15.0,"key":"SMITH"}],"neow_cost":"NONE","seed_source_timestamp":0,"circlet_count":0,"master_deck":["AscendersBane","Strike_P","Strike_P","Strike_P","Defend_P","Defend_P","Defend_P","Defend_P","Eruption+1","Vigilance","SashWhip","BowlingBash","EmptyMind","Ragnarok+1","EmptyFist","Protect","ThirdEye","Nirvana+1","FlurryOfBlows","LessonLearned","FearNoEvil","ThirdEye"],"special_seed":0,"relics":["PureWater","Smiling Mask","Happy Flower","Anchor","Juzu Bracelet","Sozu"],"potions_floor_usage":[],"damage_taken":[{"damage":0.0,"enemies":"2 Louse","floor":1.0,"turns":2.0},{"damage":4.0,"enemies":"Small Slimes","floor":2.0,"turns":4.0},{"damage":0.0,"enemies":"Cultist","floor":3.0,"turns":2.0},{"damage":10.0,"enemies":"3 Sentries","floor":6.0,"turns":5.0},{"damage":1.0,"enemies":"Looter","floor":7.0,"turns":4.0},{"damage":27.0,"enemies":"Lagavulin","floor":10.0,"turns":7.0},{"damage":0.0,"enemies":"3 Louse","floor":12.0,"turns":3.0},{"damage":0.0,"enemies":"Blue Slaver","floor":14.0,"turns":2.0},{"damage":20.0,"enemies":"The Guardian","floor":16.0,"turns":10.0},{"damage":17,"enemies":"Shell Parasite","floor":18,"turns":6},{"damage":19,"enemies":"Spheric Guardian","floor":20,"turns":8},{"damage":17,"enemies":"Centurion and Healer","floor":21,"turns":5}],"seed_played":"1796543307420373604","potions_obtained":[{"floor":2.0,"key":"SpeedPotion"},{"floor":3.0,"key":"PowerPotion"},{"floor":6.0,"key":"Dexterity Potion"},{"floor":14.0,"key":"BottledMiracle"}],"is_trial":false,"path_per_floor":["M","M","M","?","$","E","M","R","T","E","?","M","R","M","R","B",null,"M","?","M","M"],"character_chosen":"WATCHER","items_purchased":["Ragnarok","EmptyFist"],"campfire_rested":1,"item_purchase_floors":[5,5],"current_hp_per_floor":[61,57,57,46,46,36,35,35,35,8,8,8,28,28,28,8,53,36,36,17,0],"gold":265,"neow_bonus":"HUNDRED_GOLD","is_prod":false,"is_daily":false,"chose_seed":false,"campfire_upgraded":2,"win_rate":0,"timestamp":1570826035,"path_taken":["M","M","M","?","$","E","M","R","T","E","?","M","R","M","R","BOSS","M","?","M","M"],"build_version":"2019-10-11","purchased_purges":1,"victory":false,"max_hp_per_floor":[68,68,68,68,68,68,68,68,68,68,68,68,68,68,68,68,68,68,68,68,68],"card_choices":[{"not_picked":["Crescendo","MentalFortress"],"picked":"SashWhip","floor":1.0},{"not_picked":["Crescendo","Perseverance"],"picked":"BowlingBash","floor":2.0},{"not_picked":["BowlingBash","Crescendo"],"picked":"EmptyMind","floor":3.0},{"not_picked":["Alpha","SashWhip"],"picked":"Protect","floor":6.0},{"not_picked":["Flick","CrushJoints"],"picked":"ThirdEye","floor":7.0},{"not_picked":["Brilliance","Crescendo"],"picked":"Nirvana","floor":10.0},{"not_picked":["PathToVictory","Fasting2"],"picked":"FlurryOfBlows","floor":12.0},{"not_picked":["BowlingBash","MasterReality","EmptyBody"],"picked":"SKIP","floor":14.0},{"not_picked":["MasterReality","Wish"],"picked":"LessonLearned","floor":16.0},{"not_picked":["Scrawl","WreathOfFlame"],"picked":"FearNoEvil","floor":18},{"not_picked":["ReachHeaven","Protect"],"picked":"ThirdEye","floor":20}],"player_experience":1917041,"relics_obtained":[{"floor":6.0,"key":"Happy Flower"},{"floor":9.0,"key":"Anchor"},{"floor":10.0,"key":"Juzu Bracelet"}],"event_choices":[{"damage_healed":0.0,"max_hp_gain":0.0,"max_hp_loss":0.0,"gold_gain":0.0,"event_name":"Scrap Ooze","player_choice":"Success","floor":4.0,"gold_loss":0.0,"damage_taken":11.0,"relics_obtained":["Smiling Mask"]},{"damage_healed":0.0,"max_hp_gain":0.0,"max_hp_loss":0.0,"gold_gain":0.0,"event_name":"Match and Keep!","player_choice":"0 cards matched","floor":11.0,"gold_loss":0.0,"damage_taken":0.0,"cards_obtained":[]},{"damage_healed":0,"gold_gain":0,"player_choice":"Ignored","damage_taken":0,"max_hp_gain":0,"max_hp_loss":0,"event_name":"Cursed Tome","floor":19,"gold_loss":0}],"is_beta":true,"boss_relics":[{"not_picked":["VioletLotus","Busted Crown"],"picked":"Sozu"}],"items_purged_floors":[5],"is_endless":false,"potions_floor_spawned":[2,3,6,7,14,18],"killed_by":"Centurion and Healer","ascension_level":20}