{"gold_per_floor":[113,15,15,34,44,70,70,96,96,21,34,54,54,80,80,154,154,166,181,201,201,215,215,240,240,240,240,253,303,117,136,136,210,210,230,245,261,277,293,293,327,341,391,391,424,424,424,424,424,424],"floor_reached":50,"playtime":4271,"items_purged":["Jack Of All Trades"],"score":1138,"play_id":"a3852c13-4e0f-478e-9123-a7943ca39df5","local_time":"20191014150728","is_ascension_mode":true,"campfire_choices":[{"data":"Wallop","floor":7,"key":"SMITH"},{"data":"Conclude","floor":15,"key":"SMITH"},{"floor":23,"key":"REST"},{"data":"Wallop","floor":25,"key":"SMITH"},{"data":"Prostrate","floor":27,"key":"SMITH"},{"floor":32,"key":"REST"},{"floor":40,"key":"RECALL"},{"floor":44,"key":"REST"},{"data":"Defend_P","floor":47,"key":"SMITH"},{"floor":49,"key":"REST"}],"neow_cost":"NONE","seed_source_timestamp":391462930502000,"circlet_count":0,"master_deck":["AscendersBane","Strike_P+1","Defend_P+1","Defend_P+1","Defend_P+1","Defend_P+1","Eruption+1","Vigilance+1","Wallop+1","Prostrate+1","FlyingSleeves+1","CutThroughFate+1","FlurryOfBlows+1","Conclude+1","Protect+1","Wallop+1","LessonLearned+1","Worship+1","Prostrate+1","Establishment+1","Meditate+1","Protect+1","WindmillStrike+1","Swivel+1"],"relics":["PureWater","Prayer Wheel","Dodecahedron","Centennial Puzzle","Meat on the Bone","The Courier","Empty Cage","Mercury Hourglass","TeardropLocket","Regal Pillow","Sozu","Gambling Chip","Pen Nib"],"potions_floor_usage":[6,14,18,19,24,33,41],"damage_taken":[{"damage":0,"enemies":"Small Slimes","floor":1,"turns":2},{"damage":0,"enemies":"Cultist","floor":4,"turns":2},{"damage":3,"enemies":"2 Louse","floor":5,"turns":3},{"damage":9,"enemies":"Lagavulin","floor":6,"turns":5},{"damage":4,"enemies":"Gremlin Nob","floor":8,"turns":3},{"damage":7,"enemies":"Exordium Thugs","floor":11,"turns":5},{"damage":4,"enemies":"Exordium Wildlife","floor":12,"turns":4},{"damage":2,"enemies":"3 Sentries","floor":14,"turns":5},{"damage":24,"enemies":"Slime Boss","floor":16,"turns":5},{"damage":0,"enemies":"Chosen","floor":18,"turns":3},{"damage":16,"enemies":"Shell Parasite","floor":19,"turns":3},{"damage":17,"enemies":"Sentry and Sphere","floor":20,"turns":3},{"damage":24,"enemies":"Shelled Parasite and Fungi","floor":22,"turns":8},{"damage":18,"enemies":"Gremlin Leader","floor":24,"turns":7},{"damage":8,"enemies":"Snecko","floor":28,"turns":6},{"damage":4,"enemies":"Chosen and Byrds","floor":31,"turns":4},{"damage":18,"enemies":"Collector","floor":33,"turns":12},{"damage":13,"enemies":"3 Darklings","floor":35,"turns":5},{"damage":0,"enemies":"3 Shapes","floor":36,"turns":5},{"damage":0,"enemies":"Sphere and 2 Shapes","floor":37,"turns":3},{"damage":2,"enemies":"Jaw Worm Horde","floor":38,"turns":4},{"damage":0,"enemies":"4 Shapes","floor":39,"turns":5},{"damage":32,"enemies":"Nemesis","floor":41,"turns":7},{"damage":10,"enemies":"Writhing Mass","floor":42,"turns":7},{"damage":6,"enemies":"Reptomancer","floor":45,"turns":8},{"damage":66,"enemies":"Time Eater","floor":50,"turns":8}],"seed_played":"-2013614874246621865","potions_obtained":[{"floor":5,"key":"GamblersBrew"},{"floor":6,"key":"Ancient Potion"},{"floor":8,"key":"Swift Potion"},{"floor":14,"key":"PowerPotion"},{"floor":19,"key":"FearPotion"},{"floor":24,"key":"GamblersBrew"},{"floor":28,"key":"Weak Potion"}],"is_trial":false,"path_per_floor":["M","?","$","M","M","E","R","E","T","?","M","M","?","E","R","B",null,"M","M","M","?","M","R","E","R","T","R","M","?","$","M","R","B",null,"M","M","M","M","M","R","E","M","T","R","E","?","R","?","R","B"],"character_chosen":"WATCHER","items_purchased":["Regal Pillow"],"campfire_rested":4,"item_purchase_floors":[30],"current_hp_per_floor":[61,61,61,61,58,49,49,45,45,45,38,46,26,36,36,24,57,57,41,36,36,24,44,38,38,38,38,42,42,42,38,68,50,64,51,51,51,49,49,49,29,31,31,66,60,60,60,50,65,0],"gold":424,"neow_bonus":"RANDOM_COLORLESS","is_prod":false,"is_daily":false,"chose_seed":false,"campfire_upgraded":5,"win_rate":0,"timestamp":1571062048,"path_taken":["M","?","$","M","?","E","R","E","T","?","M","M","?","E","R","BOSS","M","M","M","?","M","R","E","R","T","R","M","?","$","M","R","BOSS","M","M","M","M","M","R","E","M","T","R","E","?","R","?","R","BOSS"],"build_version":"2019-10-11","purchased_purges":1,"victory":false,"max_hp_per_floor":[68,68,68,68,68,68,68,68,68,68,68,68,68,68,68,68,68,68,68,68,68,68,68,68,68,68,68,68,68,68,68,68,68,68,68,68,68,68,68,68,68,68,68,68,68,65,65,65,65,65],"card_choices":[{"not_picked":["Madness","Good Instincts"],"picked":"Discovery","floor":0},{"not_picked":["JustLucky","PathToVictory"],"picked":"Wallop","floor":1},{"not_picked":["ClearTheMind","CarveReality"],"picked":"Prostrate","floor":4},{"not_picked":["ClearTheMind","WindmillStrike"],"picked":"FlyingSleeves","floor":4},{"not_picked":["JustLucky","Halt"],"picked":"CutThroughFate","floor":5},{"not_picked":["JustLucky","Sanctity","EmptyFist"],"picked":"SKIP","floor":5},{"not_picked":["DevaForm","EmptyMind"],"picked":"FlurryOfBlows","floor":6},{"not_picked":["FlyingSleeves","JustLucky","BowlingBash"],"picked":"SKIP","floor":8},{"not_picked":["Scrawl","EmptyBody"],"picked":"Conclude","floor":11},{"not_picked":["FlurryOfBlows","Scrawl"],"picked":"Protect","floor":11},{"not_picked":["FearNoEvil","BowlingBash"],"picked":"Wallop","floor":12},{"not_picked":["Conclude","FlurryOfBlows","JustLucky"],"picked":"SKIP","floor":12},{"not_picked":["Brilliance","Sanctity"],"picked":"LessonLearned","floor":14},{"not_picked":["Establishment","Brilliance"],"picked":"LessonLearned","floor":16},{"not_picked":["MentalFortress","Vengeance+1","FlurryOfBlows"],"picked":"SKIP","floor":18},{"not_picked":["Consecrate","CutThroughFate","Fasting2"],"picked":"SKIP","floor":18},{"not_picked":["Protect","BowlingBash","SashWhip"],"picked":"SKIP","floor":19},{"not_picked":["Halt","PathToVictory","ClearTheMind"],"picked":"SKIP","floor":19},{"not_picked":["Crescendo","Halt","LessonLearned"],"picked":"SKIP","floor":20},{"not_picked":["Sanctity","Vengeance","Consecrate"],"picked":"SKIP","floor":20},{"not_picked":["EmptyBody","Worship+1"],"picked":"Prostrate","floor":22},{"not_picked":["FlurryOfBlows","Weave","BowlingBash"],"picked":"SKIP","floor":22},{"not_picked":["Weave","CutThroughFate","EmptyFist"],"picked":"SKIP","floor":24},{"not_picked":["SignatureMove+1","JustLucky"],"picked":"Establishment","floor":28},{"not_picked":["Study","SashWhip"],"picked":"Meditate+1","floor":28},{"not_picked":["ThirdEye","FlurryOfBlows"],"picked":"Protect+1","floor":31},{"not_picked":["JustLucky","Adaptation","ThirdEye"],"picked":"SKIP","floor":31},{"not_picked":["Prostrate","Halt","Indignation+1"],"picked":"SKIP","floor":35},{"not_picked":["Swivel","Crescendo","ThirdEye"],"picked":"SKIP","floor":35},{"not_picked":["Halt","Adaptation","ThirdEye"],"picked":"SKIP","floor":36},{"not_picked":["SashWhip","Crescendo","ReachHeaven"],"picked":"SKIP","floor":36},{"not_picked":["Prostrate","Halt","ForeignInfluence"],"picked":"SKIP","floor":37},{"not_picked":["JustLucky+1","Halt","MentalFortress"],"picked":"SKIP","floor":37},{"not_picked":["Consecrate+1","ClearTheMind"],"picked":"WindmillStrike","floor":38},{"not_picked":["WreathOfFlame","Prostrate","WaveOfTheHand"],"picked":"SKIP","floor":38},{"not_picked":["SandsOfTime","PathToVictory","JustLucky+1"],"picked":"SKIP","floor":39},{"not_picked":["EmptyFist","Worship+1","PathToVictory+1"],"picked":"SKIP","floor":39},{"not_picked":["FollowUp+1","FlyingSleeves","WreathOfFlame"],"picked":"SKIP","floor":41},{"not_picked":["FollowUp+1","FlyingSleeves","WreathOfFlame"],"picked":"SKIP","floor":41},{"not_picked":["EmptyFist","BowlingBash"],"picked":"Swivel","floor":42},{"not_picked":["Prostrate+1","Halt","Protect"],"picked":"SKIP","floor":42},{"not_picked":["Scrawl","Nirvana+1","Wireheading"],"picked":"SKIP","floor":45}],"player_experience":1943730,"relics_obtained":[{"floor":6,"key":"Dodecahedron"},{"floor":8,"key":"Centennial Puzzle"},{"floor":9,"key":"Meat on the Bone"},{"floor":14,"key":"The Courier"},{"floor":24,"key":"Mercury Hourglass"},{"floor":26,"key":"TeardropLocket"},{"floor":41,"key":"Gambling Chip"},{"floor":45,"key":"Pen Nib"}],"event_choices":[{"damage_healed":0,"gold_gain":0,"player_choice":"Paid Gold","damage_taken":0,"relics_obtained":["Prayer Wheel"],"max_hp_gain":0,"max_hp_loss":0,"event_name":"WeMeetAgain","floor":2,"gold_loss":98},{"cards_removed":["Strike_P"],"damage_healed":0,"gold_gain":0,"player_choice":"Card Removal","damage_taken":0,"max_hp_gain":0,"max_hp_loss":0,"event_name":"The Cleric","floor":10,"gold_loss":75},{"damage_healed":0,"gold_gain":0,"player_choice":"Entered Light","damage_taken":20,"max_hp_gain":0,"max_hp_loss":0,"event_name":"Shining Light","floor":13,"gold_loss":0,"cards_upgraded":["Strike_P","Vigilance"]},{"damage_healed":0,"gold_gain":0,"cards_transformed":["LessonLearned","Discovery"],"player_choice":"Became Test Subject","damage_taken":0,"max_hp_gain":0,"max_hp_loss":0,"event_name":"Drug Dealer","floor":21,"gold_loss":0,"cards_obtained":["Worship","Jack Of All Trades"]},{"damage_healed":0,"gold_gain":50,"player_choice":"Stole From Cult","damage_taken":0,"max_hp_gain":0,"max_hp_loss":0,"event_name":"Nest","floor":29,"gold_loss":0},{"damage_healed":0,"gold_gain":0,"player_choice":"Max HP","damage_taken":0,"max_hp_gain":0,"max_hp_loss":3,"event_name":"Winding Halls","floor":46,"gold_loss":0},{"damage_healed":0,"gold_gain":0,"player_choice":"Memory 3","damage_taken":10,"max_hp_gain":0,"max_hp_loss":0,"event_name":"SensoryStone","floor":48,"gold_loss":0}],"is_beta":true,"boss_relics":[{"not_picked":["Tiny House","Runic Pyramid"],"picked":"Empty Cage"},{"not_picked":["Runic Dome","Philosopher\u0027s Stone"],"picked":"Sozu"}],"items_purged_floors":[30],"is_endless":false,"potions_floor_spawned":[5,6,8,12,14,19,24,28,36,37,45],"killed_by":"Time Eater","ascension_level":20}