{"gold_per_floor":[109,109,54,64,64,98,148,160,160,160,34,34,34,63,63,142,142,153,165,165,177,102,136,136,169,169,169,35,35,35,35,35,110,110,120,120,82,82,15,43,43,76,76,86,2,31,31,1,1,1,1,1,1,1,1],"floor_reached":55,"playtime":4415,"items_purged":["Shame","Clumsy","Injury"],"score":2082,"play_id":"8c8de150-1bb1-4a93-89a8-e1b3858fb248","local_time":"20191024210212","is_ascension_mode":true,"campfire_choices":[{"data":"Fasting2","floor":10.0,"key":"SMITH"},{"data":"Eruption","floor":12.0,"key":"SMITH"},{"data":"JustLucky","floor":15.0,"key":"SMITH"},{"data":"Study","floor":24.0,"key":"SMITH"},{"data":"Ragnarok","floor":29.0,"key":"SMITH"},{"data":"Prostrate","floor":32.0,"key":"SMITH"},{"data":"Apotheosis","floor":41.0,"key":"SMITH"},{"floor":47,"key":"RECALL"},{"data":"Fasting2","floor":49,"key":"SMITH"},{"floor":53,"key":"REST"}],"neow_cost":"NONE","seed_source_timestamp":1276516273400200,"circlet_count":0,"master_deck":["AscendersBane","Strike_P+1","Strike_P","Strike_P","Defend_P+1","Defend_P","Defend_P","Defend_P+1","Eruption+1","Vigilance+1","Weave","Prostrate+1","CutThroughFate+1","Fasting2+1","JustLucky+1","Ragnarok+1","Prostrate","Prostrate","Study+1","ThirdEye+1","Devotion","Protect+1","Apotheosis+1","WheelKick","TalkToTheHand","Evaluate","Fasting2+1"],"special_seed":0,"relics":["PureWater","NeowsBlessing","The Courier","PreservedInsect","OrangePellets","Pantograph","Cursed Key","MutagenicStrength","Pen Nib","Art of War","MealTicket","Membership Card","Black Star","Akabeko","Toy Ornithopter","Molten Egg 2","Ginger","Kunai","Turnip","War Paint"],"potions_floor_usage":[46,50],"damage_taken":[{"damage":0.0,"enemies":"Jaw Worm","floor":1.0,"turns":2.0},{"damage":0.0,"enemies":"2 Louse","floor":4.0,"turns":1.0},{"damage":0.0,"enemies":"3 Sentries","floor":6.0,"turns":2.0},{"damage":0.0,"enemies":"Cultist","floor":8.0,"turns":2.0},{"damage":0.0,"enemies":"Gremlin Nob","floor":14.0,"turns":3.0},{"damage":14.0,"enemies":"Hexaghost","floor":16.0,"turns":6.0},{"damage":0.0,"enemies":"Chosen","floor":18.0,"turns":3.0},{"damage":4.0,"enemies":"3 Byrds","floor":19.0,"turns":5.0},{"damage":0.0,"enemies":"Sentry and Sphere","floor":21.0,"turns":5.0},{"damage":12.0,"enemies":"Gremlin Leader","floor":23.0,"turns":3.0},{"damage":0.0,"enemies":"Slavers","floor":25.0,"turns":4.0},{"damage":46.0,"enemies":"Automaton","floor":33.0,"turns":8.0},{"damage":0.0,"enemies":"Orb Walker","floor":35.0,"turns":3.0},{"damage":25.0,"enemies":"Reptomancer","floor":40.0,"turns":5.0},{"damage":9.0,"enemies":"Giant Head","floor":42.0,"turns":6.0},{"damage":12.0,"enemies":"3 Shapes","floor":44.0,"turns":3.0},{"damage":5,"enemies":"Nemesis","floor":46,"turns":3},{"damage":70,"enemies":"Awakened One","floor":50,"turns":11},{"damage":18,"enemies":"Donu and Deca","floor":51,"turns":7},{"damage":81,"enemies":"Shield and Spear","floor":55,"turns":3}],"seed_played":"4362674257861491857","potions_obtained":[{"floor":1.0,"key":"SkillPotion"},{"floor":14.0,"key":"DuplicationPotion"},{"floor":23.0,"key":"LiquidMemories"},{"floor":25.0,"key":"Strength Potion"},{"floor":44.0,"key":"SneckoOil"}],"is_trial":false,"path_per_floor":["M","?","$","M","?","E","?","M","T","R","$","R","?","E","R","B",null,"M","M","?","M","?","E","R","E","T","T","$","R","?","$","R","B",null,"M","?","$","?","$","E","R","E","T","M","$","E","R","$","R","B","B",null,"R","$","E"],"character_chosen":"WATCHER","items_purchased":["Prostrate","OrangePellets","Membership Card","WheelKick","Evaluate","Fasting2"],"campfire_rested":1,"item_purchase_floors":[3,11,28,39,45,48],"current_hp_per_floor":[61,41,41,41,41,41,41,41,41,41,41,41,41,41,41,52,64,64,60,60,60,60,48,48,48,48,48,63,63,63,68,68,22,57,57,47,62,62,68,43,43,34,34,22,37,37,37,52,52,3,10,54,68,68,0],"gold":1,"neow_bonus":"THREE_ENEMY_KILL","is_prod":false,"is_daily":false,"chose_seed":false,"campfire_upgraded":8,"win_rate":0,"timestamp":1571947332,"path_taken":["M","?","$","M","?","E","?","?","T","R","$","R","?","E","R","BOSS","M","M","?","M","?","E","R","E","T","?","$","R","?","$","R","BOSS","M","?","$","?","?","E","R","E","T","M","?","E","R","$","R","BOSS","BOSS","R","$","E"],"build_version":"2019-10-23","purchased_purges":3,"victory":false,"max_hp_per_floor":[68,68,68,68,68,68,68,68,68,68,68,68,68,68,68,68,68,68,68,68,68,68,68,68,68,68,68,68,68,68,68,68,68,68,68,68,68,68,68,68,68,68,68,68,68,68,68,68,68,68,68,68,68,68,68],"card_choices":[{"not_picked":["MentalFortress","BowlingBash"],"picked":"Weave","floor":1.0},{"not_picked":["Worship","Prostrate"],"picked":"CutThroughFate","floor":4.0},{"not_picked":["WreathOfFlame","FlyingSleeves"],"picked":"SignatureMove","floor":6.0},{"not_picked":["ForeignInfluence","Halt"],"picked":"Fasting2","floor":8.0},{"not_picked":["EmptyFist","LikeWater"],"picked":"JustLucky","floor":14.0},{"not_picked":["Judgement","Wish"],"picked":"Ragnarok","floor":16.0},{"not_picked":["SpiritShield","WreathOfFlame"],"picked":"Prostrate","floor":18.0},{"not_picked":["ClearTheMind","SashWhip"],"picked":"Prostrate","floor":19.0},{"not_picked":["JustLucky","BattleHymn+1","BowlingBash"],"picked":"SKIP","floor":21.0},{"not_picked":["Meditate","Crescendo"],"picked":"Study","floor":23.0},{"not_picked":["Wish","Establishment"],"picked":"ThirdEye+1","floor":25.0},{"not_picked":["Wish","Blasphemy"],"picked":"Devotion","floor":33.0},{"not_picked":["Wireheading","Swivel"],"picked":"Protect+1","floor":35.0},{"not_picked":["PanicButton","Forethought"],"picked":"Apotheosis","floor":36.0},{"not_picked":["WreathOfFlame","CarveReality"],"picked":"TalkToTheHand","floor":40.0},{"not_picked":["BowlingBash","Evaluate","Prostrate"],"picked":"SKIP","floor":42.0},{"not_picked":["FearNoEvil+1","Collect","Prostrate"],"picked":"SKIP","floor":44.0},{"not_picked":["LikeWater","Ragnarok+1","BattleHymn+1"],"picked":"SKIP","floor":46}],"player_experience":1957214,"relics_obtained":[{"floor":6.0,"key":"The Courier"},{"floor":9.0,"key":"PreservedInsect"},{"floor":14.0,"key":"Pantograph"},{"floor":23.0,"key":"Pen Nib"},{"floor":25.0,"key":"Art of War"},{"floor":27.0,"key":"MealTicket"},{"floor":40.0,"key":"Akabeko"},{"floor":40.0,"key":"Toy Ornithopter"},{"floor":42.0,"key":"Molten Egg 2"},{"floor":42.0,"key":"Ginger"},{"floor":43.0,"key":"Kunai"},{"floor":46,"key":"Turnip"},{"floor":46,"key":"War Paint"}],"event_choices":[{"damage_healed":0.0,"max_hp_gain":0.0,"max_hp_loss":0.0,"gold_gain":0.0,"event_name":"Shining Light","player_choice":"Entered Light","floor":2.0,"gold_loss":0.0,"damage_taken":20.0,"cards_upgraded":["Strike_P","Vigilance"]},{"damage_healed":0.0,"max_hp_gain":0.0,"max_hp_loss":0.0,"gold_gain":0.0,"event_name":"Living Wall","player_choice":"Grow","floor":5.0,"gold_loss":0.0,"damage_taken":0.0,"cards_upgraded":["CutThroughFate"]},{"damage_healed":0.0,"max_hp_gain":0.0,"max_hp_loss":0.0,"gold_gain":50.0,"event_name":"Golden Shrine","player_choice":"Pray","floor":7.0,"gold_loss":0.0,"damage_taken":0.0},{"damage_healed":0.0,"max_hp_gain":0.0,"max_hp_loss":0.0,"gold_gain":0.0,"event_name":"Liars Game","player_choice":"Ignored","floor":13.0,"gold_loss":0.0,"damage_taken":0.0},{"damage_healed":0.0,"max_hp_gain":0.0,"max_hp_loss":0.0,"gold_gain":0.0,"event_name":"Drug Dealer","player_choice":"Inject Mutagens","floor":20.0,"gold_loss":0.0,"damage_taken":0.0,"relics_obtained":["MutagenicStrength"]},{"cards_removed":["Strike_P"],"damage_healed":0.0,"max_hp_gain":0.0,"max_hp_loss":0.0,"gold_gain":0.0,"event_name":"Beggar","player_choice":"Gave Gold","floor":22.0,"gold_loss":75.0,"damage_taken":0.0},{"damage_healed":0.0,"max_hp_gain":0.0,"max_hp_loss":0.0,"gold_gain":0.0,"event_name":"The Mausoleum","player_choice":"Ignored","floor":30.0,"gold_loss":0.0,"damage_taken":0.0},{"damage_healed":0.0,"max_hp_gain":0.0,"max_hp_loss":0.0,"gold_gain":0.0,"event_name":"SensoryStone","player_choice":"Memory 3","floor":36.0,"gold_loss":0.0,"damage_taken":10.0},{"cards_removed":["SignatureMove"],"damage_healed":0.0,"max_hp_gain":0.0,"max_hp_loss":0.0,"gold_gain":0.0,"event_name":"Falling","player_choice":"Removed Attack","floor":38.0,"gold_loss":0.0,"damage_taken":0.0}],"is_beta":true,"boss_relics":[{"not_picked":["Runic Pyramid","Runic Dome"],"picked":"Cursed Key"},{"not_picked":["Snecko Eye","Calling Bell"],"picked":"Black Star"}],"items_purged_floors":[37,39,45],"is_endless":false,"potions_floor_spawned":[1,14,18,23,25,44],"killed_by":"Shield and Spear","ascension_level":20}