{"gold_per_floor":[113,133,146,296,71,106,106,131,131,131,151,172,197,212,212,284,284,296,308,308,308,56,91,103,130,142,154,195,220,264,296,308,397,409,432,311,334,365,397,409,449,461,498,528,76,76,102,122,122,122],"floor_reached":50,"playtime":4501,"items_purged":["Doubt","BattleHymn"],"score":1214,"play_id":"a437f0b9-bc1b-47ef-b289-7e621c3bd910","local_time":"20191013233118","is_ascension_mode":true,"campfire_choices":[{"data":"TalkToTheHand","floor":7,"key":"SMITH"},{"data":"Eruption","floor":10,"key":"SMITH"},{"data":"LikeWater","floor":15,"key":"SMITH"},{"floor":24,"key":"REST"},{"floor":27,"key":"REST"},{"floor":32,"key":"REST"},{"floor":40,"key":"REST"},{"floor":42,"key":"REST"},{"data":"LikeWater","floor":46,"key":"SMITH"},{"floor":49,"key":"RECALL"}],"neow_cost":"NONE","seed_source_timestamp":335061952746200,"circlet_count":0,"master_deck":["AscendersBane","Eruption+1","Vigilance","CrushJoints","FlyingSleeves","LikeWater+1","TalkToTheHand+1","ClearTheMind","Meditate","CutThroughFate","FlurryOfBlows","Sanctity","Alpha","EmptyBody","Tantrum","Wallop","ThirdEye","Establishment","LikeWater+1","SashWhip","Tantrum","Swivel","Halt","Ragnarok","Vengeance","ThirdEye","MentalFortress","FlurryOfBlows","Protect+1","Perseverance","Protect+1","Prostrate+1","Meditate","Adaptation","Halt","TalkToTheHand"],"relics":["PureWater","Centennial Puzzle","Mercury Hourglass","Odd Mushroom","Blue Candle","VioletLotus","Oddly Smooth Stone","MawBank","Gremlin Horn","Akabeko","Yang","Pandora\u0027s Box","Lizard Tail","Dream Catcher","Omamori","Orrery","Ancient Tea Set","StrikeDummy"],"potions_floor_usage":[6,8,13,16,23,23,28,33,41,41,41,41,48,50],"damage_taken":[{"damage":6,"enemies":"Jaw Worm","floor":1,"turns":4},{"damage":0,"enemies":"Small Slimes","floor":2,"turns":2},{"damage":1,"enemies":"2 Louse","floor":3,"turns":3},{"damage":23,"enemies":"3 Sentries","floor":6,"turns":8},{"damage":9,"enemies":"Gremlin Nob","floor":8,"turns":3},{"damage":0,"enemies":"Blue Slaver","floor":11,"turns":4},{"damage":0,"enemies":"The Mushroom Lair","floor":12,"turns":3},{"damage":11,"enemies":"3 Sentries","floor":13,"turns":5},{"damage":0,"enemies":"Gremlin Gang","floor":14,"turns":4},{"damage":9,"enemies":"Hexaghost","floor":16,"turns":7},{"damage":7,"enemies":"Spheric Guardian","floor":18,"turns":5},{"damage":0,"enemies":"Chosen","floor":19,"turns":3},{"damage":26,"enemies":"Gremlin Leader","floor":23,"turns":5},{"damage":12,"enemies":"Shelled Parasite and Fungi","floor":25,"turns":8},{"damage":21,"enemies":"Slavers","floor":28,"turns":6},{"damage":4,"enemies":"3 Cultists","floor":29,"turns":4},{"damage":9,"enemies":"Gremlin Leader","floor":30,"turns":5},{"damage":21,"enemies":"Chosen and Byrds","floor":31,"turns":4},{"damage":8,"enemies":"Automaton","floor":33,"turns":9},{"damage":0,"enemies":"3 Darklings","floor":35,"turns":4},{"damage":11,"enemies":"Orb Walker","floor":37,"turns":3},{"damage":13,"enemies":"Writhing Mass","floor":38,"turns":8},{"damage":13,"enemies":"Spire Growth","floor":39,"turns":8},{"damage":77,"enemies":"Nemesis","floor":41,"turns":11},{"damage":9,"enemies":"Sphere and 2 Shapes","floor":44,"turns":7},{"damage":6,"enemies":"Reptomancer","floor":47,"turns":6},{"damage":9,"enemies":"Jaw Worm Horde","floor":48,"turns":5},{"damage":64,"enemies":"Donu and Deca","floor":50,"turns":7}],"seed_played":"3766104644042491685","potions_obtained":[{"floor":2,"key":"Regen Potion"},{"floor":11,"key":"Swift Potion"},{"floor":14,"key":"Strength Potion"},{"floor":16,"key":"Block Potion"},{"floor":19,"key":"PowerPotion"},{"floor":23,"key":"EssenceOfSteel"},{"floor":31,"key":"PowerPotion"},{"floor":38,"key":"LiquidBronze"},{"floor":39,"key":"EntropicBrew"},{"floor":41,"key":"StancePotion"},{"floor":44,"key":"SteroidPotion"}],"is_trial":false,"path_per_floor":["M","M","M","?","$","E","R","E","T","R","M","?","E","M","R","B",null,"M","M","?","?","$","E","R","M","T","R","E","M","E","M","R","B",null,"M","?","M","M","M","R","E","R","T","M","$","R","E","M","R","B"],"character_chosen":"WATCHER","items_purchased":["TalkToTheHand","ClearTheMind","Strength Potion","Oddly Smooth Stone","Wallop","Orrery","Adaptation","Ancient Tea Set"],"campfire_rested":5,"item_purchase_floors":[5,5,5,22,22,45,45,45],"current_hp_per_floor":[61,61,60,60,60,52,52,43,43,43,43,43,32,32,32,23,61,54,54,54,54,54,28,50,38,38,60,39,35,26,5,27,19,60,60,60,49,36,23,45,37,59,59,50,50,50,44,35,35,0],"gold":122,"neow_bonus":"TEN_PERCENT_HP_BONUS","is_prod":false,"is_daily":false,"chose_seed":false,"campfire_upgraded":4,"win_rate":0,"timestamp":1571005878,"path_taken":["M","M","M","?","$","E","R","E","T","R","M","?","E","M","R","BOSS","M","M","?","?","$","E","R","M","T","R","E","M","E","M","R","BOSS","M","?","?","?","M","R","E","R","T","M","?","R","E","M","R","BOSS"],"build_version":"2019-10-11","purchased_purges":2,"victory":false,"max_hp_per_floor":[74,74,74,74,74,74,74,74,74,74,74,74,74,74,74,74,74,74,74,74,74,74,74,74,74,74,74,74,74,74,74,74,74,74,74,74,74,74,74,74,74,74,74,74,74,74,74,74,74,74],"card_choices":[{"not_picked":["Consecrate","SpiritShield"],"picked":"CrushJoints","floor":1},{"not_picked":["CrushJoints","ThirdEye"],"picked":"FlyingSleeves","floor":2},{"not_picked":["Halt","SpiritShield"],"picked":"LikeWater","floor":3},{"not_picked":["Tantrum","EmptyBody"],"picked":"Meditate","floor":6},{"not_picked":["DevaForm","ThirdEye"],"picked":"CutThroughFate","floor":8},{"not_picked":["InnerPeace","FlyingSleeves","WreathOfFlame"],"picked":"SKIP","floor":11},{"not_picked":["Wireheading","Tantrum"],"picked":"FlurryOfBlows","floor":12},{"not_picked":["FollowUp","Fasting2","Wireheading"],"picked":"SKIP","floor":13},{"not_picked":["Pray","ThirdEye"],"picked":"Sanctity","floor":14},{"not_picked":["ConjureBlade","Blasphemy"],"picked":"Alpha","floor":16},{"not_picked":["JustLucky","ReachHeaven","SandsOfTime"],"picked":"SKIP","floor":18},{"not_picked":["Worship","SashWhip"],"picked":"EmptyBody","floor":19},{"not_picked":["Consecrate","FlyingSleeves"],"picked":"ThirdEye","floor":23},{"not_picked":["WindmillStrike+1","EmptyFist"],"picked":"Establishment","floor":25},{"not_picked":["WheelKick","PathToVictory","Fasting2"],"picked":"SKIP","floor":28},{"not_picked":["Tantrum","SandsOfTime","ThirdEye"],"picked":"SKIP","floor":29},{"not_picked":["CrushJoints","SashWhip","PathToVictory"],"picked":"SKIP","floor":30},{"not_picked":["Evaluate","DeceiveReality"],"picked":"LikeWater","floor":31},{"not_picked":["JustLucky","CrushJoints","ThirdEye"],"picked":"SKIP","floor":35},{"not_picked":["EmptyFist","Scrawl+1"],"picked":"MentalFortress","floor":37},{"not_picked":["Scrawl+1","BowlingBash"],"picked":"FlurryOfBlows","floor":38},{"not_picked":["CarveReality+1","EmptyFist","JustLucky"],"picked":"SKIP","floor":39},{"not_picked":["SandsOfTime","CarveReality+1"],"picked":"Protect+1","floor":41},{"not_picked":["SignatureMove","Nirvana"],"picked":"Perseverance","floor":42},{"not_picked":["Devotion","JustLucky+1","EmptyFist+1"],"picked":"SKIP","floor":44},{"not_picked":["Prostrate+1","Alpha"],"picked":"Protect+1","floor":45},{"not_picked":["PathToVictory","EmptyFist+1"],"picked":"Prostrate+1","floor":45},{"not_picked":["FlyingSleeves","SashWhip"],"picked":"Meditate","floor":45},{"not_picked":["BowlingBash","SpiritShield"],"picked":"Halt","floor":47},{"not_picked":["PathToVictory+1","FlurryOfBlows"],"picked":"TalkToTheHand","floor":48}],"player_experience":1935865,"relics_obtained":[{"floor":6,"key":"Centennial Puzzle"},{"floor":8,"key":"Mercury Hourglass"},{"floor":12,"key":"Odd Mushroom"},{"floor":13,"key":"Blue Candle"},{"floor":23,"key":"MawBank"},{"floor":26,"key":"Gremlin Horn"},{"floor":28,"key":"Akabeko"},{"floor":30,"key":"Yang"},{"floor":41,"key":"Dream Catcher"},{"floor":43,"key":"Omamori"},{"floor":47,"key":"StrikeDummy"}],"event_choices":[{"damage_healed":0,"gold_gain":150,"player_choice":"AGREE","damage_taken":0,"max_hp_gain":0,"max_hp_loss":0,"event_name":"Liars Game","floor":4,"gold_loss":0,"cards_obtained":["Doubt"]},{"damage_healed":0,"gold_gain":0,"player_choice":"Fought Mushrooms","damage_taken":0,"max_hp_gain":0,"max_hp_loss":0,"event_name":"Mushrooms","floor":12,"gold_loss":0},{"damage_healed":0,"gold_gain":0,"player_choice":"Ignored","damage_taken":0,"max_hp_gain":0,"max_hp_loss":0,"event_name":"Vampires","floor":20,"gold_loss":0},{"damage_healed":0,"gold_gain":0,"player_choice":"Read","damage_taken":0,"max_hp_gain":0,"max_hp_loss":0,"event_name":"The Library","floor":21,"gold_loss":0,"cards_obtained":["Tantrum"]},{"damage_healed":0,"gold_gain":0,"player_choice":"Paid Gold","damage_taken":0,"relics_obtained":["Lizard Tail"],"max_hp_gain":0,"max_hp_loss":0,"event_name":"WeMeetAgain","floor":36,"gold_loss":133}],"is_beta":true,"boss_relics":[{"not_picked":["Calling Bell","HolyWater"],"picked":"VioletLotus"},{"not_picked":["Empty Cage","SacredBark"],"picked":"Pandora\u0027s Box"}],"items_purged_floors":[5,45],"is_endless":false,"potions_floor_spawned":[2,11,14,16,19,23,31,38,39,41,44],"killed_by":"Donu and Deca","ascension_level":20}