{"gold_per_floor":[113,124,124,49,49,80,80,90,90,117,117,178,178,8,8,82,82,99,113,113,33,47,47,61,61,61,61,61,96,108,137,137,208,208,219,272,272,288,298,298,298,331,331,331,18,47,116,142,142,142],"floor_reached":50,"playtime":3474,"items_purged":["Decay"],"score":1344,"play_id":"cff24d69-099a-4f88-9df1-825c4f3a5c9a","local_time":"20191017224537","is_ascension_mode":true,"campfire_choices":[{"floor":7.0,"key":"REST"},{"data":"Eruption","floor":11.0,"key":"SMITH"},{"data":"Protect","floor":15.0,"key":"SMITH"},{"data":"Conclude","floor":23,"key":"SMITH"},{"data":"FearNoEvil","floor":25,"key":"SMITH"},{"data":"Tantrum","floor":27,"key":"SMITH"},{"floor":32,"key":"REST"},{"floor":40,"key":"REST"},{"floor":49,"key":"REST"}],"neow_cost":"NONE","seed_source_timestamp":678889888811900,"circlet_count":0,"master_deck":["AscendersBane","Strike_P","Strike_P","Defend_P","Defend_P","Defend_P","Defend_P","Eruption+1","Vigilance","Flash of Steel","FlurryOfBlows","Wallop+1","InnerPeace","MentalFortress","Tantrum+1","FlurryOfBlows","Protect+1","Wireheading","EmptyFist","Blasphemy","WheelKick","CutThroughFate","Conclude+1","Weave","FearNoEvil+1","Sanctity","CutThroughFate+1","Wallop+1","Protect","Flash of Steel","ThirdEye+1","Pain","Adaptation+1"],"special_seed":0,"relics":["PureWater","CaptainsWheel","Pen Nib","Pear","GoldenEye","Pantograph","Question Card","Sozu","Singing Bowl","The Courier","Eternal Feather","Cursed Key","Incense Burner","Mummified Hand","Torii","Centennial Puzzle","PreservedInsect","Blue Candle","Mercury Hourglass","Gremlin Horn"],"potions_floor_usage":[19],"damage_taken":[{"damage":0.0,"enemies":"2 Louse","floor":1.0,"turns":3.0},{"damage":0.0,"enemies":"Jaw Worm","floor":2.0,"turns":1.0},{"damage":22.0,"enemies":"Gremlin Nob","floor":6.0,"turns":6.0},{"damage":0.0,"enemies":"Cultist","floor":8.0,"turns":3.0},{"damage":17.0,"enemies":"Lagavulin","floor":10.0,"turns":4.0},{"damage":13.0,"enemies":"Gremlin Nob","floor":12.0,"turns":3.0},{"damage":0.0,"enemies":"Slime Boss","floor":16.0,"turns":6.0},{"damage":6.0,"enemies":"Spheric Guardian","floor":18.0,"turns":3.0},{"damage":0,"enemies":"2 Thieves","floor":19,"turns":3},{"damage":0,"enemies":"Centurion and Healer","floor":22,"turns":6},{"damage":5,"enemies":"Sentry and Sphere","floor":24,"turns":3},{"damage":47,"enemies":"Slavers","floor":29,"turns":5},{"damage":4,"enemies":"3 Cultists","floor":30,"turns":5},{"damage":9,"enemies":"Book of Stabbing","floor":31,"turns":4},{"damage":69,"enemies":"Champ","floor":33,"turns":16},{"damage":4,"enemies":"3 Darklings","floor":35,"turns":4},{"damage":53,"enemies":"2 Orb Walkers","floor":36,"turns":4},{"damage":0,"enemies":"Orb Walker","floor":38,"turns":2},{"damage":0,"enemies":"Sphere and 2 Shapes","floor":39,"turns":3},{"damage":0,"enemies":"Nemesis","floor":42,"turns":3},{"damage":25,"enemies":"Reptomancer","floor":46,"turns":3},{"damage":2,"enemies":"Nemesis","floor":48,"turns":5},{"damage":10,"enemies":"Time Eater","floor":50,"turns":2}],"seed_played":"-7714517418821668066","potions_obtained":[{"floor":10.0,"key":"SmokeBomb"},{"floor":12.0,"key":"SkillPotion"},{"floor":16.0,"key":"Block Potion"}],"is_trial":false,"path_per_floor":["M","M","?","?","?","E","R","M","T","E","R","?","T","$","R","B",null,"M","M","?","$","M","R","M","R","T","R","?","E","M","E","R","B",null,"M","?","?","M","M","R","?","E","T","?","$","E","T","E","R","B"],"character_chosen":"WATCHER","items_purchased":["Protect","Wireheading","EmptyFist","Conclude","Centennial Puzzle","PreservedInsect"],"campfire_rested":4,"item_purchase_floors":[14,14,14,21,45,45],"current_hp_per_floor":[61,61,61,61,43,21,41,41,51,34,34,21,21,21,21,46,70,64,64,64,64,64,64,59,59,59,59,59,14,12,5,45,3,65,61,8,8,10,10,51,51,53,53,53,53,28,28,26,71,80],"gold":142,"neow_bonus":"RANDOM_COLORLESS","is_prod":false,"is_daily":false,"chose_seed":false,"campfire_upgraded":5,"win_rate":0,"timestamp":1571348737,"path_taken":["M","M","?","?","?","E","R","M","T","E","R","?","?","$","R","BOSS","M","M","?","$","M","R","?","R","T","R","?","E","M","E","R","BOSS","M","?","?","?","?","R","?","E","T","?","$","E","?","E","R","BOSS"],"build_version":"2019-10-17","purchased_purges":1,"victory":false,"max_hp_per_floor":[68,68,68,68,68,68,68,68,78,78,78,78,78,78,78,78,78,78,78,78,78,78,78,78,78,78,78,78,80,82,84,84,86,86,86,86,86,88,88,88,88,90,90,90,90,90,90,90,90,90],"card_choices":[{"not_picked":["Trip","Dark Shackles"],"picked":"Flash of Steel","floor":0.0},{"not_picked":["Halt","ThirdEye"],"picked":"FlurryOfBlows","floor":1.0},{"not_picked":["FlurryOfBlows","WreathOfFlame"],"picked":"Wallop","floor":2.0},{"not_picked":["ClearTheMind","FollowUp"],"picked":"InnerPeace","floor":6.0},{"not_picked":["Crescendo","ReachHeaven"],"picked":"MentalFortress","floor":8.0},{"not_picked":["Pray","ClearTheMind"],"picked":"Tantrum","floor":10.0},{"not_picked":["Consecrate","ConjureBlade"],"picked":"FlurryOfBlows","floor":12.0},{"not_picked":["DeusExMachina","Omniscience","ConjureBlade"],"picked":"Blasphemy","floor":16.0},{"not_picked":["BowlingBash","Meditate","ThirdEye"],"picked":"WheelKick","floor":18},{"not_picked":["SashWhip","WindmillStrike","Halt"],"picked":"CutThroughFate","floor":19},{"not_picked":["CrushJoints","Devotion","EmptyFist"],"picked":"Weave","floor":22},{"not_picked":["CrushJoints","Meditate","Collect+1"],"picked":"FearNoEvil","floor":24},{"not_picked":["ThirdEye","EmptyMind","WreathOfFlame+1","Vengeance"],"picked":"Singing Bowl","floor":29},{"not_picked":["Conclude","Adaptation","Sanctity","BowlingBash"],"picked":"Singing Bowl","floor":30},{"not_picked":["Ragnarok","EmptyMind","Scrawl","Indignation+1"],"picked":"Singing Bowl","floor":31},{"not_picked":["DevaForm","DeusExMachina","Blasphemy","Alpha"],"picked":"Singing Bowl","floor":33},{"not_picked":["PathToVictory","Vengeance","Crescendo+1"],"picked":"Sanctity","floor":35},{"not_picked":["SandsOfTime","Prostrate","ClearTheMind"],"picked":"CutThroughFate+1","floor":36},{"not_picked":["BowlingBash+1","Brilliance","SandsOfTime","FollowUp"],"picked":"Singing Bowl","floor":38},{"not_picked":["ThirdEye","Crescendo","Tantrum"],"picked":"Protect","floor":39},{"not_picked":["Perseverance+1","ClearTheMind","CutThroughFate","EmptyFist"],"picked":"Singing Bowl","floor":42},{"not_picked":["Swift Strike","PanicButton","Dark Shackles"],"picked":"Flash of Steel","floor":44},{"not_picked":["FlyingSleeves","BowlingBash","InnerPeace"],"picked":"ThirdEye+1","floor":46},{"not_picked":["Blasphemy","SashWhip","ClearTheMind"],"picked":"Adaptation+1","floor":48}],"player_experience":1953552,"relics_obtained":[{"floor":6.0,"key":"Pen Nib"},{"floor":9.0,"key":"Pear"},{"floor":10.0,"key":"GoldenEye"},{"floor":12.0,"key":"Pantograph"},{"floor":13.0,"key":"Question Card"},{"floor":26,"key":"Singing Bowl"},{"floor":29,"key":"The Courier"},{"floor":31,"key":"Eternal Feather"},{"floor":36,"key":"Incense Burner"},{"floor":42,"key":"Mummified Hand"},{"floor":43,"key":"Torii"},{"floor":46,"key":"Blue Candle"},{"floor":47,"key":"Mercury Hourglass"},{"floor":48,"key":"Gremlin Horn"}],"event_choices":[{"damage_healed":0.0,"max_hp_gain":0.0,"max_hp_loss":0.0,"gold_gain":0.0,"event_name":"Living Wall","player_choice":"Grow","floor":3.0,"gold_loss":0.0,"damage_taken":0.0,"cards_upgraded":["Wallop"]},{"cards_removed":["Strike_P"],"damage_healed":0.0,"max_hp_gain":0.0,"max_hp_loss":0.0,"gold_gain":0.0,"event_name":"The Cleric","player_choice":"Card Removal","floor":4.0,"gold_loss":75.0,"damage_taken":0.0},{"damage_healed":0.0,"max_hp_gain":0.0,"max_hp_loss":0.0,"gold_gain":0.0,"event_name":"Scrap Ooze","player_choice":"Success","floor":5.0,"gold_loss":0.0,"damage_taken":18.0,"relics_obtained":["CaptainsWheel"]},{"damage_healed":0.0,"max_hp_gain":0.0,"max_hp_loss":0.0,"gold_gain":30.0,"event_name":"Dead Adventurer","player_choice":"Searched \u00273\u0027 times","floor":12.0,"gold_loss":0.0,"damage_taken":0.0},{"cards_removed":["Strike_P"],"damage_healed":0,"gold_gain":0,"player_choice":"Purged","damage_taken":0,"max_hp_gain":0,"max_hp_loss":0,"event_name":"Purifier","floor":20,"gold_loss":0},{"damage_healed":0,"gold_gain":0,"player_choice":"Fight","damage_taken":0,"max_hp_gain":0,"max_hp_loss":0,"event_name":"Mysterious Sphere","floor":36,"gold_loss":0},{"damage_healed":0,"gold_gain":0,"player_choice":"Copied","damage_taken":0,"max_hp_gain":0,"max_hp_loss":0,"event_name":"Duplicator","floor":37,"gold_loss":0,"cards_obtained":["Wallop"]},{"damage_healed":0,"gold_gain":0,"player_choice":"Ignored","damage_taken":0,"max_hp_gain":0,"max_hp_loss":0,"event_name":"Tomb of Lord Red Mask","floor":41,"gold_loss":0},{"damage_healed":0,"gold_gain":0,"player_choice":"Memory 1","damage_taken":0,"max_hp_gain":0,"max_hp_loss":0,"event_name":"SensoryStone","floor":44,"gold_loss":0}],"is_beta":true,"boss_relics":[{"not_picked":["Pandora\u0027s Box","Empty Cage"],"picked":"Sozu"},{"not_picked":["Velvet Choker","Philosopher\u0027s Stone"],"picked":"Cursed Key"}],"items_purged_floors":[45],"is_endless":false,"potions_floor_spawned":[10,12,16,18,19,29,30,35,36,42],"killed_by":"Time Eater","ascension_level":20}