{"gold_per_floor":[111,127,145,145,145,180,180,193,218,218,257,257,295,307,319,450,462,474,7,56,101,1,1,71,71,98,98,152,152,183,183,183,272,272,327,377,377,206,252,318,318,349,396,396],"floor_reached":44,"playtime":3364,"items_purged":["Strike_P","Strike_P"],"score":1103,"play_id":"6889bad7-5b87-454f-8455-b4518653d825","local_time":"20191014110420","is_ascension_mode":true,"campfire_choices":[{"floor":7,"key":"REST"},{"data":"WindmillStrike","floor":12,"key":"SMITH"},{"data":"TalkToTheHand","floor":15,"key":"SMITH"},{"data":"Wish","floor":23,"key":"SMITH"},{"data":"LikeWater","floor":25,"key":"SMITH"},{"floor":29,"key":"REST"},{"floor":32,"key":"REST"},{"floor":41,"key":"REST"}],"neow_cost":"TEN_PERCENT_HP_LOSS","seed_source_timestamp":377780866834700,"circlet_count":0,"master_deck":["AscendersBane","Strike_P+1","Strike_P+1","Defend_P+1","Defend_P+1","Defend_P+1","Defend_P+1","Eruption","Vigilance","CrushJoints","SashWhip","Wish+1","LikeWater+1","WindmillStrike+1","TalkToTheHand+1","Vault+1","FearNoEvil","EmptyBody","MentalFortress","EmptyFist","Consecrate+1","Protect+1","Protect","MentalFortress+1","Tantrum","Alpha","Wish"],"relics":["PureWater","Mango","MealTicket","Akabeko","Golden Idol","MawBank","Snecko Eye","Letter Opener","Strawberry","Ornamental Fan","MutagenicStrength","Fusion Hammer","GoldenEye","Mummified Hand","War Paint"],"potions_floor_usage":[13,16,18,24,24,33,40,42,44],"damage_taken":[{"damage":0,"enemies":"Cultist","floor":1,"turns":2},{"damage":1,"enemies":"Small Slimes","floor":2,"turns":4},{"damage":0,"enemies":"Jaw Worm","floor":3,"turns":1},{"damage":44,"enemies":"Lagavulin","floor":6,"turns":7},{"damage":5,"enemies":"2 Fungi Beasts","floor":8,"turns":6},{"damage":1,"enemies":"3 Louse","floor":11,"turns":5},{"damage":5,"enemies":"3 Sentries","floor":13,"turns":10},{"damage":33,"enemies":"Slime Boss","floor":16,"turns":8},{"damage":0,"enemies":"3 Byrds","floor":18,"turns":2},{"damage":13,"enemies":"2 Thieves","floor":20,"turns":5},{"damage":0,"enemies":"3 Cultists","floor":21,"turns":5},{"damage":49,"enemies":"Gremlin Leader","floor":24,"turns":9},{"damage":18,"enemies":"Snake Plant","floor":28,"turns":5},{"damage":12,"enemies":"Slavers","floor":30,"turns":6},{"damage":22,"enemies":"Champ","floor":33,"turns":25},{"damage":0,"enemies":"Orb Walker","floor":35,"turns":3},{"damage":0,"enemies":"3 Darklings","floor":36,"turns":4},{"damage":21,"enemies":"Spire Growth","floor":39,"turns":6},{"damage":54,"enemies":"Nemesis","floor":40,"turns":14},{"damage":13,"enemies":"Giant Head","floor":42,"turns":7},{"damage":19,"enemies":"Reptomancer","floor":44,"turns":3}],"seed_played":"-5103637191279053357","potions_obtained":[{"floor":3,"key":"SpeedPotion"},{"floor":6,"key":"BottledMiracle"},{"floor":13,"key":"SmokeBomb"},{"floor":16,"key":"PowerPotion"},{"floor":21,"key":"Regen Potion"},{"floor":30,"key":"Regen Potion"},{"floor":35,"key":"Weak Potion"},{"floor":40,"key":"Energy Potion"}],"is_trial":false,"path_per_floor":["M","M","M","?","?","E","R","M","T","?","M","R","E","$","R","B",null,"M","$","M","M","$","R","E","R","T","?","M","R","E","?","R","B",null,"M","M","?","$","M","E","R","E","T","E"],"character_chosen":"WATCHER","items_purchased":["Letter Opener","FearNoEvil","EmptyBody","Tantrum","Ancient Potion"],"campfire_rested":4,"item_purchase_floors":[19,19,19,38,38],"current_hp_per_floor":[75,74,74,51,56,12,36,31,31,31,30,30,25,40,40,7,57,57,72,59,59,73,73,40,40,40,40,22,46,34,34,58,51,73,73,73,73,80,59,5,29,16,16,0],"gold":396,"neow_bonus":"ONE_RARE_RELIC","is_prod":false,"is_daily":false,"chose_seed":false,"campfire_upgraded":4,"win_rate":0,"timestamp":1571047460,"path_taken":["M","M","M","?","?","E","R","M","T","?","?","R","E","$","R","BOSS","M","$","M","M","$","R","E","R","T","?","M","R","E","?","R","BOSS","M","M","?","$","M","E","R","E","T","E"],"build_version":"2019-10-11","purchased_purges":2,"victory":false,"max_hp_per_floor":[76,76,76,76,81,81,81,81,81,73,73,73,73,73,73,73,73,73,73,73,73,73,73,80,80,80,80,80,80,80,80,80,80,80,80,80,80,80,80,80,80,80,80,80],"card_choices":[{"not_picked":["Crescendo","PathToVictory"],"picked":"CrushJoints","floor":1},{"not_picked":["CrushJoints","Halt"],"picked":"SashWhip","floor":2},{"not_picked":["SashWhip","SignatureMove","WreathOfFlame"],"picked":"SKIP","floor":3},{"not_picked":["PathToVictory","Scrawl"],"picked":"Wish","floor":6},{"not_picked":["ThirdEye","PathToVictory"],"picked":"LikeWater","floor":8},{"not_picked":["PathToVictory","FlyingSleeves"],"picked":"WindmillStrike","floor":11},{"not_picked":["SashWhip","MentalFortress"],"picked":"TalkToTheHand","floor":13},{"not_picked":["Judgement","Devotion"],"picked":"Vault","floor":16},{"not_picked":["JustLucky","Sanctity"],"picked":"MentalFortress","floor":20},{"not_picked":["Crescendo","Sanctity"],"picked":"EmptyFist","floor":21},{"not_picked":["ThirdEye","WaveOfTheHand+1"],"picked":"Consecrate+1","floor":24},{"not_picked":["EmptyBody","FlyingSleeves"],"picked":"Protect","floor":28},{"not_picked":["BowlingBash","SashWhip","Crescendo"],"picked":"SKIP","floor":30},{"not_picked":["PathToVictory+1","Conclude"],"picked":"Protect","floor":35},{"not_picked":["FollowUp","EmptyBody"],"picked":"MentalFortress+1","floor":36},{"not_picked":["Conclude","BowlingBash"],"picked":"Alpha","floor":39},{"not_picked":["Prostrate+1","FlurryOfBlows+1","Adaptation"],"picked":"SKIP","floor":40},{"not_picked":["WreathOfFlame","Tantrum+1"],"picked":"Wish","floor":42}],"player_experience":1940366,"relics_obtained":[{"floor":6,"key":"MealTicket"},{"floor":9,"key":"Akabeko"},{"floor":13,"key":"MawBank"},{"floor":24,"key":"Strawberry"},{"floor":30,"key":"Ornamental Fan"},{"floor":40,"key":"GoldenEye"},{"floor":42,"key":"Mummified Hand"},{"floor":43,"key":"War Paint"}],"event_choices":[{"damage_healed":0,"gold_gain":0,"player_choice":"Entered Light","damage_taken":23,"max_hp_gain":0,"max_hp_loss":0,"event_name":"Shining Light","floor":4,"gold_loss":0,"cards_upgraded":["Defend_P","Defend_P"]},{"damage_healed":0,"gold_gain":0,"player_choice":"Donut","damage_taken":0,"max_hp_gain":5,"max_hp_loss":0,"event_name":"Big Fish","floor":5,"gold_loss":0},{"damage_healed":0,"gold_gain":0,"player_choice":"Lose Max HP","damage_taken":0,"relics_obtained":["Golden Idol"],"max_hp_gain":0,"max_hp_loss":8,"event_name":"Golden Idol","floor":10,"gold_loss":0},{"damage_healed":0,"gold_gain":0,"player_choice":"Simplicity","damage_taken":0,"max_hp_gain":0,"max_hp_loss":0,"event_name":"Back to Basics","floor":27,"gold_loss":0,"cards_upgraded":["Strike_P","Strike_P","Defend_P","Defend_P"]},{"damage_healed":0,"gold_gain":0,"player_choice":"Inject Mutagens","damage_taken":0,"relics_obtained":["MutagenicStrength"],"max_hp_gain":0,"max_hp_loss":0,"event_name":"Drug Dealer","floor":31,"gold_loss":0},{"damage_healed":0,"gold_gain":0,"player_choice":"Ignored","damage_taken":0,"max_hp_gain":0,"max_hp_loss":0,"event_name":"Tomb of Lord Red Mask","floor":37,"gold_loss":0}],"is_beta":true,"boss_relics":[{"not_picked":["Ectoplasm","Busted Crown"],"picked":"Snecko Eye"},{"not_picked":["Runic Dome","Black Star"],"picked":"Fusion Hammer"}],"items_purged_floors":[19,22],"is_endless":false,"potions_floor_spawned":[3,6,13,16,18,21,30,35,40],"killed_by":"Reptomancer","ascension_level":20}