{"gold_per_floor":[111,111,127,72,37,37,63,63,63,97,111,142,155,168,168,241,241,259,100,113,113,113,113,138,138,210,210,228,244,291,316,316,393,393,411,49,63,73,73,73,104,121,121,121,132,161,81,96,96,96,96,96,96,42,68,68],"floor_reached":56,"playtime":5551,"items_purged":["Strike_P"],"score":2605,"play_id":"dc796e72-803e-4c83-ab1b-f56ab59e9eb4","local_time":"20191015221053","is_ascension_mode":true,"campfire_choices":[{"data":"SandsOfTime","floor":6,"key":"SMITH"},{"data":"TalkToTheHand","floor":15,"key":"SMITH"},{"data":"MentalFortress","floor":23,"key":"SMITH"},{"data":"EmptyBody","floor":25,"key":"SMITH"},{"floor":27,"key":"REST"},{"data":"Vigilance","floor":32,"key":"SMITH"},{"data":"Wallop","floor":40,"key":"SMITH"},{"floor":44,"key":"RECALL"},{"data":"Worship","floor":49,"key":"SMITH"},{"floor":53,"key":"REST"}],"neow_cost":"NONE","seed_source_timestamp":501985970856600,"circlet_count":0,"master_deck":["AscendersBane","Strike_P","Strike_P+1","Defend_P+1","Defend_P","Defend_P","Eruption","Vigilance+1","Tantrum+1","SandsOfTime+1","EmptyBody+1","TalkToTheHand+1","ThirdEye","DeceiveReality","Establishment","ThirdEye+1","MentalFortress+1","Vault","TalkToTheHand+1","Wallop+1","TalkToTheHand+1","Worship+1","Protect+1","InnerPeace"],"relics":["PureWater","FossilizedHelix","Matryoshka","Whetstone","Akabeko","Snecko Eye","Nilry\u0027s Codex","Singing Bowl","Dodecahedron","Meat on the Bone","Pen Nib","Omamori","Bag of Preparation","Cursed Key","DollysMirror","Bag of Marbles","Vajra","Thread and Needle","War Paint"],"potions_floor_usage":[10,10,24,24,46,51,55,56],"damage_taken":[{"damage":4,"enemies":"Small Slimes","floor":1,"turns":5},{"damage":0,"enemies":"2 Louse","floor":3,"turns":1},{"damage":27,"enemies":"3 Sentries","floor":7,"turns":5},{"damage":0,"enemies":"Lagavulin","floor":10,"turns":5},{"damage":0,"enemies":"Jaw Worm","floor":11,"turns":3},{"damage":0,"enemies":"Gremlin Nob","floor":12,"turns":3},{"damage":0,"enemies":"Exordium Thugs","floor":13,"turns":4},{"damage":0,"enemies":"3 Louse","floor":14,"turns":1},{"damage":6,"enemies":"The Guardian","floor":16,"turns":10},{"damage":0,"enemies":"Spheric Guardian","floor":18,"turns":2},{"damage":0,"enemies":"Chosen","floor":20,"turns":3},{"damage":23,"enemies":"Slavers","floor":24,"turns":6},{"damage":0,"enemies":"Centurion and Healer","floor":28,"turns":4},{"damage":0,"enemies":"Snake Plant","floor":29,"turns":3},{"damage":0,"enemies":"Gremlin Leader","floor":31,"turns":4},{"damage":0,"enemies":"Champ","floor":33,"turns":16},{"damage":0,"enemies":"3 Shapes","floor":35,"turns":3},{"damage":0,"enemies":"Orb Walker","floor":37,"turns":1},{"damage":0,"enemies":"4 Shapes","floor":38,"turns":5},{"damage":0,"enemies":"Reptomancer","floor":41,"turns":8},{"damage":0,"enemies":"Spire Growth","floor":42,"turns":1},{"damage":0,"enemies":"Sphere and 2 Shapes","floor":45,"turns":4},{"damage":0,"enemies":"Giant Head","floor":46,"turns":7},{"damage":0,"enemies":"Transient","floor":48,"turns":7},{"damage":0,"enemies":"Time Eater","floor":50,"turns":12},{"damage":0,"enemies":"Donu and Deca","floor":51,"turns":11},{"damage":29,"enemies":"Shield and Spear","floor":55,"turns":17},{"damage":60,"enemies":"The Heart","floor":56,"turns":9}],"seed_played":"-7758195211318445044","potions_obtained":[{"floor":0,"key":"Regen Potion"},{"floor":0,"key":"Swift Potion"},{"floor":12,"key":"Strength Potion"},{"floor":13,"key":"Regen Potion"},{"floor":31,"key":"Block Potion"},{"floor":33,"key":"EssenceOfSteel"},{"floor":46,"key":"Weak Potion"}],"is_trial":false,"path_per_floor":["M","?","M","$","?","R","E","$","T","E","M","E","M","M","R","B",null,"M","$","M","?","?","R","E","R","T","R","M","M","T","E","R","B",null,"M","$","M","M","?","R","E","M","T","R","M","E","$","M","R","B","B",null,"R","$","E","B"],"character_chosen":"WATCHER","items_purchased":["EmptyBody","MentalFortress","DollysMirror","Bag of Marbles","Wallop","Worship","SkillPotion"],"campfire_rested":2,"item_purchase_floors":[4,19,36,36,36,47,54],"current_hp_per_floor":[57,50,50,50,67,67,40,40,40,54,54,54,54,54,54,48,63,63,63,63,42,42,42,36,36,36,57,59,61,61,63,63,63,73,75,75,77,79,79,79,79,81,81,81,83,85,85,85,85,85,85,87,88,88,59,0],"gold":68,"neow_bonus":"THREE_SMALL_POTIONS","is_prod":false,"is_daily":false,"chose_seed":false,"campfire_upgraded":7,"win_rate":0,"timestamp":1571173853,"path_taken":["M","?","M","$","?","R","E","$","T","E","M","E","M","M","R","BOSS","M","$","M","?","?","R","E","R","T","R","M","?","?","E","R","BOSS","M","$","M","M","?","R","E","M","T","R","M","E","?","M","R","BOSS","BOSS","R","$","E","BOSS"],"build_version":"2019-10-15","purchased_purges":1,"victory":false,"max_hp_per_floor":[68,68,68,68,68,68,68,68,68,68,68,68,68,68,68,68,68,68,68,68,68,68,68,70,70,70,70,72,74,74,76,76,76,76,78,78,80,82,82,82,82,84,84,84,86,88,88,88,88,88,88,88,88,88,88,88],"card_choices":[{"not_picked":["Meditate","LikeWater"],"picked":"Tantrum","floor":1},{"not_picked":["ReachHeaven","Halt"],"picked":"SandsOfTime","floor":3},{"not_picked":["CutThroughFate","FollowUp"],"picked":"TalkToTheHand","floor":7},{"not_picked":["Indignation","FollowUp","ThirdEye"],"picked":"SKIP","floor":10},{"not_picked":["EmptyMind","Indignation"],"picked":"ThirdEye","floor":11},{"not_picked":["Fasting2","BowlingBash","Prostrate"],"picked":"SKIP","floor":12},{"not_picked":["PathToVictory","InnerPeace"],"picked":"DeceiveReality","floor":13},{"not_picked":["JustLucky","CrushJoints","Vengeance"],"picked":"SKIP","floor":14},{"not_picked":["Judgement","DeusExMachina"],"picked":"Establishment","floor":16},{"not_picked":["Halt","JustLucky"],"picked":"ThirdEye+1","floor":18},{"not_picked":["Indignation","Prostrate","BowlingBash"],"picked":"SKIP","floor":20},{"not_picked":["EmptyBody","Conclude","ClearTheMind"],"picked":"Singing Bowl","floor":24},{"not_picked":["JustLucky+1","PathToVictory","Consecrate"],"picked":"Singing Bowl","floor":28},{"not_picked":["Crescendo","CrushJoints","Devotion"],"picked":"Singing Bowl","floor":29},{"not_picked":["FlurryOfBlows","ReachHeaven","SashWhip"],"picked":"Singing Bowl","floor":31},{"not_picked":["Blasphemy","DeusExMachina"],"picked":"Vault","floor":33},{"not_picked":["SignatureMove+1","EmptyBody+1","ThirdEye+1"],"picked":"Singing Bowl","floor":35},{"not_picked":["JustLucky","Pray","Halt"],"picked":"Singing Bowl","floor":37},{"not_picked":["ClearTheMind","EmptyFist+1","SashWhip"],"picked":"Singing Bowl","floor":38},{"not_picked":["Vault","ThirdEye"],"picked":"TalkToTheHand+1","floor":41},{"not_picked":["SignatureMove","Prostrate","FollowUp+1"],"picked":"Singing Bowl","floor":42},{"not_picked":["ForeignInfluence","Crescendo+1","SashWhip"],"picked":"Singing Bowl","floor":45},{"not_picked":["FollowUp","CrushJoints","Prostrate"],"picked":"Singing Bowl","floor":46},{"not_picked":["BattleHymn+1","Indignation"],"picked":"Protect","floor":48},{"not_picked":["Halt","EmptyFist"],"picked":"InnerPeace","floor":55}],"player_experience":1948001,"relics_obtained":[{"floor":7,"key":"FossilizedHelix"},{"floor":9,"key":"Matryoshka"},{"floor":10,"key":"Whetstone"},{"floor":12,"key":"Akabeko"},{"floor":21,"key":"Nilry\u0027s Codex"},{"floor":24,"key":"Singing Bowl"},{"floor":26,"key":"Dodecahedron"},{"floor":26,"key":"Meat on the Bone"},{"floor":30,"key":"Pen Nib"},{"floor":30,"key":"Omamori"},{"floor":31,"key":"Bag of Preparation"},{"floor":41,"key":"Vajra"},{"floor":46,"key":"Thread and Needle"},{"floor":55,"key":"War Paint"}],"event_choices":[{"cards_removed":["Defend_P"],"damage_healed":0,"gold_gain":0,"player_choice":"Card Removal","damage_taken":7,"max_hp_gain":0,"max_hp_loss":0,"event_name":"Golden Wing","floor":2,"gold_loss":0},{"damage_healed":17,"gold_gain":0,"player_choice":"Healed","damage_taken":0,"max_hp_gain":0,"max_hp_loss":0,"event_name":"The Cleric","floor":5,"gold_loss":35},{"damage_healed":0,"gold_gain":0,"player_choice":"Obtained Book","damage_taken":21,"max_hp_gain":0,"max_hp_loss":0,"event_name":"Cursed Tome","floor":21,"gold_loss":0},{"damage_healed":0,"gold_gain":0,"player_choice":"Ignored","damage_taken":0,"max_hp_gain":0,"max_hp_loss":0,"event_name":"The Mausoleum","floor":22,"gold_loss":0},{"cards_removed":["Strike_P"],"damage_healed":0,"gold_gain":0,"player_choice":"Offered Basic","damage_taken":0,"max_hp_gain":0,"max_hp_loss":0,"event_name":"Bonfire Elementals","floor":39,"gold_loss":0}],"is_beta":true,"boss_relics":[{"not_picked":["Astrolabe","Ectoplasm"],"picked":"Snecko Eye"},{"not_picked":["Calling Bell","Fusion Hammer"],"picked":"Cursed Key"}],"items_purged_floors":[19],"is_endless":false,"potions_floor_spawned":[7,12,13,20,31,33,37,45,46],"killed_by":"The Heart","ascension_level":20}