{"gold_per_floor":[18,38,38,38,58,58,86,86,157,190,115,115,129,159,159,233,233,252,271,271,271,53,53,66,11,60,60,92,92,92],"floor_reached":30,"playtime":1509,"items_purged":["Strike_P"],"score":528,"play_id":"b5eaf005-415d-4507-b6dc-189ad1f77619","local_time":"20191027083750","is_ascension_mode":true,"campfire_choices":[{"data":"CrushJoints","floor":6.0,"key":"SMITH"},{"floor":8.0,"key":"REST"},{"data":"Protect","floor":15.0,"key":"SMITH"},{"data":"SignatureMove","floor":23,"key":"SMITH"},{"floor":27,"key":"REST"}],"neow_cost":"NO_GOLD","seed_source_timestamp":0,"circlet_count":0,"master_deck":["AscendersBane","Defend_P","Eruption","Vigilance+1","FlyingSleeves","CrushJoints+1","Protect+1","Halt","SignatureMove+1","ThirdEye+1","CutThroughFate","ConjureBlade","EmptyBody","LessonLearned","Sanctity","Consecrate+1","MentalFortress"],"special_seed":0,"relics":["PureWater","Juzu Bracelet","Sundial","Lantern","Art of War","Oddly Smooth Stone","Vajra","Bottled Lightning","Nloth\u0027s Gift"],"potions_floor_usage":[18,24,30],"damage_taken":[{"damage":0.0,"enemies":"2 Louse","floor":1.0,"turns":2.0},{"damage":0.0,"enemies":"Jaw Worm","floor":2.0,"turns":4.0},{"damage":0.0,"enemies":"Cultist","floor":5.0,"turns":2.0},{"damage":22.0,"enemies":"3 Sentries","floor":7.0,"turns":8.0},{"damage":19.0,"enemies":"Lagavulin","floor":10.0,"turns":5.0},{"damage":0.0,"enemies":"Large Slime","floor":13.0,"turns":3.0},{"damage":10.0,"enemies":"Gremlin Nob","floor":14.0,"turns":3.0},{"damage":19.0,"enemies":"The Guardian","floor":16.0,"turns":8.0},{"damage":24,"enemies":"Shell Parasite","floor":18,"turns":5},{"damage":0,"enemies":"Spheric Guardian","floor":19,"turns":1},{"damage":26,"enemies":"Shelled Parasite and Fungi","floor":24,"turns":5},{"damage":26,"enemies":"Gremlin Leader","floor":28,"turns":6},{"damage":43,"enemies":"Book of Stabbing","floor":30,"turns":5}],"seed_played":"1588591912085374465","potions_obtained":[{"floor":5.0,"key":"FairyPotion"},{"floor":7.0,"key":"LiquidMemories"},{"floor":14.0,"key":"Regen Potion"},{"floor":18,"key":"LiquidMemories"},{"floor":28,"key":"Swift Potion"}],"is_trial":false,"path_per_floor":["M","M","?","?","M","R","E","R","T","E","$","?","M","E","R","B",null,"M","M","?","?","$","R","M","?","T","R","E","?","E"],"character_chosen":"WATCHER","items_purchased":["LessonLearned","Sanctity"],"campfire_rested":2,"item_purchase_floors":[22,22],"current_hp_per_floor":[61,61,61,61,61,61,39,59,59,40,40,45,45,35,35,16,59,47,47,47,47,47,47,21,21,21,42,16,16,0],"gold":92,"neow_bonus":"REMOVE_TWO","is_prod":false,"is_daily":false,"chose_seed":false,"campfire_upgraded":3,"win_rate":0,"timestamp":1572165470,"path_taken":["M","M","?","?","M","R","E","R","T","E","$","?","M","E","R","BOSS","M","M","?","?","$","R","M","?","T","R","E","?","E"],"build_version":"2019-10-25-V3","purchased_purges":1,"victory":false,"max_hp_per_floor":[68,68,68,68,68,68,68,68,68,68,68,73,73,73,73,73,73,73,73,73,73,73,73,73,73,73,73,73,73,73],"card_choices":[{"not_picked":["JustLucky","Swivel"],"picked":"FlyingSleeves","floor":1.0},{"not_picked":["JustLucky","Protect"],"picked":"CrushJoints","floor":2.0},{"not_picked":["Pray","SashWhip"],"picked":"Protect","floor":5.0},{"not_picked":["SashWhip","PathToVictory"],"picked":"Halt","floor":7.0},{"not_picked":["PathToVictory","Worship"],"picked":"SignatureMove","floor":10.0},{"not_picked":["WheelKick","SignatureMove"],"picked":"ThirdEye","floor":13.0},{"not_picked":["DeusExMachina","BowlingBash"],"picked":"CutThroughFate","floor":14.0},{"not_picked":["Ragnarok","DevaForm"],"picked":"ConjureBlade","floor":16.0},{"not_picked":["Perseverance","SashWhip"],"picked":"EmptyBody","floor":18},{"not_picked":["Fasting2","EmptyMind","BattleHymn"],"picked":"SKIP","floor":19},{"not_picked":["Crescendo","Fasting2"],"picked":"Consecrate+1","floor":24},{"not_picked":["Weave","EmptyMind+1"],"picked":"MentalFortress","floor":28}],"player_experience":1961629,"relics_obtained":[{"floor":7.0,"key":"Juzu Bracelet"},{"floor":9.0,"key":"Sundial"},{"floor":10.0,"key":"Lantern"},{"floor":14.0,"key":"Art of War"},{"floor":26,"key":"Vajra"},{"floor":28,"key":"Bottled Lightning"}],"event_choices":[{"damage_healed":0.0,"max_hp_gain":0.0,"max_hp_loss":0.0,"gold_gain":0.0,"event_name":"The Cleric","player_choice":"Leave","floor":3.0,"gold_loss":0.0,"damage_taken":0.0},{"cards_removed":["Strike_P"],"damage_healed":0.0,"max_hp_gain":0.0,"max_hp_loss":0.0,"gold_gain":0.0,"event_name":"Purifier","player_choice":"Purged","floor":4.0,"gold_loss":0.0,"damage_taken":0.0},{"damage_healed":0.0,"max_hp_gain":5.0,"max_hp_loss":0.0,"gold_gain":0.0,"event_name":"Big Fish","player_choice":"Donut","floor":12.0,"gold_loss":0.0,"damage_taken":0.0},{"cards_removed":["Defend_P"],"damage_healed":0,"gold_gain":0,"player_choice":"Elegance","damage_taken":0,"max_hp_gain":0,"max_hp_loss":0,"event_name":"Back to Basics","floor":20,"gold_loss":0},{"damage_healed":0,"gold_gain":0,"player_choice":"Ignored","damage_taken":0,"max_hp_gain":0,"max_hp_loss":0,"event_name":"Vampires","floor":21,"gold_loss":0},{"damage_healed":0,"gold_gain":0,"player_choice":"Paid Gold","damage_taken":0,"relics_obtained":["Oddly Smooth Stone"],"max_hp_gain":0,"max_hp_loss":0,"event_name":"WeMeetAgain","floor":25,"gold_loss":55},{"damage_healed":0,"gold_gain":0,"player_choice":"Traded Relic","damage_taken":0,"relics_obtained":["Nloth\u0027s Gift"],"max_hp_gain":0,"max_hp_loss":0,"event_name":"N\u0027loth","floor":29,"relics_lost":["Empty Cage"],"gold_loss":0}],"is_beta":true,"boss_relics":[{"not_picked":["Coffee Dripper","Ectoplasm"],"picked":"Empty Cage"}],"items_purged_floors":[11],"is_endless":false,"potions_floor_spawned":[5,7,14,18,28],"killed_by":"Book of Stabbing","ascension_level":20}