{"gold_per_floor":[116,116,132,145,158,183,183,218,244,244,244,258,283,26,26,99,99,110,110,110,35,0],"floor_reached":22,"playtime":2437,"items_purged":["Strike_P"],"score":654,"play_id":"0440782d-2e1b-4c9f-87c0-f13158439aca","local_time":"20191030201115","is_ascension_mode":true,"campfire_choices":[{"floor":7,"key":"REST"},{"data":"EmptyFist","floor":11,"key":"SMITH"},{"data":"Consecrate","floor":15,"key":"SMITH"}],"neow_cost":"NONE","seed_source_timestamp":1797532642156000,"circlet_count":0,"master_deck":["AscendersBane","Strike_P+1","Strike_P+1","Defend_P+1","Defend_P+1","Defend_P+1","Defend_P+1","Eruption+1","Vigilance+1","BattleHymn","EmptyFist+1","Consecrate+1","LessonLearned+1","FlurryOfBlows","Protect+1","FearNoEvil","Tantrum","LikeWater","CutThroughFate","Establishment","ThirdEye+1"],"relics":["PureWater","Dream Catcher","Damaru","PreservedInsect","Juzu Bracelet","Bronze Scales","SlaversCollar"],"potions_floor_usage":[6,8,8,13,16,22],"damage_taken":[{"damage":4,"enemies":"Jaw Worm","floor":1,"turns":6},{"damage":0,"enemies":"Cultist","floor":3,"turns":2},{"damage":9,"enemies":"Small Slimes","floor":4,"turns":3},{"damage":18,"enemies":"Looter","floor":5,"turns":5},{"damage":0,"enemies":"Gremlin Nob","floor":6,"turns":3},{"damage":0,"enemies":"Lagavulin","floor":8,"turns":3},{"damage":12,"enemies":"3 Louse","floor":12,"turns":6},{"damage":0,"enemies":"Gremlin Nob","floor":13,"turns":2},{"damage":0,"enemies":"Slime Boss","floor":16,"turns":4},{"damage":65,"enemies":"Chosen","floor":18,"turns":4},{"damage":6,"enemies":"2 Thieves","floor":22,"turns":2}],"seed_played":"7617467274534521010","potions_obtained":[{"floor":0,"key":"BlessingOfTheForge"},{"floor":0,"key":"Explosive Potion"},{"floor":6,"key":"ColorlessPotion"},{"floor":8,"key":"BlessingOfTheForge"},{"floor":13,"key":"GamblersBrew"},{"floor":18,"key":"GamblersBrew"}],"is_trial":false,"path_per_floor":["M","?","M","M","M","E","R","E","T","?","R","M","E","$","R","B",null,"M","?","?","?","M"],"character_chosen":"WATCHER","items_purchased":["Bronze Scales","CutThroughFate"],"campfire_rested":1,"item_purchase_floors":[14,14],"current_hp_per_floor":[57,57,57,48,30,30,50,50,50,55,55,43,43,43,43,43,66,1,1,1,1,0],"gold":0,"neow_bonus":"THREE_SMALL_POTIONS","is_prod":false,"is_daily":false,"chose_seed":false,"campfire_upgraded":2,"win_rate":0,"timestamp":1572466275,"path_taken":["M","?","M","?","M","E","R","E","T","?","R","M","E","$","R","BOSS","M","?","?","?","M"],"build_version":"2019-10-29","purchased_purges":1,"victory":false,"max_hp_per_floor":[68,68,68,68,68,68,68,68,68,73,73,73,73,73,73,73,73,73,73,73,73,73],"card_choices":[{"not_picked":["JustLucky","FollowUp"],"picked":"BattleHymn","floor":1},{"not_picked":["CarveReality","Halt"],"picked":"Consecrate","floor":3},{"not_picked":["CrushJoints","SignatureMove"],"picked":"LessonLearned","floor":4},{"not_picked":["Evaluate","EmptyMind"],"picked":"FlurryOfBlows","floor":5},{"not_picked":["Vengeance","Alpha"],"picked":"Protect","floor":6},{"not_picked":["Protect","Prostrate"],"picked":"FearNoEvil","floor":7},{"not_picked":["Adaptation","WaveOfTheHand","FollowUp"],"picked":"SKIP","floor":8},{"not_picked":["Wireheading","Swivel"],"picked":"Tantrum","floor":12},{"not_picked":["ClearTheMind","JustLucky"],"picked":"LikeWater","floor":13},{"not_picked":["Judgement","Omniscience"],"picked":"Establishment","floor":16},{"not_picked":["ClearTheMind","Prostrate"],"picked":"ThirdEye+1","floor":18}],"player_experience":1976120,"relics_obtained":[{"floor":6,"key":"Dream Catcher"},{"floor":8,"key":"Damaru"},{"floor":9,"key":"PreservedInsect"},{"floor":13,"key":"Juzu Bracelet"}],"event_choices":[{"damage_healed":0,"gold_gain":0,"cards_transformed":["Strike_P"],"player_choice":"Transformed","damage_taken":0,"max_hp_gain":0,"max_hp_loss":0,"event_name":"Transmorgrifier","floor":2,"gold_loss":0,"cards_obtained":["EmptyFist"]},{"damage_healed":0,"gold_gain":0,"player_choice":"Donut","damage_taken":0,"max_hp_gain":5,"max_hp_loss":0,"event_name":"Big Fish","floor":10,"gold_loss":0},{"damage_healed":0,"gold_gain":0,"player_choice":"Smashed Altar","damage_taken":0,"max_hp_gain":0,"max_hp_loss":0,"event_name":"Forgotten Altar","floor":19,"gold_loss":0,"cards_obtained":["Decay"]},{"damage_healed":0,"gold_gain":0,"player_choice":"Simplicity","damage_taken":0,"max_hp_gain":0,"max_hp_loss":0,"event_name":"Back to Basics","floor":20,"gold_loss":0,"cards_upgraded":["Strike_P","Strike_P","Defend_P","Defend_P","Defend_P"]},{"cards_removed":["Decay"],"damage_healed":0,"gold_gain":0,"player_choice":"Gave Gold","damage_taken":0,"max_hp_gain":0,"max_hp_loss":0,"event_name":"Beggar","floor":21,"gold_loss":75}],"is_beta":true,"boss_relics":[{"not_picked":["Snecko Eye","Ectoplasm"],"picked":"SlaversCollar"}],"items_purged_floors":[14],"is_endless":false,"potions_floor_spawned":[4,5,6,8,13,18],"killed_by":"2 Thieves","ascension_level":20}