{"gold_per_floor":[362,20,34,47,65,65,94,94,119,145,172,189,189,18,18,92,92,92,72,72,16,16,16,16,16,16,16,16,16,16,16,16,16,16,16,16,16,16,16,16,16,16,16,16,16,16,16,16,16,16,16],"floor_reached":51,"playtime":4215,"items_purged":["Strike_P"],"score":1871,"play_id":"ec5fe62c-b232-46ce-9f99-3b082a50b4bf","local_time":"20191030003121","is_ascension_mode":true,"campfire_choices":[{"data":"EmptyFist","floor":6.0,"key":"SMITH"},{"data":"Eruption","floor":8.0,"key":"SMITH"},{"data":"Vigilance","floor":15.0,"key":"SMITH"},{"floor":23.0,"key":"REST"},{"data":"Ghostly","floor":25.0,"key":"SMITH"},{"data":"Ghostly","floor":28.0,"key":"SMITH"},{"data":"TalkToTheHand","floor":32.0,"key":"SMITH"},{"floor":40.0,"key":"DIG"},{"floor":44.0,"key":"RECALL"},{"floor":49.0,"key":"DIG"}],"neow_cost":"TEN_PERCENT_HP_LOSS","seed_source_timestamp":0,"circlet_count":0,"master_deck":["AscendersBane","Defend_P+1","Defend_P+1","Defend_P+1","Defend_P+1","Eruption+1","Vigilance+1","CrushJoints+1","EmptyFist+1","CutThroughFate+1","FearNoEvil+1","WheelKick+1","Devotion+1","EmptyBody","Meditate+1","Protect+1","Ghostly+1","Ghostly+1","Ghostly+1","TalkToTheHand+1","Study","ThirdEye+1","Ghostly+1","LikeWater+1"],"special_seed":0,"relics":["PureWater","Mummified Hand","Whetstone","Bronze Scales","Odd Mushroom","Damaru","Vajra","Ectoplasm","FossilizedHelix","Ornamental Fan","Meat on the Bone","Bag of Preparation","Empty Cage","Shovel","Bag of Marbles","Frozen Egg 2","CaptainsWheel","Blue Candle"],"potions_floor_usage":[51],"damage_taken":[{"damage":0.0,"enemies":"Cultist","floor":1.0,"turns":3.0},{"damage":1.0,"enemies":"Small Slimes","floor":3.0,"turns":4.0},{"damage":0.0,"enemies":"Jaw Worm","floor":4.0,"turns":3.0},{"damage":0.0,"enemies":"2 Fungi Beasts","floor":5.0,"turns":2.0},{"damage":0.0,"enemies":"Gremlin Nob","floor":7.0,"turns":2.0},{"damage":11.0,"enemies":"The Mushroom Lair","floor":10.0,"turns":3.0},{"damage":0.0,"enemies":"Lagavulin","floor":11.0,"turns":2.0},{"damage":10.0,"enemies":"Exordium Thugs","floor":12.0,"turns":2.0},{"damage":22.0,"enemies":"Hexaghost","floor":16.0,"turns":9.0},{"damage":24.0,"enemies":"Shell Parasite","floor":18.0,"turns":5.0},{"damage":0.0,"enemies":"2 Thieves","floor":19.0,"turns":2.0},{"damage":15.0,"enemies":"Centurion and Healer","floor":20.0,"turns":4.0},{"damage":0.0,"enemies":"Slavers","floor":24.0,"turns":5.0},{"damage":3.0,"enemies":"Book of Stabbing","floor":27.0,"turns":4.0},{"damage":4.0,"enemies":"Shelled Parasite and Fungi","floor":29.0,"turns":7.0},{"damage":12.0,"enemies":"Slavers","floor":30.0,"turns":6.0},{"damage":0.0,"enemies":"3 Cultists","floor":31.0,"turns":4.0},{"damage":0.0,"enemies":"Champ","floor":33.0,"turns":8.0},{"damage":0.0,"enemies":"3 Shapes","floor":35.0,"turns":4.0},{"damage":0.0,"enemies":"2 Orb Walkers","floor":36.0,"turns":5.0},{"damage":0.0,"enemies":"Nemesis","floor":41.0,"turns":7.0},{"damage":0.0,"enemies":"3 Darklings","floor":42.0,"turns":5.0},{"damage":0.0,"enemies":"Giant Head","floor":45.0,"turns":8.0},{"damage":0.0,"enemies":"4 Shapes","floor":46.0,"turns":10.0},{"damage":0.0,"enemies":"Spire Growth","floor":47.0,"turns":5.0},{"damage":25.0,"enemies":"Donu and Deca","floor":50.0,"turns":14.0},{"damage":22,"enemies":"Time Eater","floor":51,"turns":13}],"seed_played":"-868682413847984452","potions_obtained":[{"floor":4.0,"key":"Strength Potion"},{"floor":5.0,"key":"PowerPotion"},{"floor":10.0,"key":"FearPotion"},{"floor":12.0,"key":"BlessingOfTheForge"},{"floor":16.0,"key":"PowerPotion"},{"floor":19.0,"key":"ColorlessPotion"},{"floor":20.0,"key":"SteroidPotion"},{"floor":31.0,"key":"Weak Potion"},{"floor":33.0,"key":"EssenceOfSteel"}],"is_trial":false,"path_per_floor":["M","$","M","M","M","R","E","R","T","?","E","M","?","$","R","B",null,"M","M","M","$","?","R","E","R","T","E","R","M","E","M","R","B",null,"M","?","$","?","?","R","E","M","T","R","E","M","M","?","R","B","B"],"character_chosen":"WATCHER","items_purchased":["Mummified Hand","Vajra","Explosive Potion"],"campfire_rested":1,"item_purchase_floors":[2,14,21],"current_hp_per_floor":[61,61,60,60,60,60,60,60,60,49,49,39,39,39,39,17,51,27,27,12,12,12,21,21,21,21,18,18,26,26,26,26,26,30,30,30,30,30,30,30,30,30,30,30,30,30,30,29,29,16,0],"gold":16,"neow_bonus":"TWO_FIFTY_GOLD","is_prod":false,"is_daily":false,"chose_seed":false,"campfire_upgraded":6,"win_rate":0,"timestamp":1572395481,"path_taken":["M","$","?","M","M","R","E","R","T","?","E","M","?","$","R","BOSS","M","M","M","?","?","R","E","R","T","E","R","M","E","M","R","BOSS","M","?","?","?","?","R","E","?","T","R","E","M","M","?","R","BOSS","BOSS"],"build_version":"2019-10-29","purchased_purges":1,"victory":false,"max_hp_per_floor":[62,62,62,62,62,62,62,62,62,62,62,62,62,62,62,62,62,62,62,62,62,31,31,31,31,31,31,31,31,31,31,31,31,31,31,31,31,31,31,31,31,31,31,31,31,31,31,29,29,29,29],"card_choices":[{"not_picked":["FlyingSleeves","FollowUp"],"picked":"CrushJoints","floor":1.0},{"not_picked":["Halt","ClearTheMind"],"picked":"EmptyFist","floor":3.0},{"not_picked":["EmptyBody","Evaluate"],"picked":"CutThroughFate","floor":4.0},{"not_picked":["PathToVictory","Perseverance"],"picked":"FearNoEvil","floor":5.0},{"not_picked":["EmptyBody","Collect"],"picked":"WheelKick","floor":7.0},{"not_picked":["FearNoEvil","EmptyMind"],"picked":"LessonLearned","floor":11.0},{"not_picked":["BattleHymn","Crescendo","Halt"],"picked":"SKIP","floor":12.0},{"not_picked":["LessonLearned","Wish"],"picked":"Devotion","floor":16.0},{"not_picked":["FlurryOfBlows","Halt+1"],"picked":"EmptyBody","floor":18.0},{"not_picked":["SashWhip","ForeignInfluence"],"picked":"Meditate+1","floor":19.0},{"not_picked":["Sanctity","FearNoEvil"],"picked":"Protect+1","floor":20.0},{"not_picked":["CutThroughFate","ConjureBlade","CrushJoints"],"picked":"SKIP","floor":24.0},{"not_picked":["FollowUp","PathToVictory","Conclude"],"picked":"SKIP","floor":27.0},{"not_picked":["Vengeance","Fasting2","FollowUp"],"picked":"SKIP","floor":29.0},{"not_picked":["Judgement","DeusExMachina","JustLucky"],"picked":"SKIP","floor":30.0},{"not_picked":["CrushJoints","BowlingBash"],"picked":"TalkToTheHand","floor":31.0},{"not_picked":["Evaluate","FlurryOfBlows"],"picked":"Study","floor":35.0},{"not_picked":["SashWhip","ForeignInfluence"],"picked":"ThirdEye+1","floor":36.0},{"not_picked":["PathToVictory","Weave","BattleHymn"],"picked":"SKIP","floor":41.0},{"not_picked":["PathToVictory","CrushJoints+1"],"picked":"LikeWater+1","floor":42.0},{"not_picked":["DeusExMachina","Protect","SashWhip+1"],"picked":"SKIP","floor":45.0},{"not_picked":["CrushJoints","Protect+1","Establishment+1"],"picked":"SKIP","floor":46.0},{"not_picked":["DeceiveReality","BowlingBash","CrushJoints+1"],"picked":"SKIP","floor":47.0}],"player_experience":1970680,"relics_obtained":[{"floor":7.0,"key":"Whetstone"},{"floor":9.0,"key":"Bronze Scales"},{"floor":10.0,"key":"Odd Mushroom"},{"floor":11.0,"key":"Damaru"},{"floor":24.0,"key":"FossilizedHelix"},{"floor":26.0,"key":"Ornamental Fan"},{"floor":27.0,"key":"Meat on the Bone"},{"floor":30.0,"key":"Bag of Preparation"},{"floor":36.0,"key":"Shovel"},{"floor":40.0,"key":"Bag of Marbles"},{"floor":41.0,"key":"Frozen Egg 2"},{"floor":45.0,"key":"CaptainsWheel"},{"floor":49.0,"key":"Blue Candle"}],"event_choices":[{"damage_healed":0.0,"max_hp_gain":0.0,"max_hp_loss":0.0,"gold_gain":0.0,"event_name":"Mushrooms","player_choice":"Fought Mushrooms","floor":10.0,"gold_loss":0.0,"damage_taken":0.0},{"cards_removed":["Strike_P"],"damage_healed":0.0,"max_hp_gain":0.0,"max_hp_loss":0.0,"gold_gain":0.0,"event_name":"Bonfire Elementals","player_choice":"Offered Basic","floor":13.0,"gold_loss":0.0,"damage_taken":0.0},{"damage_healed":0.0,"max_hp_gain":0.0,"max_hp_loss":31.0,"gold_gain":0.0,"event_name":"Ghosts","player_choice":"Became a Ghost","floor":22.0,"gold_loss":0.0,"damage_taken":0.0,"cards_obtained":["Ghostly","Ghostly","Ghostly"]},{"damage_healed":0.0,"max_hp_gain":0.0,"max_hp_loss":0.0,"gold_gain":0.0,"event_name":"Mysterious Sphere","player_choice":"Fight","floor":36.0,"gold_loss":0.0,"damage_taken":0.0},{"cards_removed":["Strike_P"],"damage_healed":0.0,"max_hp_gain":0.0,"max_hp_loss":0.0,"gold_gain":0.0,"event_name":"Falling","player_choice":"Removed Attack","floor":38.0,"gold_loss":0.0,"damage_taken":0.0},{"damage_healed":0.0,"max_hp_gain":0.0,"max_hp_loss":0.0,"gold_gain":0.0,"event_name":"Duplicator","player_choice":"Copied","floor":39.0,"gold_loss":0.0,"damage_taken":0.0,"cards_obtained":["Ghostly"]},{"damage_healed":0.0,"max_hp_gain":0.0,"max_hp_loss":2.0,"gold_gain":0.0,"event_name":"Winding Halls","player_choice":"Max HP","floor":48.0,"gold_loss":0.0,"damage_taken":0.0}],"is_beta":true,"boss_relics":[{"not_picked":["Runic Dome","Philosopher\u0027s Stone"],"picked":"Ectoplasm"},{"not_picked":["Pandora\u0027s Box","Tiny House"],"picked":"Empty Cage"}],"items_purged_floors":[2],"is_endless":false,"potions_floor_spawned":[4,5,10,12,16,19,20,31,33,35,46,47],"killed_by":"Time Eater","ascension_level":20}