{"gold_per_floor":[117,132,207,227,28,118,118,147,224,278,317,317,317,361,361,361],"floor_reached":16,"playtime":781,"items_purged":[],"score":290,"play_id":"ecf2b924-5deb-4893-a376-67cb094656b4","local_time":"20191031233859","is_ascension_mode":true,"campfire_choices":[{"floor":7.0,"key":"REST"},{"floor":12,"key":"REST"},{"data":"TalkToTheHand","floor":15,"key":"SMITH"}],"neow_cost":"NONE","seed_source_timestamp":1898029352550900,"circlet_count":0,"master_deck":["AscendersBane","Strike_P","Strike_P","Strike_P","Strike_P","Defend_P","Defend_P","Defend_P","Defend_P","Eruption+1","Vigilance","EmptyFist","CutThroughFate","Tantrum","Wish","TalkToTheHand+1","EmptyBody","Brilliance"],"special_seed":0,"relics":["PureWater","Damaru","Dead Branch","PreservedInsect","Kunai","Bag of Preparation"],"potions_floor_usage":[8],"damage_taken":[{"damage":1.0,"enemies":"2 Louse","floor":1.0,"turns":3.0},{"damage":13.0,"enemies":"Small Slimes","floor":2.0,"turns":5.0},{"damage":0.0,"enemies":"Cultist","floor":4.0,"turns":3.0},{"damage":2.0,"enemies":"3 Sentries","floor":6.0,"turns":5.0},{"damage":0,"enemies":"Gremlin Nob","floor":8,"turns":2},{"damage":11,"enemies":"3 Sentries","floor":10,"turns":5},{"damage":35,"enemies":"Exordium Thugs","floor":11,"turns":6},{"damage":3,"enemies":"Large Slime","floor":14,"turns":4},{"damage":30,"enemies":"The Guardian","floor":16,"turns":2}],"seed_played":"7343968498237214955","potions_obtained":[{"floor":1.0,"key":"LiquidMemories"},{"floor":4.0,"key":"ColorlessPotion"},{"floor":6.0,"key":"Strength Potion"}],"is_trial":false,"path_per_floor":["M","M","?","M","$","E","R","E","T","E","M","R","?","M","R","B"],"character_chosen":"WATCHER","items_purchased":["Tantrum","Damaru"],"campfire_rested":2,"item_purchase_floors":[5,5],"current_hp_per_floor":[60,47,36,36,36,34,54,54,54,43,8,28,28,25,25,0],"gold":361,"neow_bonus":"UPGRADE_CARD","is_prod":false,"is_daily":false,"chose_seed":false,"campfire_upgraded":1,"win_rate":0,"timestamp":1572565139,"path_taken":["M","M","?","M","$","E","R","E","T","E","M","R","?","M","R","BOSS"],"build_version":"2019-10-31","purchased_purges":0,"victory":false,"max_hp_per_floor":[68,68,68,68,68,68,68,68,68,68,68,68,68,68,68,68],"card_choices":[{"not_picked":["BattleHymn","FearNoEvil"],"picked":"EmptyFist","floor":1.0},{"not_picked":["Protect","ThirdEye"],"picked":"CutThroughFate","floor":2.0},{"not_picked":["Evaluate","WreathOfFlame","Collect"],"picked":"SKIP","floor":4.0},{"not_picked":["Collect","ThirdEye","JustLucky"],"picked":"SKIP","floor":6.0},{"not_picked":["WreathOfFlame","SashWhip"],"picked":"Wish","floor":8},{"not_picked":["CrushJoints","PathToVictory"],"picked":"TalkToTheHand","floor":10},{"not_picked":["CutThroughFate","ClearTheMind"],"picked":"EmptyBody","floor":11},{"not_picked":["ThirdEye","EmptyFist"],"picked":"Brilliance","floor":14}],"player_experience":1982505,"relics_obtained":[{"floor":6.0,"key":"Dead Branch"},{"floor":8,"key":"PreservedInsect"},{"floor":9,"key":"Kunai"},{"floor":10,"key":"Bag of Preparation"}],"event_choices":[{"damage_healed":0.0,"max_hp_gain":0.0,"max_hp_loss":0.0,"gold_gain":75.0,"event_name":"World of Goop","player_choice":"Gather Gold","floor":3.0,"gold_loss":0.0,"damage_taken":11.0},{"damage_healed":0,"gold_gain":0,"player_choice":"Ignored","damage_taken":0,"max_hp_gain":0,"max_hp_loss":0,"event_name":"Liars Game","floor":13,"gold_loss":0}],"is_beta":true,"boss_relics":[],"items_purged_floors":[],"is_endless":false,"potions_floor_spawned":[1,4,6],"killed_by":"The Guardian","ascension_level":20}