{"gold_per_floor":[211,50,50,67,67,94,94,122,122,134,134,152,152,152,152,228,228,238,218,234,248,248],"floor_reached":22,"playtime":1120,"items_purged":["Strike_P"],"score":388,"play_id":"58fac02b-2fd2-4ec7-b148-6a4ac58bd494","local_time":"20191028002151","is_ascension_mode":true,"campfire_choices":[{"floor":7.0,"key":"REST"},{"data":"Consecrate","floor":11.0,"key":"SMITH"},{"floor":15.0,"key":"REST"}],"neow_cost":"NONE","seed_source_timestamp":1554649996409400,"circlet_count":0,"master_deck":["AscendersBane","Strike_P","Strike_P","Strike_P","Defend_P","Defend_P","Defend_P","Defend_P","Eruption","Vigilance","Tantrum","ReachHeaven","Consecrate+1","Evaluate","ClearTheMind","MasterReality","Evaluate","Wallop+1","Evaluate+1"],"special_seed":0,"relics":["PureWater","Matryoshka","StrikeDummy","Mummified Hand","Sundial","PreservedInsect","Molten Egg 2","Black Star"],"potions_floor_usage":[20,22],"damage_taken":[{"damage":7.0,"enemies":"2 Louse","floor":1.0,"turns":3.0},{"damage":4.0,"enemies":"Jaw Worm","floor":4.0,"turns":2.0},{"damage":22.0,"enemies":"Gremlin Nob","floor":6.0,"turns":3.0},{"damage":27.0,"enemies":"3 Sentries","floor":8.0,"turns":6.0},{"damage":0.0,"enemies":"Cultist","floor":10.0,"turns":2.0},{"damage":10.0,"enemies":"3 Louse","floor":12.0,"turns":2.0},{"damage":14.0,"enemies":"Hexaghost","floor":16.0,"turns":7.0},{"damage":17.0,"enemies":"Spheric Guardian","floor":18.0,"turns":5.0},{"damage":15,"enemies":"2 Thieves","floor":20,"turns":4},{"damage":25,"enemies":"Centurion and Healer","floor":21,"turns":6},{"damage":20,"enemies":"Snecko","floor":22,"turns":3}],"seed_played":"8053072137997060233","potions_obtained":[{"floor":1.0,"key":"Strength Potion"},{"floor":10.0,"key":"LiquidBronze"},{"floor":19.0,"key":"SpeedPotion"},{"floor":21,"key":"Weak Potion"}],"is_trial":false,"path_per_floor":["M","$","?","M","?","E","R","E","T","M","R","M","?","T","R","B",null,"M","?","M","M","M"],"character_chosen":"WATCHER","items_purchased":["ReachHeaven"],"campfire_rested":2,"item_purchase_floors":[2],"current_hp_per_floor":[54,54,59,55,55,33,54,27,27,27,27,17,6,6,27,13,58,41,41,26,1,0],"gold":248,"neow_bonus":"HUNDRED_GOLD","is_prod":false,"is_daily":false,"chose_seed":false,"campfire_upgraded":1,"win_rate":0,"timestamp":1572222111,"path_taken":["M","$","?","M","?","E","R","E","T","?","R","M","?","?","R","BOSS","M","?","M","?","M"],"build_version":"2019-10-25-V3","purchased_purges":1,"victory":false,"max_hp_per_floor":[68,68,73,73,73,73,73,73,73,73,73,73,73,73,73,73,73,73,73,73,73,73],"card_choices":[{"not_picked":["BattleHymn","ThirdEye"],"picked":"Tantrum","floor":1.0},{"not_picked":["BattleHymn","BowlingBash"],"picked":"Consecrate","floor":4.0},{"not_picked":["Collect","WreathOfFlame","JustLucky"],"picked":"SKIP","floor":6.0},{"not_picked":["Brilliance","BowlingBash"],"picked":"Evaluate","floor":8.0},{"not_picked":["EmptyMind","Weave","Tantrum"],"picked":"SKIP","floor":10.0},{"not_picked":["Evaluate","Prostrate"],"picked":"ClearTheMind","floor":12.0},{"not_picked":["Omniscience","DeusExMachina"],"picked":"MasterReality","floor":16.0},{"not_picked":["Halt","CutThroughFate+1"],"picked":"Evaluate","floor":18.0},{"not_picked":["Halt","CarveReality+1"],"picked":"Wallop+1","floor":20},{"not_picked":["FlyingSleeves+1","Nirvana"],"picked":"Evaluate+1","floor":21}],"player_experience":1969560,"relics_obtained":[{"floor":6.0,"key":"Matryoshka"},{"floor":8.0,"key":"StrikeDummy"},{"floor":9.0,"key":"Mummified Hand"},{"floor":9.0,"key":"Sundial"},{"floor":14.0,"key":"PreservedInsect"},{"floor":14.0,"key":"Molten Egg 2"}],"event_choices":[{"damage_healed":0.0,"max_hp_gain":5.0,"max_hp_loss":0.0,"gold_gain":0.0,"event_name":"Big Fish","player_choice":"Donut","floor":3.0,"gold_loss":0.0,"damage_taken":0.0},{"damage_healed":0.0,"max_hp_gain":0.0,"max_hp_loss":0.0,"gold_gain":0.0,"event_name":"Liars Game","player_choice":"Ignored","floor":5.0,"gold_loss":0.0,"damage_taken":0.0},{"damage_healed":0.0,"max_hp_gain":0.0,"max_hp_loss":0.0,"gold_gain":0.0,"event_name":"Scrap Ooze","player_choice":"Fled","floor":13.0,"gold_loss":0.0,"damage_taken":11.0},{"damage_healed":0.0,"max_hp_gain":0.0,"max_hp_loss":0.0,"gold_gain":0.0,"event_name":"The Woman in Blue","player_choice":"Bought 1 Potion","floor":19.0,"gold_loss":0.0,"damage_taken":0.0}],"is_beta":true,"boss_relics":[{"not_picked":["Tiny House","Astrolabe"],"picked":"Black Star"}],"items_purged_floors":[2],"is_endless":false,"potions_floor_spawned":[1,10,21],"killed_by":"Snecko","ascension_level":20}