{"gold_per_floor":[110,125,139,139,151,151,180,180,180,200,215,215,250,250,250,326,326,345,363,70,70,81,81,99,99,146,146,246,246,246,246,246,320,320,340,340,340,358,358,378,407,407,432,484,504,239,239,267,267,267,267,267,267,1,33,33],"floor_reached":56,"playtime":6422,"items_purged":["Strike_P","Strike_P+1"],"score":1876,"play_id":"23d6d078-478d-4bd2-a39a-a895a32bce98","local_time":"20191027104506","is_ascension_mode":true,"campfire_choices":[{"floor":6.0,"key":"REST"},{"floor":8.0,"key":"REST"},{"data":"WindmillStrike","floor":15,"key":"SMITH"},{"data":"Establishment","floor":23,"key":"SMITH"},{"data":"EmptyFist","floor":25,"key":"SMITH"},{"floor":27,"key":"REST"},{"floor":32,"key":"REST"},{"floor":42,"key":"REST"},{"floor":49,"key":"RECALL"},{"floor":53,"key":"REST"}],"neow_cost":"NONE","seed_source_timestamp":1500256899859500,"circlet_count":0,"master_deck":["AscendersBane","Strike_P+1","Defend_P+1","Defend_P+1","Defend_P+1","Defend_P+1","Eruption+1","Vigilance","Protect","SignatureMove+1","Crescendo","Meditate+1","Meditate+1","CutThroughFate","WindmillStrike+1","Establishment+1","EmptyFist+1","Protect+1","EmptyBody+1","Protect+1","ConjureBlade+1","CurseOfTheBell","Evaluate+1","Dark Shackles+1","FlurryOfBlows","Tantrum","Perseverance+1","LikeWater","LikeWater+1"],"special_seed":0,"relics":["PureWater","Toxic Egg 2","InkBottle","Mummified Hand","Pocketwatch","VioletLotus","Whetstone","Juzu Bracelet","Du-Vu Doll","Matryoshka","Dream Catcher","Kunai","Calling Bell","Boot","Sundial","Incense Burner","Letter Opener","Art of War","CloakClasp","Lee\u0027s Waffle","Mercury Hourglass","Medical Kit","GoldenEye"],"potions_floor_usage":[10,13,16,28,48,55,56],"damage_taken":[{"damage":0.0,"enemies":"Cultist","floor":1.0,"turns":4.0},{"damage":0.0,"enemies":"Jaw Worm","floor":2.0,"turns":3.0},{"damage":1.0,"enemies":"2 Louse","floor":3.0,"turns":6.0},{"damage":0.0,"enemies":"Large Slime","floor":5.0,"turns":6.0},{"damage":16.0,"enemies":"Gremlin Nob","floor":7.0,"turns":3.0},{"damage":6,"enemies":"3 Louse","floor":10,"turns":4},{"damage":1,"enemies":"Looter","floor":11,"turns":2},{"damage":2,"enemies":"3 Sentries","floor":13,"turns":4},{"damage":27,"enemies":"Hexaghost","floor":16,"turns":9},{"damage":4,"enemies":"Chosen","floor":18,"turns":4},{"damage":18,"enemies":"3 Byrds","floor":19,"turns":5},{"damage":1,"enemies":"Centurion and Healer","floor":22,"turns":4},{"damage":3,"enemies":"3 Cultists","floor":24,"turns":4},{"damage":14,"enemies":"Colosseum Slavers","floor":28,"turns":3},{"damage":16,"enemies":"Colosseum Nobs","floor":28,"turns":5},{"damage":0,"enemies":"Champ","floor":33,"turns":14},{"damage":8,"enemies":"3 Darklings","floor":35,"turns":4},{"damage":0,"enemies":"3 Shapes","floor":38,"turns":5},{"damage":19,"enemies":"Transient","floor":40,"turns":6},{"damage":2,"enemies":"Nemesis","floor":41,"turns":10},{"damage":14,"enemies":"2 Orb Walkers","floor":44,"turns":3},{"damage":10,"enemies":"Jaw Worm Horde","floor":45,"turns":4},{"damage":32,"enemies":"Reptomancer","floor":48,"turns":8},{"damage":14,"enemies":"Donu and Deca","floor":50,"turns":8},{"damage":5,"enemies":"Awakened One","floor":51,"turns":16},{"damage":42,"enemies":"Shield and Spear","floor":55,"turns":11},{"damage":55,"enemies":"The Heart","floor":56,"turns":6}],"seed_played":"-5758103151272254127","potions_obtained":[{"floor":2.0,"key":"LiquidMemories"},{"floor":7.0,"key":"PowerPotion"},{"floor":10,"key":"DistilledChaos"},{"floor":11,"key":"PowerPotion"},{"floor":19,"key":"Energy Potion"},{"floor":24,"key":"Fire Potion"},{"floor":38,"key":"Ambrosia"}],"is_trial":false,"path_per_floor":["M","M","M","?","M","R","E","R","T","M","M","?","E","?","R","B",null,"M","M","$","?","M","R","M","R","T","R","?","?","?","T","R","B",null,"M","?","?","M","?","M","E","R","T","?","M","$","?","E","R","B","B",null,"R","$","E","B"],"character_chosen":"WATCHER","items_purchased":["Whetstone","FearPotion","Lee\u0027s Waffle","LikeWater","Medical Kit","Swift Potion"],"campfire_rested":6,"item_purchase_floors":[20,20,46,54,54,54],"current_hp_per_floor":[61,61,60,34,34,54,38,58,58,52,51,56,54,54,54,27,62,58,40,40,40,39,39,36,36,36,57,27,27,27,27,48,48,67,59,59,59,59,59,40,38,58,58,44,34,76,76,44,44,30,25,63,76,76,34,0],"gold":33,"neow_bonus":"REMOVE_CARD","is_prod":false,"is_daily":false,"chose_seed":false,"campfire_upgraded":3,"win_rate":0,"timestamp":1572173106,"path_taken":["M","M","?","?","M","R","E","R","T","M","M","?","E","?","R","BOSS","M","M","$","?","M","R","M","R","T","R","?","?","?","?","R","BOSS","M","?","?","M","?","M","E","R","T","?","M","$","?","E","R","BOSS","BOSS","R","$","E","BOSS"],"build_version":"2019-10-25-V3","purchased_purges":2,"victory":false,"max_hp_per_floor":[68,68,68,68,68,68,68,68,68,68,68,73,73,73,73,73,73,73,73,73,73,73,73,73,73,73,73,73,73,73,73,73,73,73,73,73,69,69,69,69,69,69,69,69,69,76,76,76,76,76,76,76,76,76,76,76],"card_choices":[{"not_picked":["Crescendo","Halt"],"picked":"Protect","floor":1.0},{"not_picked":["EmptyFist","ThirdEye"],"picked":"SignatureMove","floor":2.0},{"not_picked":["ClearTheMind","EmptyBody"],"picked":"Crescendo","floor":3.0},{"not_picked":["Tantrum","Prostrate+1"],"picked":"Meditate+1","floor":5.0},{"not_picked":["PathToVictory+1","ClearTheMind+1"],"picked":"Meditate+1","floor":7.0},{"not_picked":["ClearTheMind+1","Nirvana","JustLucky"],"picked":"SKIP","floor":10},{"not_picked":["Consecrate","FlurryOfBlows"],"picked":"CutThroughFate","floor":11},{"not_picked":["ReachHeaven","Pray+1"],"picked":"WindmillStrike","floor":13},{"not_picked":["Wish+1","Scrawl+1"],"picked":"Establishment","floor":16},{"not_picked":["SignatureMove","CutThroughFate"],"picked":"EmptyFist","floor":18},{"not_picked":["EmptyFist","InnerPeace+1"],"picked":"Protect+1","floor":19},{"not_picked":["WindmillStrike","CrushJoints","CarveReality"],"picked":"SKIP","floor":22},{"not_picked":["PathToVictory+1","TalkToTheHand"],"picked":"EmptyBody+1","floor":24},{"not_picked":["FlurryOfBlows","CrushJoints"],"picked":"Protect+1","floor":32},{"not_picked":["Scrawl+1","Wish+1"],"picked":"ConjureBlade+1","floor":33},{"not_picked":["PathToVictory+1","WindmillStrike"],"picked":"Evaluate+1","floor":35},{"not_picked":["Panache","Mind Blast"],"picked":"Dark Shackles+1","floor":36},{"not_picked":["Crescendo+1","Halt+1","SashWhip"],"picked":"SKIP","floor":38},{"not_picked":["Protect+1","EmptyBody+1","FlyingSleeves"],"picked":"SKIP","floor":40},{"not_picked":["WaveOfTheHand+1","PathToVictory+1"],"picked":"FlurryOfBlows","floor":41},{"not_picked":["CrushJoints","SashWhip+1"],"picked":"Tantrum","floor":42},{"not_picked":["Evaluate+1","Protect+1","Wireheading"],"picked":"SKIP","floor":45},{"not_picked":["CrushJoints","CutThroughFate","Devotion"],"picked":"SKIP","floor":48},{"not_picked":["Meditate+1","ThirdEye+1"],"picked":"Perseverance+1","floor":53},{"not_picked":["BattleHymn","Protect+1"],"picked":"LikeWater+1","floor":55}],"player_experience":1963138,"relics_obtained":[{"floor":7.0,"key":"InkBottle"},{"floor":9.0,"key":"Mummified Hand"},{"floor":13,"key":"Pocketwatch"},{"floor":26,"key":"Juzu Bracelet"},{"floor":28,"key":"Du-Vu Doll"},{"floor":28,"key":"Matryoshka"},{"floor":31,"key":"Dream Catcher"},{"floor":31,"key":"Kunai"},{"floor":34,"key":"Boot"},{"floor":34,"key":"Sundial"},{"floor":34,"key":"Incense Burner"},{"floor":41,"key":"Letter Opener"},{"floor":43,"key":"Art of War"},{"floor":44,"key":"CloakClasp"},{"floor":48,"key":"Mercury Hourglass"},{"floor":55,"key":"GoldenEye"}],"event_choices":[{"damage_healed":0.0,"max_hp_gain":0.0,"max_hp_loss":0.0,"gold_gain":0.0,"event_name":"Scrap Ooze","player_choice":"Success","floor":4.0,"gold_loss":0.0,"damage_taken":26.0,"relics_obtained":["Toxic Egg 2"]},{"damage_healed":0,"gold_gain":0,"player_choice":"Donut","damage_taken":0,"max_hp_gain":5,"max_hp_loss":0,"event_name":"Big Fish","floor":12,"gold_loss":0},{"damage_healed":0,"gold_gain":0,"player_choice":"Ignored","damage_taken":0,"max_hp_gain":0,"max_hp_loss":0,"event_name":"Liars Game","floor":14,"gold_loss":0},{"damage_healed":0,"gold_gain":0,"player_choice":"Simplicity","damage_taken":0,"max_hp_gain":0,"max_hp_loss":0,"event_name":"Back to Basics","floor":21,"gold_loss":0,"cards_upgraded":["Strike_P","Strike_P","Defend_P","Defend_P","Defend_P","Defend_P"]},{"damage_healed":0,"gold_gain":0,"player_choice":"Fight","damage_taken":0,"max_hp_gain":0,"max_hp_loss":0,"event_name":"Colosseum","floor":28,"gold_loss":0},{"damage_healed":0,"gold_gain":0,"player_choice":"Fought Nobs","damage_taken":0,"max_hp_gain":0,"max_hp_loss":0,"event_name":"Colosseum","floor":28,"gold_loss":0},{"damage_healed":0,"gold_gain":0,"player_choice":"Ignored","damage_taken":0,"max_hp_gain":0,"max_hp_loss":0,"event_name":"Ghosts","floor":29,"gold_loss":0},{"damage_healed":0,"gold_gain":0,"player_choice":"Ignored","damage_taken":0,"max_hp_gain":0,"max_hp_loss":0,"event_name":"The Mausoleum","floor":30,"gold_loss":0},{"damage_healed":0,"gold_gain":0,"player_choice":"Memory 1","damage_taken":0,"max_hp_gain":0,"max_hp_loss":0,"event_name":"SensoryStone","floor":36,"gold_loss":0},{"damage_healed":0,"gold_gain":0,"player_choice":"Max HP","damage_taken":0,"max_hp_gain":0,"max_hp_loss":4,"event_name":"Winding Halls","floor":37,"gold_loss":0},{"damage_healed":0,"gold_gain":0,"player_choice":"Ignored","damage_taken":0,"max_hp_gain":0,"max_hp_loss":0,"event_name":"Tomb of Lord Red Mask","floor":39,"gold_loss":0},{"damage_healed":0,"gold_gain":0,"player_choice":"Fight","damage_taken":0,"max_hp_gain":0,"max_hp_loss":0,"event_name":"Mysterious Sphere","floor":44,"gold_loss":0},{"damage_healed":0,"gold_gain":0,"player_choice":"Full Heal","damage_taken":0,"max_hp_gain":0,"max_hp_loss":0,"event_name":"Wheel of Change","floor":47,"gold_loss":0}],"is_beta":true,"boss_relics":[{"not_picked":["Tiny House","Snecko Eye"],"picked":"VioletLotus"},{"not_picked":["Astrolabe","Busted Crown"],"picked":"Calling Bell"}],"items_purged_floors":[20,46],"is_endless":false,"potions_floor_spawned":[2,7,10,11,19,24,28,38,44,45],"killed_by":"The Heart","ascension_level":20}