{"gold_per_floor":[111,131,131,147,160,188,188,188,188,18,18,43,43,43,43,116,116,159,159,194,204,104,104,104,132,132,132,52,52,52,69,69,147,147,166,166,166,166,261,319,319,361,385,458,529,554],"floor_reached":46,"playtime":3948,"items_purged":["Strike_P","Strike_P"],"score":1102,"play_id":"f7171aab-2013-4c3c-b8ce-f1172049977e","local_time":"20191030214938","is_ascension_mode":true,"campfire_choices":[{"data":"CrushJoints","floor":8,"key":"SMITH"},{"data":"Pain","floor":15,"key":"PURGE"},{"data":"TalkToTheHand","floor":23,"key":"SMITH"},{"data":"Strike_P","floor":27,"key":"PURGE"},{"floor":29,"key":"REST"},{"floor":32,"key":"REST"},{"floor":41,"key":"REST"}],"neow_cost":"NONE","seed_source_timestamp":1801923739045800,"circlet_count":0,"master_deck":["AscendersBane","Defend_P","Defend_P","Defend_P","Eruption","Vigilance","BattleHymn","Protect","SandsOfTime","CrushJoints+1","Finesse","Wish","Conclude+1","TalkToTheHand+1","Wish","CutThroughFate","EmptyBody+1"],"relics":["PureWater","White Beast Statue","Peace Pipe","CloakClasp","TungstenRod","Strawberry","WarpedTongs","SacredBark","Potion Belt","GoldenEye","Nilry\u0027s Codex","SlaversCollar","Singing Bowl","PreservedInsect"],"potions_floor_usage":[6,12,18,25,33,33,33,39,40,44,44],"damage_taken":[{"damage":6,"enemies":"Cultist","floor":1,"turns":4},{"damage":4,"enemies":"Small Slimes","floor":2,"turns":3},{"damage":3,"enemies":"2 Louse","floor":4,"turns":2},{"damage":6,"enemies":"2 Fungi Beasts","floor":5,"turns":3},{"damage":0,"enemies":"Lagavulin","floor":6,"turns":4},{"damage":7,"enemies":"3 Sentries","floor":12,"turns":6},{"damage":4,"enemies":"Hexaghost","floor":16,"turns":7},{"damage":7,"enemies":"2 Thieves","floor":18,"turns":5},{"damage":7,"enemies":"Spheric Guardian","floor":20,"turns":6},{"damage":17,"enemies":"Snake Plant","floor":21,"turns":4},{"damage":7,"enemies":"Book of Stabbing","floor":25,"turns":5},{"damage":0,"enemies":"Snecko","floor":31,"turns":4},{"damage":23,"enemies":"Automaton","floor":33,"turns":9},{"damage":15,"enemies":"Orb Walker","floor":35,"turns":5},{"damage":2,"enemies":"3 Shapes","floor":39,"turns":17},{"damage":41,"enemies":"Giant Head","floor":40,"turns":8},{"damage":19,"enemies":"Sphere and 2 Shapes","floor":42,"turns":13},{"damage":45,"enemies":"Writhing Mass","floor":44,"turns":10},{"damage":42,"enemies":"Maw","floor":45,"turns":8},{"damage":21,"enemies":"Spire Growth","floor":46,"turns":3}],"seed_played":"-3283744954683738528","potions_obtained":[{"floor":1,"key":"EssenceOfSteel"},{"floor":4,"key":"BottledMiracle"},{"floor":5,"key":"Fire Potion"},{"floor":6,"key":"Strength Potion"},{"floor":12,"key":"Weak Potion"},{"floor":16,"key":"SteroidPotion"},{"floor":18,"key":"Fire Potion"},{"floor":20,"key":"DuplicationPotion"},{"floor":25,"key":"BlessingOfTheForge"},{"floor":31,"key":"CultistPotion"},{"floor":33,"key":"FairyPotion"},{"floor":35,"key":"BottledMiracle"},{"floor":39,"key":"Swift Potion"},{"floor":40,"key":"StancePotion"},{"floor":42,"key":"EssenceOfSteel"},{"floor":44,"key":"Swift Potion"},{"floor":45,"key":"StancePotion"}],"is_trial":false,"path_per_floor":["M","M","?","M","M","E","$","R","T","$","?","E","?","?","R","B",null,"M","?","M","M","$","R","?","E","T","R","$","R","?","M","R","B",null,"M","?","?","?","M","E","R","M","T","M","M","M"],"character_chosen":"WATCHER","items_purchased":["Finesse","LiquidMemories"],"campfire_rested":3,"item_purchase_floors":[10,28],"current_hp_per_floor":[61,57,57,54,48,48,48,48,48,48,53,46,49,49,49,45,76,69,69,62,45,45,45,21,14,14,14,14,41,24,24,51,28,75,60,60,60,60,58,17,44,27,27,57,17,0],"gold":554,"neow_bonus":"TEN_PERCENT_HP_BONUS","is_prod":false,"is_daily":false,"chose_seed":false,"campfire_upgraded":2,"win_rate":0,"timestamp":1572472178,"path_taken":["M","M","?","M","?","E","?","R","T","$","?","E","?","?","R","BOSS","M","?","M","?","$","R","?","E","T","R","?","R","?","M","R","BOSS","M","?","?","?","M","E","R","M","T","M","?","M"],"build_version":"2019-10-30","purchased_purges":2,"victory":false,"max_hp_per_floor":[74,74,74,74,74,74,74,74,74,74,79,79,86,86,86,86,86,86,86,86,86,86,86,91,91,91,91,91,91,91,91,91,91,91,91,91,91,91,91,91,91,93,93,95,97,97],"card_choices":[{"not_picked":["Worship","Swivel"],"picked":"BattleHymn","floor":1},{"not_picked":["ThirdEye","SashWhip"],"picked":"Protect","floor":2},{"not_picked":["Sanctity","EmptyFist"],"picked":"SandsOfTime","floor":4},{"not_picked":["DeusExMachina","SashWhip","Crescendo"],"picked":"SKIP","floor":5},{"not_picked":["EmptyBody","InnerPeace"],"picked":"CrushJoints","floor":6},{"not_picked":["Vengeance","Protect","InnerPeace"],"picked":"SKIP","floor":12},{"not_picked":["DevaForm","ConjureBlade"],"picked":"Wish","floor":16},{"not_picked":["CrushJoints","WindmillStrike+1"],"picked":"Conclude","floor":18},{"not_picked":["FlurryOfBlows","Study+1","Tantrum"],"picked":"SKIP","floor":20},{"not_picked":["Protect","WreathOfFlame"],"picked":"TalkToTheHand","floor":21},{"not_picked":["ClearTheMind","Wireheading","SandsOfTime"],"picked":"SKIP","floor":25},{"not_picked":["ClearTheMind","Meditate","DeceiveReality"],"picked":"SKIP","floor":31},{"not_picked":["Judgement","ConjureBlade"],"picked":"Wish","floor":33},{"not_picked":["EmptyFist+1","Consecrate"],"picked":"CutThroughFate","floor":35},{"not_picked":["EmptyFist","ClearTheMind","CrushJoints+1"],"picked":"SKIP","floor":39},{"not_picked":["ClearTheMind","Conclude"],"picked":"EmptyBody+1","floor":40},{"not_picked":["Adaptation","Halt","EmptyFist"],"picked":"Singing Bowl","floor":42},{"not_picked":["ClearTheMind","CutThroughFate+1","WaveOfTheHand"],"picked":"Singing Bowl","floor":44},{"not_picked":["BattleHymn","Nirvana","Indignation+1"],"picked":"Singing Bowl","floor":45}],"player_experience":1978557,"relics_obtained":[{"floor":6,"key":"Peace Pipe"},{"floor":9,"key":"CloakClasp"},{"floor":12,"key":"TungstenRod"},{"floor":25,"key":"Potion Belt"},{"floor":26,"key":"GoldenEye"},{"floor":30,"key":"Nilry\u0027s Codex"},{"floor":40,"key":"Singing Bowl"},{"floor":43,"key":"PreservedInsect"}],"event_choices":[{"damage_healed":0,"gold_gain":0,"player_choice":"Gave Potion","damage_taken":0,"relics_obtained":["White Beast Statue"],"max_hp_gain":0,"max_hp_loss":0,"event_name":"WeMeetAgain","floor":3,"gold_loss":0},{"damage_healed":0,"gold_gain":0,"player_choice":"Donut","damage_taken":0,"max_hp_gain":5,"max_hp_loss":0,"event_name":"Big Fish","floor":11,"gold_loss":0},{"damage_healed":0,"gold_gain":0,"player_choice":"Success","damage_taken":5,"relics_obtained":["Strawberry"],"max_hp_gain":0,"max_hp_loss":0,"event_name":"Scrap Ooze","floor":13,"gold_loss":0},{"damage_healed":0,"gold_gain":0,"player_choice":"Rummage","damage_taken":0,"relics_obtained":["WarpedTongs"],"max_hp_gain":0,"max_hp_loss":0,"event_name":"Accursed Blacksmith","floor":14,"gold_loss":0,"cards_obtained":["Pain"]},{"damage_healed":0,"gold_gain":0,"player_choice":"Upgraded","damage_taken":0,"max_hp_gain":0,"max_hp_loss":0,"event_name":"Upgrade Shrine","floor":19,"gold_loss":0,"cards_upgraded":["Conclude"]},{"damage_healed":0,"gold_gain":0,"player_choice":"Shed Blood","damage_taken":30,"max_hp_gain":5,"max_hp_loss":0,"event_name":"Forgotten Altar","floor":24,"gold_loss":0},{"damage_healed":0,"gold_gain":0,"player_choice":"Obtained Book","damage_taken":21,"max_hp_gain":0,"max_hp_loss":0,"event_name":"Cursed Tome","floor":30,"gold_loss":0},{"cards_removed":["Defend_P"],"damage_healed":0,"gold_gain":0,"player_choice":"Removed Skill","damage_taken":0,"max_hp_gain":0,"max_hp_loss":0,"event_name":"Falling","floor":36,"gold_loss":0},{"damage_healed":0,"gold_gain":0,"player_choice":"Ignored","damage_taken":0,"max_hp_gain":0,"max_hp_loss":0,"event_name":"Tomb of Lord Red Mask","floor":37,"gold_loss":0},{"cards_removed":["Strike_P"],"damage_healed":0,"gold_gain":0,"player_choice":"Purged","damage_taken":0,"max_hp_gain":0,"max_hp_loss":0,"event_name":"Purifier","floor":38,"gold_loss":0}],"is_beta":true,"boss_relics":[{"not_picked":["Pandora\u0027s Box","Coffee Dripper"],"picked":"SacredBark"},{"not_picked":["Philosopher\u0027s Stone","Runic Pyramid"],"picked":"SlaversCollar"}],"items_purged_floors":[10,22],"is_endless":false,"potions_floor_spawned":[1,4,5,6,12,16,18,20,21,25,31,33,35,39,40,42,44,45],"killed_by":"Spire Growth","ascension_level":20}