{"gold_per_floor":[117,133,133,8,8,8,48,48,75,75,116,116,135,148,148,148],"floor_reached":16,"playtime":522,"items_purged":["Strike_P"],"score":316,"play_id":"fcfc89cb-f014-49b9-a56c-975c899a8e74","local_time":"20191109004557","is_ascension_mode":true,"campfire_choices":[{"data":"FlurryOfBlows","floor":6.0,"key":"SMITH"},{"floor":8.0,"key":"REST"},{"floor":12.0,"key":"REST"},{"data":"Consecrate","floor":15,"key":"SMITH"}],"neow_cost":"NONE","seed_source_timestamp":2593517985068000,"circlet_count":0,"master_deck":["AscendersBane","Strike_P+1","Strike_P","Strike_P+1","Defend_P","Defend_P","Defend_P+1","Defend_P","Eruption","Vigilance","Wallop+1","Tantrum","FlurryOfBlows+1","MasterReality","Protect","Consecrate+1"],"special_seed":0,"relics":["PureWater","NeowsBlessing","Golden Idol","Mummified Hand","Whetstone","Smiling Mask"],"potions_floor_usage":[16,16],"damage_taken":[{"damage":0.0,"enemies":"Cultist","floor":1.0,"turns":1.0},{"damage":0.0,"enemies":"Small Slimes","floor":2.0,"turns":1.0},{"damage":0.0,"enemies":"Gremlin Nob","floor":7.0,"turns":1.0},{"damage":0.0,"enemies":"Lagavulin","floor":11.0,"turns":3.0},{"damage":0,"enemies":"Jaw Worm","floor":13,"turns":3},{"damage":0,"enemies":"3 Louse","floor":14,"turns":3},{"damage":26,"enemies":"Hexaghost","floor":16,"turns":9}],"seed_played":"-4571191104689250750","potions_obtained":[{"floor":2.0,"key":"Strength Potion"},{"floor":11.0,"key":"LiquidMemories"},{"floor":13,"key":"Fire Potion"}],"is_trial":false,"path_per_floor":["M","M","?","$","?","R","E","R","T","?","E","R","M","M","R","B"],"character_chosen":"WATCHER","items_purchased":["FlurryOfBlows"],"campfire_rested":2,"item_purchase_floors":[4],"current_hp_per_floor":[61,61,41,41,18,18,18,38,38,3,3,23,23,23,23,0],"gold":148,"neow_bonus":"THREE_ENEMY_KILL","is_prod":false,"is_daily":false,"chose_seed":false,"campfire_upgraded":2,"win_rate":0,"timestamp":1573260357,"path_taken":["M","?","?","?","?","R","E","R","T","?","E","R","M","M","R","BOSS"],"build_version":"2019-11-08","purchased_purges":1,"victory":false,"max_hp_per_floor":[68,68,68,68,68,68,68,68,68,68,68,68,68,68,68,68],"card_choices":[{"not_picked":["JustLucky","EmptyFist"],"picked":"Wallop","floor":1.0},{"not_picked":["Wireheading","Protect"],"picked":"Tantrum","floor":2.0},{"not_picked":["CarveReality","BattleHymn"],"picked":"MasterReality","floor":7.0},{"not_picked":["Indignation","CutThroughFate"],"picked":"Protect","floor":11.0},{"not_picked":["PathToVictory","Prostrate","Halt"],"picked":"SKIP","floor":13},{"not_picked":["CutThroughFate","Halt"],"picked":"Consecrate","floor":14}],"player_experience":1985166,"relics_obtained":[{"floor":7.0,"key":"Mummified Hand"},{"floor":9.0,"key":"Whetstone"},{"floor":11.0,"key":"Smiling Mask"}],"event_choices":[{"damage_healed":0.0,"max_hp_gain":0.0,"max_hp_loss":0.0,"gold_gain":0.0,"event_name":"Shining Light","player_choice":"Entered Light","floor":3.0,"gold_loss":0.0,"damage_taken":20.0,"cards_upgraded":["Defend_P","Wallop"]},{"damage_healed":0.0,"max_hp_gain":0.0,"max_hp_loss":0.0,"gold_gain":0.0,"event_name":"Golden Idol","player_choice":"Take Damage","floor":5.0,"gold_loss":0.0,"damage_taken":23.0,"relics_obtained":["Golden Idol"]},{"damage_healed":0.0,"max_hp_gain":0.0,"max_hp_loss":0.0,"gold_gain":0.0,"event_name":"Scrap Ooze","player_choice":"Fled","floor":10.0,"gold_loss":0.0,"damage_taken":35.0}],"is_beta":true,"boss_relics":[],"items_purged_floors":[4],"is_endless":false,"potions_floor_spawned":[2,11,13],"killed_by":"Hexaghost","ascension_level":20}