{"gold_per_floor":[117,267,286,54,70,70,102,119,194,194,204,204,219,247,247,334,361,388,414,329,347,356,398,398,433,433,474,474,474,111,123,123,204,204,228,250,250,250],"floor_reached":38,"playtime":3797,"items_purged":["Doubt","Judgement+1"],"score":934,"play_id":"5c0dc027-afe9-4a60-ba5c-add02926a781","local_time":"20200119190149","is_ascension_mode":true,"campfire_choices":[{"data":"BowlingBash","floor":6.0,"key":"SMITH"},{"data":"Blasphemy","floor":10.0,"key":"SMITH"},{"data":"Consecrate","floor":15.0,"key":"SMITH"},{"floor":24.0,"key":"DIG"},{"data":"Tantrum","floor":29,"key":"SMITH"},{"floor":32,"key":"DIG"}],"neow_cost":"NONE","seed_source_timestamp":399697656739100,"circlet_count":0,"master_deck":["AscendersBane","Defend_P+1","Defend_P+1","Eruption","Vigilance","LikeWater","BowlingBash+1","Blasphemy+1","Consecrate+1","Tantrum+1","Brilliance","SashWhip+1","WreathOfFlame+1","SignatureMove+1","Prostrate","Consecrate+1","Conclude","Prostrate+1","Vault+1","Worship+1","ThirdEye+1","Devotion","Halt+1","FearNoEvil+1"],"special_seed":0,"relics":["PureWater","Sling","Shovel","Mercury Hourglass","CeramicFish","Astrolabe","Toxic Egg 2","Pen Nib","Letter Opener","Mummified Hand","Bottled Lightning","Eternal Feather","Damaru","VioletLotus"],"potions_floor_usage":[33,33],"damage_taken":[{"damage":6.0,"enemies":"Small Slimes","floor":1.0,"turns":4.0},{"damage":12.0,"enemies":"2 Louse","floor":3.0,"turns":3.0},{"damage":0.0,"enemies":"Cultist","floor":5.0,"turns":2.0},{"damage":2.0,"enemies":"3 Sentries","floor":7.0,"turns":7.0},{"damage":0.0,"enemies":"Exordium Thugs","floor":8.0,"turns":1.0},{"damage":4.0,"enemies":"Exordium Wildlife","floor":11.0,"turns":2.0},{"damage":0.0,"enemies":"3 Louse","floor":13.0,"turns":2.0},{"damage":7.0,"enemies":"Lagavulin","floor":14.0,"turns":3.0},{"damage":30.0,"enemies":"Slime Boss","floor":16.0,"turns":6.0},{"damage":0.0,"enemies":"Spheric Guardian","floor":18.0,"turns":1.0},{"damage":2.0,"enemies":"3 Byrds","floor":19.0,"turns":2.0},{"damage":10.0,"enemies":"Book of Stabbing","floor":23.0,"turns":2.0},{"damage":10.0,"enemies":"Gremlin Leader","floor":25.0,"turns":4.0},{"damage":12,"enemies":"Book of Stabbing","floor":27,"turns":3},{"damage":0,"enemies":"Cultist and Chosen","floor":31,"turns":2},{"damage":24,"enemies":"Collector","floor":33,"turns":6},{"damage":36,"enemies":"3 Shapes","floor":35,"turns":5},{"damage":0,"enemies":"Orb Walker","floor":36,"turns":2},{"damage":63,"enemies":"Transient","floor":38,"turns":5}],"seed_played":"3404463945303088102","potions_obtained":[{"floor":1.0,"key":"SpeedPotion"},{"floor":5.0,"key":"DistilledChaos"},{"floor":7.0,"key":"Weak Potion"},{"floor":18.0,"key":"Strength Potion"},{"floor":31,"key":"Strength Potion"},{"floor":36,"key":"BlessingOfTheForge"},{"floor":37,"key":"CultistPotion"}],"is_trial":false,"path_per_floor":["M","?","M","$","M","R","E","M","T","R","M","?","M","E","R","B",null,"M","M","?","?","?","E","R","E","T","E","?","R","$","M","R","B",null,"M","M","?","M"],"character_chosen":"WATCHER","items_purchased":["Sling","Eternal Feather"],"campfire_rested":0,"item_purchase_floors":[4,30],"current_hp_per_floor":[61,61,49,49,49,49,47,47,47,47,43,43,43,36,36,6,57,57,55,55,55,55,45,45,35,35,23,23,23,23,23,35,11,58,22,22,22,0],"gold":250,"neow_bonus":"TEN_PERCENT_HP_BONUS","is_prod":false,"is_daily":false,"chose_seed":false,"campfire_upgraded":4,"win_rate":0,"timestamp":1579460509,"path_taken":["M","?","M","$","M","R","E","M","T","R","M","?","M","E","R","BOSS","M","?","?","?","?","E","R","E","T","E","?","R","$","M","R","BOSS","M","M","?","?"],"build_version":"2020-01-16","purchased_purges":2,"victory":false,"max_hp_per_floor":[74,74,74,74,74,74,74,74,74,74,74,74,74,74,74,74,74,74,74,74,74,74,74,74,74,74,74,74,74,74,74,74,74,74,74,74,74,74],"card_choices":[{"not_picked":["DeceiveReality","Sanctity"],"picked":"LikeWater","floor":1.0},{"not_picked":["Halt","JustLucky"],"picked":"BowlingBash","floor":3.0},{"not_picked":["Evaluate","Worship","Perseverance"],"picked":"SKIP","floor":5.0},{"not_picked":["Fasting2","Crescendo"],"picked":"Blasphemy","floor":7.0},{"not_picked":["Crescendo","EmptyMind"],"picked":"Consecrate","floor":8.0},{"not_picked":["CrushJoints","FlyingSleeves","BowlingBash"],"picked":"SKIP","floor":11.0},{"not_picked":["WindmillStrike","ThirdEye"],"picked":"Tantrum","floor":13.0},{"not_picked":["Swivel","Vengeance","Fasting2"],"picked":"SKIP","floor":14.0},{"not_picked":["Vault","Alpha"],"picked":"Brilliance","floor":16.0},{"not_picked":["Sanctity","BowlingBash"],"picked":"Prostrate","floor":18.0},{"not_picked":["Crescendo","CarveReality"],"picked":"Consecrate+1","floor":19.0},{"not_picked":["SashWhip","CrushJoints"],"picked":"Vault+1","floor":23.0},{"not_picked":["PathToVictory+1","Halt+1"],"picked":"Worship+1","floor":25.0},{"not_picked":["TalkToTheHand","BowlingBash"],"picked":"ThirdEye+1","floor":27},{"not_picked":["Consecrate","SignatureMove+1","CutThroughFate"],"picked":"SKIP","floor":31},{"not_picked":["DevaForm","Judgement+1"],"picked":"Devotion","floor":33},{"not_picked":["FlyingSleeves","Crescendo+1"],"picked":"Halt+1","floor":35},{"not_picked":["SignatureMove","Adaptation"],"picked":"FearNoEvil+1","floor":36}],"player_experience":2004027,"relics_obtained":[{"floor":7.0,"key":"Shovel"},{"floor":9.0,"key":"Mercury Hourglass"},{"floor":14.0,"key":"CeramicFish"},{"floor":23.0,"key":"Pen Nib"},{"floor":24.0,"key":"Letter Opener"},{"floor":25.0,"key":"Mummified Hand"},{"floor":27,"key":"Bottled Lightning"},{"floor":32,"key":"Damaru"}],"event_choices":[{"damage_healed":0.0,"max_hp_gain":0.0,"max_hp_loss":0.0,"gold_gain":150.0,"event_name":"Liars Game","player_choice":"AGREE","floor":2.0,"gold_loss":0.0,"damage_taken":0.0,"cards_obtained":["Doubt"]},{"cards_removed":["Strike_P"],"damage_healed":0.0,"max_hp_gain":0.0,"max_hp_loss":0.0,"gold_gain":0.0,"event_name":"Bonfire Elementals","player_choice":"Offered Basic","floor":12.0,"gold_loss":0.0,"damage_taken":0.0},{"damage_healed":0.0,"max_hp_gain":0.0,"max_hp_loss":0.0,"gold_gain":0.0,"event_name":"Addict","player_choice":"Obtained Relic","floor":20.0,"gold_loss":85.0,"damage_taken":0.0,"relics_obtained":["Toxic Egg 2"]},{"damage_healed":0.0,"max_hp_gain":0.0,"max_hp_loss":0.0,"gold_gain":0.0,"cards_transformed":["Strike_P","Defend_P"],"event_name":"Drug Dealer","player_choice":"Became Test Subject","floor":21.0,"gold_loss":0.0,"damage_taken":0.0,"cards_obtained":["Judgement","Conclude"]},{"damage_healed":0.0,"max_hp_gain":0.0,"max_hp_loss":0.0,"gold_gain":0.0,"event_name":"The Library","player_choice":"Read","floor":22.0,"gold_loss":0.0,"damage_taken":0.0,"cards_obtained":["Prostrate"]},{"damage_healed":0,"gold_gain":0,"player_choice":"Simplicity","damage_taken":0,"max_hp_gain":0,"max_hp_loss":0,"event_name":"Back to Basics","floor":28,"gold_loss":0,"cards_upgraded":["Defend_P","Defend_P"]},{"damage_healed":0,"gold_gain":0,"player_choice":"Got Potions","damage_taken":0,"max_hp_gain":0,"max_hp_loss":0,"event_name":"Lab","floor":37,"gold_loss":0}],"is_beta":true,"boss_relics":[{"not_picked":["Ectoplasm","Empty Cage"],"picked":"Astrolabe"},{"not_picked":["Sozu","Coffee Dripper"],"picked":"VioletLotus"}],"items_purged_floors":[4,30],"is_endless":false,"potions_floor_spawned":[1,5,7,18,19,31,36],"killed_by":"Transient","ascension_level":20}