{"gold_per_floor":[10,29,49,49,49,49,76,94,94,94,106,106,137,154,154,154],"floor_reached":16,"playtime":1070,"items_purged":[],"score":274,"play_id":"0f407e0b-ee4d-40e2-8baa-c59b5626c90e","local_time":"20200121003211","is_ascension_mode":true,"campfire_choices":[{"data":"ConjureBlade","floor":6,"key":"SMITH"},{"data":"SashWhip","floor":10,"key":"SMITH"},{"data":"EmptyBody","floor":12,"key":"SMITH"},{"data":"Vigilance","floor":15,"key":"SMITH"}],"neow_cost":"NO_GOLD","seed_source_timestamp":508782420474400,"circlet_count":0,"master_deck":["AscendersBane","Strike_P","Strike_P","Strike_P","Defend_P","Defend_P","Defend_P","Defend_P","Eruption","Vigilance+1","ConjureBlade+1","SashWhip+1","CutThroughFate","Protect","DevaForm","EmptyBody+1"],"relics":["PureWater","Ornamental Fan","Matryoshka","Mummified Hand","Mercury Hourglass","Tiny Chest"],"potions_floor_usage":[13,13],"damage_taken":[{"damage":0,"enemies":"2 Louse","floor":1,"turns":4},{"damage":9,"enemies":"Small Slimes","floor":2,"turns":5},{"damage":0,"enemies":"Cultist","floor":3,"turns":2},{"damage":0,"enemies":"Lagavulin","floor":7,"turns":4},{"damage":7,"enemies":"2 Fungi Beasts","floor":8,"turns":4},{"damage":0,"enemies":"3 Louse","floor":11,"turns":3},{"damage":12,"enemies":"Gremlin Nob","floor":13,"turns":3},{"damage":3,"enemies":"Blue Slaver","floor":14,"turns":4},{"damage":20,"enemies":"Hexaghost","floor":16,"turns":9}],"seed_played":"-8898202116861702142","potions_obtained":[{"floor":2,"key":"Ambrosia"},{"floor":8,"key":"DuplicationPotion"}],"is_trial":false,"path_per_floor":["M","M","M","?","?","R","E","M","T","R","M","R","E","M","R","B"],"character_chosen":"WATCHER","items_purchased":[],"campfire_rested":0,"item_purchase_floors":[],"current_hp_per_floor":[61,52,52,41,41,41,41,34,34,34,34,34,22,19,19,0],"gold":154,"neow_bonus":"THREE_RARE_CARDS","is_prod":false,"is_daily":false,"chose_seed":false,"campfire_upgraded":4,"win_rate":0,"timestamp":1579566731,"path_taken":["M","M","M","?","?","R","E","?","T","R","M","R","E","M","R","BOSS"],"build_version":"2020-01-16","purchased_purges":0,"victory":false,"max_hp_per_floor":[68,68,68,68,68,68,68,68,68,68,68,68,68,68,68,68],"card_choices":[{"not_picked":["Wish","Vault"],"picked":"ConjureBlade","floor":0},{"not_picked":["Crescendo","WaveOfTheHand"],"picked":"SashWhip","floor":1},{"not_picked":["FollowUp","WreathOfFlame"],"picked":"CutThroughFate","floor":2},{"not_picked":["SashWhip","CrushJoints"],"picked":"Protect","floor":3},{"not_picked":["SashWhip","ThirdEye","Weave"],"picked":"SKIP","floor":7},{"not_picked":["Consecrate","FlurryOfBlows","EmptyBody"],"picked":"SKIP","floor":8},{"not_picked":["Ragnarok","Swivel"],"picked":"EmptyBody","floor":11},{"not_picked":["FollowUp","FlyingSleeves","Protect"],"picked":"SKIP","floor":13},{"not_picked":["Vengeance","PathToVictory","Evaluate"],"picked":"SKIP","floor":14}],"player_experience":2014321,"relics_obtained":[{"floor":7,"key":"Matryoshka"},{"floor":9,"key":"Mummified Hand"},{"floor":9,"key":"Mercury Hourglass"},{"floor":13,"key":"Tiny Chest"}],"event_choices":[{"damage_healed":0,"gold_gain":0,"player_choice":"Success","damage_taken":11,"relics_obtained":["Ornamental Fan"],"max_hp_gain":0,"max_hp_loss":0,"event_name":"Scrap Ooze","floor":4,"gold_loss":0},{"damage_healed":0,"gold_gain":0,"cards_transformed":["Strike_P"],"player_choice":"Transformed","damage_taken":0,"max_hp_gain":0,"max_hp_loss":0,"event_name":"Transmorgrifier","floor":5,"gold_loss":0,"cards_obtained":["DevaForm"]}],"is_beta":true,"boss_relics":[],"items_purged_floors":[],"is_endless":false,"potions_floor_spawned":[2,8,11],"killed_by":"Hexaghost","ascension_level":20}