{"gold_per_floor":[116,127,141,141,97,128,139,139,139,139,158,158,13,42,42,116,116,96,142,142,152,152],"floor_reached":22,"playtime":3704,"items_purged":[],"score":396,"play_id":"bbe1c433-0c57-4afc-a8cc-8edbed4d81f7","local_time":"20200117224144","is_ascension_mode":true,"campfire_choices":[{"floor":12,"key":"REST"},{"data":"FlyingSleeves","floor":15,"key":"SMITH"}],"neow_cost":"NONE","seed_source_timestamp":240318348916300,"circlet_count":0,"master_deck":["AscendersBane","Strike_P","Defend_P","Defend_P","Defend_P","Eruption","Vigilance","Prostrate","SashWhip+1","FlyingSleeves+1","FlurryOfBlows","InnerPeace","LikeWater","LikeWater","Devotion+1","Perseverance+1","Wish+1","Adaptation+1","FearNoEvil"],"relics":["PureWater","Mercury Hourglass","Singing Bowl","Question Card","Astrolabe"],"potions_floor_usage":[2,6,14,18,21],"damage_taken":[{"damage":4,"enemies":"Small Slimes","floor":1,"turns":3},{"damage":2,"enemies":"Jaw Worm","floor":2,"turns":5},{"damage":0,"enemies":"2 Louse","floor":3,"turns":3},{"damage":10,"enemies":"Exordium Thugs","floor":5,"turns":5},{"damage":26,"enemies":"Gremlin Nob","floor":6,"turns":4},{"damage":0,"enemies":"2 Fungi Beasts","floor":7,"turns":2},{"damage":0,"enemies":"Lots of Slimes","floor":11,"turns":3},{"damage":5,"enemies":"3 Sentries","floor":14,"turns":6},{"damage":28,"enemies":"The Guardian","floor":16,"turns":15},{"damage":13,"enemies":"2 Thieves","floor":18,"turns":4},{"damage":16,"enemies":"Shell Parasite","floor":19,"turns":5},{"damage":2,"enemies":"Cultist and Chosen","floor":21,"turns":6},{"damage":35,"enemies":"3 Cultists","floor":22,"turns":4}],"seed_played":"-3236366285416757740","potions_obtained":[{"floor":1,"key":"ColorlessPotion"},{"floor":3,"key":"Ancient Potion"},{"floor":6,"key":"BottledMiracle"},{"floor":19,"key":"Block Potion"},{"floor":21,"key":"Strength Potion"}],"is_trial":false,"path_per_floor":["M","M","M","?","M","E","M","?","T","?","M","R","$","E","R","B",null,"M","M","?","M","M"],"character_chosen":"WATCHER","items_purchased":["LikeWater","Fire Potion"],"campfire_rested":1,"item_purchase_floors":[13,13],"current_hp_per_floor":[63,61,61,54,44,18,18,18,18,18,20,42,42,39,39,11,61,50,34,34,34,0],"gold":152,"neow_bonus":"TEN_PERCENT_HP_BONUS","is_prod":false,"is_daily":false,"chose_seed":false,"campfire_upgraded":1,"win_rate":0,"timestamp":1579300904,"path_taken":["M","M","M","?","M","E","M","?","T","?","?","R","$","E","R","BOSS","M","M","?","?","M"],"build_version":"2020-01-16","purchased_purges":0,"victory":false,"max_hp_per_floor":[74,74,74,74,74,74,74,74,74,74,76,76,76,78,78,78,78,80,80,80,82,82],"card_choices":[{"not_picked":["DeceiveReality","Worship"],"picked":"Prostrate","floor":1},{"not_picked":["Halt","Wireheading"],"picked":"SashWhip","floor":2},{"not_picked":["WreathOfFlame","Pray"],"picked":"FlyingSleeves","floor":3},{"not_picked":["Adaptation","WindmillStrike"],"picked":"FlurryOfBlows","floor":5},{"not_picked":["FlyingSleeves","Protect"],"picked":"InnerPeace","floor":6},{"not_picked":["Nirvana","Worship"],"picked":"LikeWater","floor":7},{"not_picked":["Protect","CrushJoints","ClearTheMind"],"picked":"Singing Bowl","floor":11},{"not_picked":["SashWhip","MasterReality","CutThroughFate"],"picked":"Singing Bowl","floor":14},{"not_picked":["Wish","DeusExMachina","Vault"],"picked":"Devotion","floor":16},{"not_picked":["ClearTheMind","Meditate","FlurryOfBlows","ThirdEye"],"picked":"Singing Bowl","floor":18},{"not_picked":["ReachHeaven","EmptyBody","FlyingSleeves+1"],"picked":"FearNoEvil","floor":19},{"not_picked":["Meditate","CarveReality","SashWhip+1","EmptyFist"],"picked":"Singing Bowl","floor":21}],"player_experience":1985688,"relics_obtained":[{"floor":6,"key":"Mercury Hourglass"},{"floor":9,"key":"Singing Bowl"},{"floor":14,"key":"Question Card"}],"event_choices":[{"cards_removed":["Strike_P"],"damage_healed":0,"gold_gain":0,"player_choice":"Card Removal","damage_taken":7,"max_hp_gain":0,"max_hp_loss":0,"event_name":"Golden Wing","floor":4,"gold_loss":0},{"damage_healed":0,"gold_gain":0,"player_choice":"Ignored","damage_taken":0,"max_hp_gain":0,"max_hp_loss":0,"event_name":"Shining Light","floor":8,"gold_loss":0},{"damage_healed":0,"gold_gain":0,"player_choice":"Grow","damage_taken":0,"max_hp_gain":0,"max_hp_loss":0,"event_name":"Living Wall","floor":10,"gold_loss":0,"cards_upgraded":["SashWhip"]},{"damage_healed":0,"gold_gain":0,"player_choice":"Upgraded","damage_taken":0,"max_hp_gain":0,"max_hp_loss":0,"event_name":"Upgrade Shrine","floor":20,"gold_loss":0,"cards_upgraded":["Devotion"]}],"is_beta":true,"boss_relics":[{"not_picked":["Pandora\u0027s Box","Empty Cage"],"picked":"Astrolabe"}],"items_purged_floors":[],"is_endless":false,"potions_floor_spawned":[1,3,6,19,21],"killed_by":"3 Cultists","ascension_level":20}