{"gold_per_floor":[117,117,130,142,62,62,95,95,177,227,245,257,288,300,300,377,377,390,390,88,136,147,174,200,227,227,242,251,17,32,63,63,63],"floor_reached":33,"playtime":2498,"items_purged":["Decay"],"score":784,"play_id":"7ed392ff-ecad-453d-96b2-afcaff4a9a55","local_time":"20200119120156","is_ascension_mode":true,"campfire_choices":[{"data":"Conclude","floor":6,"key":"SMITH"},{"data":"Eruption","floor":8,"key":"SMITH"},{"data":"Vigilance","floor":15,"key":"SMITH"},{"data":"SpiritShield","floor":32,"key":"SMITH"}],"neow_cost":"TEN_PERCENT_HP_LOSS","seed_source_timestamp":375938855344500,"circlet_count":0,"master_deck":["AscendersBane","Strike_P","Strike_P","Strike_P","Strike_P","Defend_P","Defend_P","Defend_P+1","Defend_P+1","Eruption+1","Vigilance+1","EmptyFist","EmptyFist","FlurryOfBlows","Conclude+1","Devotion+1","BattleHymn+1","Protect","SpiritShield+1","MentalFortress+1","Meditate","Vengeance"],"relics":["PureWater","FossilizedHelix","War Paint","Frozen Egg 2","PreservedInsect","Coffee Dripper","Bronze Scales","CeramicFish","Bottled Lightning","Omamori"],"potions_floor_usage":[7,22,27,30,33],"damage_taken":[{"damage":0,"enemies":"Small Slimes","floor":1,"turns":3},{"damage":0,"enemies":"Jaw Worm","floor":3,"turns":2},{"damage":0,"enemies":"Cultist","floor":4,"turns":2},{"damage":0,"enemies":"Gremlin Nob","floor":7,"turns":3},{"damage":0,"enemies":"Red Slaver","floor":11,"turns":2},{"damage":5,"enemies":"Exordium Thugs","floor":12,"turns":6},{"damage":0,"enemies":"3 Sentries","floor":13,"turns":5},{"damage":0,"enemies":"Exordium Wildlife","floor":14,"turns":3},{"damage":22,"enemies":"Hexaghost","floor":16,"turns":7},{"damage":3,"enemies":"Spheric Guardian","floor":18,"turns":7},{"damage":0,"enemies":"3 Byrds","floor":22,"turns":2},{"damage":20,"enemies":"Book of Stabbing","floor":23,"turns":4},{"damage":0,"enemies":"Sentry and Sphere","floor":24,"turns":4},{"damage":0,"enemies":"Gremlin Leader","floor":25,"turns":5},{"damage":10,"enemies":"Snake Plant","floor":27,"turns":4},{"damage":0,"enemies":"Centurion and Healer","floor":30,"turns":7},{"damage":14,"enemies":"Book of Stabbing","floor":31,"turns":4},{"damage":52,"enemies":"Champ","floor":33,"turns":8}],"seed_played":"5108259359296229539","potions_obtained":[{"floor":3,"key":"Strength Potion"},{"floor":13,"key":"StancePotion"},{"floor":16,"key":"Energy Potion"},{"floor":18,"key":"BottledMiracle"},{"floor":22,"key":"Dexterity Potion"},{"floor":31,"key":"SpeedPotion"}],"is_trial":false,"path_per_floor":["M","?","M","M","$","R","E","R","T","?","M","M","E","M","R","B",null,"M","?","$","T","M","E","M","E","T","M","?","$","M","E","R","B"],"character_chosen":"WATCHER","items_purchased":["Conclude","MentalFortress+1","Explosive Potion","Bronze Scales","Regen Potion","Vengeance"],"campfire_rested":0,"item_purchase_floors":[5,20,20,20,29,29],"current_hp_per_floor":[61,61,61,61,61,61,61,61,61,55,55,50,50,50,50,28,54,51,62,62,62,62,42,42,42,42,32,32,32,47,33,33,0],"gold":63,"neow_bonus":"ONE_RARE_RELIC","is_prod":false,"is_daily":false,"chose_seed":false,"campfire_upgraded":4,"win_rate":0,"timestamp":1579435316,"path_taken":["M","?","M","M","$","R","E","R","T","?","M","M","E","?","R","BOSS","M","?","?","?","M","E","M","E","T","M","?","$","M","E","R","BOSS"],"build_version":"2020-01-16","purchased_purges":1,"victory":false,"max_hp_per_floor":[62,62,62,62,62,62,62,62,62,62,62,62,62,62,62,62,62,62,62,62,62,62,62,62,62,62,62,62,62,62,62,62,62],"card_choices":[{"not_picked":["ClearTheMind","EmptyBody"],"picked":"EmptyFist","floor":1},{"not_picked":["Evaluate","Study"],"picked":"EmptyFist","floor":3},{"not_picked":["BowlingBash","ThirdEye"],"picked":"FlurryOfBlows","floor":4},{"not_picked":["PathToVictory","Crescendo","CarveReality"],"picked":"SKIP","floor":7},{"not_picked":["WaveOfTheHand","PathToVictory","CutThroughFate"],"picked":"SKIP","floor":11},{"not_picked":["CrushJoints","DeceiveReality"],"picked":"Devotion+1","floor":12},{"not_picked":["Sanctity","Protect"],"picked":"BattleHymn+1","floor":13},{"not_picked":["TalkToTheHand","FlyingSleeves"],"picked":"Protect","floor":14},{"not_picked":["LessonLearned","Judgement"],"picked":"SpiritShield","floor":16},{"not_picked":["Collect","EmptyBody","Consecrate"],"picked":"SKIP","floor":18},{"not_picked":["Wireheading+1","EmptyFist","ThirdEye"],"picked":"SKIP","floor":22},{"not_picked":["MentalFortress+1","Consecrate","LikeWater+1"],"picked":"SKIP","floor":23},{"not_picked":["ThirdEye","CarveReality+1"],"picked":"Meditate","floor":24},{"not_picked":["BowlingBash","CrushJoints","Perseverance"],"picked":"SKIP","floor":25},{"not_picked":["FlyingSleeves+1","Consecrate","JustLucky"],"picked":"SKIP","floor":27},{"not_picked":["Pray","CrushJoints","Swivel"],"picked":"SKIP","floor":30},{"not_picked":["EmptyBody","Tantrum+1","Indignation"],"picked":"SKIP","floor":31}],"player_experience":1999144,"relics_obtained":[{"floor":7,"key":"War Paint"},{"floor":9,"key":"Frozen Egg 2"},{"floor":13,"key":"PreservedInsect"},{"floor":23,"key":"CeramicFish"},{"floor":26,"key":"Bottled Lightning"},{"floor":31,"key":"Omamori"}],"event_choices":[{"damage_healed":0,"gold_gain":0,"player_choice":"Ignored","damage_taken":0,"max_hp_gain":0,"max_hp_loss":0,"event_name":"Liars Game","floor":2,"gold_loss":0},{"damage_healed":0,"gold_gain":50,"player_choice":"Touch","damage_taken":6,"max_hp_gain":0,"max_hp_loss":0,"event_name":"FaceTrader","floor":10,"gold_loss":0},{"damage_healed":12,"gold_gain":0,"player_choice":"Heal","damage_taken":0,"max_hp_gain":0,"max_hp_loss":0,"event_name":"The Library","floor":19,"gold_loss":0},{"damage_healed":0,"gold_gain":0,"player_choice":"Smashed Altar","damage_taken":0,"max_hp_gain":0,"max_hp_loss":0,"event_name":"Forgotten Altar","floor":28,"gold_loss":0,"cards_obtained":["Decay"]}],"is_beta":true,"boss_relics":[{"not_picked":["Tiny House","Philosopher\u0027s Stone"],"picked":"Coffee Dripper"}],"items_purged_floors":[29],"is_endless":false,"potions_floor_spawned":[3,13,16,18,22,25,31],"killed_by":"Champ","ascension_level":20}