{"gold_per_floor":[109,129,54,72,83,109,109,134,134,26,61,26,26,54,54,131,131,143,160,3,23,23,23,57,75,75,75],"floor_reached":27,"playtime":2385,"items_purged":["Strike_P","Omniscience"],"score":522,"play_id":"822d7989-8b5d-43ff-b35d-5ca73bf6f11b","local_time":"20200119150242","is_ascension_mode":true,"campfire_choices":[{"floor":7,"key":"REST"},{"data":"Wallop","floor":13,"key":"SMITH"},{"data":"FlurryOfBlows","floor":15,"key":"SMITH"},{"data":"TalkToTheHand","floor":23,"key":"SMITH"}],"neow_cost":"NONE","seed_source_timestamp":386897802219300,"circlet_count":0,"master_deck":["AscendersBane","Eruption","Vigilance","FlyingSleeves","ReachHeaven","FlurryOfBlows+1","Protect","DeceiveReality","MentalFortress+1","Wallop+1","Halt","Vault","Adaptation+1","Perseverance","Alpha","TalkToTheHand","SignatureMove","WaveOfTheHand","ClearTheMind+1","TalkToTheHand+1"],"relics":["PureWater","Turnip","Frozen Egg 2","StrikeDummy","Eternal Feather","MealTicket","Pandora\u0027s Box","Question Card","Bottled Lightning"],"potions_floor_usage":[6,8,11,16,21,27,27],"damage_taken":[{"damage":0,"enemies":"Cultist","floor":1,"turns":2},{"damage":2,"enemies":"Small Slimes","floor":2,"turns":4},{"damage":12,"enemies":"Jaw Worm","floor":4,"turns":3},{"damage":9,"enemies":"3 Louse","floor":5,"turns":3},{"damage":25,"enemies":"3 Sentries","floor":6,"turns":8},{"damage":28,"enemies":"Lagavulin","floor":8,"turns":4},{"damage":4,"enemies":"Gremlin Nob","floor":11,"turns":3},{"damage":3,"enemies":"Lagavulin","floor":14,"turns":7},{"damage":5,"enemies":"Hexaghost","floor":16,"turns":8},{"damage":19,"enemies":"Shell Parasite","floor":18,"turns":6},{"damage":25,"enemies":"2 Thieves","floor":19,"turns":5},{"damage":7,"enemies":"3 Cultists","floor":21,"turns":4},{"damage":39,"enemies":"Book of Stabbing","floor":24,"turns":7},{"damage":9,"enemies":"Chosen and Byrds","floor":25,"turns":7},{"damage":6,"enemies":"Sentry and Sphere","floor":27,"turns":6}],"seed_played":"6104228163900664120","potions_obtained":[{"floor":0,"key":"Strength Potion"},{"floor":0,"key":"FearPotion"},{"floor":14,"key":"Block Potion"},{"floor":16,"key":"BottledMiracle"},{"floor":24,"key":"GamblersBrew"}],"is_trial":false,"path_per_floor":["M","M","$","M","M","E","R","E","T","$","E","?","R","E","R","B",null,"M","M","$","M","$","R","E","M","T","M"],"character_chosen":"WATCHER","items_purchased":["SneckoOil","Explosive Potion"],"campfire_rested":1,"item_purchase_floors":[10,20],"current_hp_per_floor":[61,59,59,47,38,13,33,5,5,5,1,18,27,24,33,28,58,39,14,29,22,37,49,10,1,1,0],"gold":75,"neow_bonus":"THREE_SMALL_POTIONS","is_prod":false,"is_daily":false,"chose_seed":false,"campfire_upgraded":3,"win_rate":0,"timestamp":1579446162,"path_taken":["M","?","$","M","M","E","R","E","T","$","E","?","R","E","R","BOSS","M","M","$","M","$","R","E","M","T","M"],"build_version":"2020-01-16","purchased_purges":2,"victory":false,"max_hp_per_floor":[68,68,68,68,68,68,68,68,68,68,68,68,68,68,68,68,68,68,68,68,68,68,68,68,68,68,68],"card_choices":[{"not_picked":["Protect","Consecrate"],"picked":"FlyingSleeves","floor":1},{"not_picked":["Sanctity","Crescendo"],"picked":"ReachHeaven","floor":2},{"not_picked":["Study","Prostrate"],"picked":"FlurryOfBlows","floor":4},{"not_picked":["Nirvana","Sanctity"],"picked":"Protect","floor":5},{"not_picked":["Study","FlyingSleeves"],"picked":"DeceiveReality","floor":6},{"not_picked":["FlyingSleeves","InnerPeace"],"picked":"MentalFortress+1","floor":8},{"not_picked":["LikeWater+1","Vengeance"],"picked":"Wallop","floor":11},{"not_picked":["FollowUp","JustLucky"],"picked":"Halt","floor":14},{"not_picked":["Omniscience","Scrawl"],"picked":"Vault","floor":16},{"not_picked":["Nirvana+1","CutThroughFate"],"picked":"ClearTheMind+1","floor":18},{"not_picked":["FollowUp","Adaptation+1","PathToVictory"],"picked":"SKIP","floor":19},{"not_picked":["WreathOfFlame","Tantrum"],"picked":"TalkToTheHand","floor":21},{"not_picked":["Evaluate","FlyingSleeves","SashWhip"],"picked":"SKIP","floor":24},{"not_picked":["ReachHeaven","Tantrum","Judgement","CrushJoints+1"],"picked":"SKIP","floor":25}],"player_experience":2001642,"relics_obtained":[{"floor":6,"key":"Turnip"},{"floor":8,"key":"Frozen Egg 2"},{"floor":9,"key":"StrikeDummy"},{"floor":11,"key":"Eternal Feather"},{"floor":14,"key":"MealTicket"},{"floor":24,"key":"Question Card"},{"floor":26,"key":"Bottled Lightning"}],"event_choices":[{"damage_healed":17,"gold_gain":0,"player_choice":"Healed","damage_taken":0,"max_hp_gain":0,"max_hp_loss":0,"event_name":"The Cleric","floor":12,"gold_loss":35}],"is_beta":true,"boss_relics":[{"not_picked":["Runic Dome","Tiny House"],"picked":"Pandora\u0027s Box"}],"items_purged_floors":[3,20],"is_endless":false,"potions_floor_spawned":[2,5,14,16,24],"killed_by":"Sentry and Sphere","ascension_level":20}