{"gold_per_floor":[118,18,31,49,69,69,94,94,164,164,164,177,102,128,128,128],"floor_reached":16,"playtime":1140,"items_purged":["Strike_P"],"score":220,"play_id":"edd8e105-2bb2-4714-a340-470bd51b246f","local_time":"20200119205551","is_ascension_mode":true,"campfire_choices":[{"data":"Fasting2","floor":6.0,"key":"SMITH"},{"data":"EmptyFist","floor":8.0,"key":"SMITH"},{"data":"Eruption","floor":15,"key":"SMITH"}],"neow_cost":"NONE","seed_source_timestamp":409314891329100,"circlet_count":0,"master_deck":["AscendersBane","Strike_P+1","Strike_P","Strike_P","Defend_P","Defend_P","Defend_P","Defend_P","Eruption+1","Vigilance","EmptyFist+1","Fasting2+1","CutThroughFate+1","EmptyBody","Weave"],"special_seed":0,"relics":["PureWater","Potion Belt","GoldenEye","Whetstone","Letter Opener","FaceOfCleric","Juzu Bracelet"],"potions_floor_usage":[16,16,16],"damage_taken":[{"damage":2.0,"enemies":"Jaw Worm","floor":1.0,"turns":3.0},{"damage":0.0,"enemies":"Cultist","floor":3.0,"turns":4.0},{"damage":4.0,"enemies":"Small Slimes","floor":4.0,"turns":4.0},{"damage":3.0,"enemies":"Looter","floor":5.0,"turns":5.0},{"damage":28.0,"enemies":"Lagavulin","floor":7.0,"turns":6.0},{"damage":6,"enemies":"Exordium Thugs","floor":12,"turns":5},{"damage":10,"enemies":"3 Sentries","floor":14,"turns":10},{"damage":17,"enemies":"Hexaghost","floor":16,"turns":9}],"seed_played":"-6518190067426782215","potions_obtained":[{"floor":7.0,"key":"CultistPotion"},{"floor":12,"key":"SpeedPotion"},{"floor":14,"key":"Weak Potion"}],"is_trial":false,"path_per_floor":["M","?","M","M","M","R","E","R","T","?","?","M","$","E","R","B"],"character_chosen":"WATCHER","items_purchased":[],"campfire_rested":0,"item_purchase_floors":[],"current_hp_per_floor":[59,59,59,55,52,52,24,24,24,29,29,24,24,15,15,0],"gold":128,"neow_bonus":"RANDOM_COMMON_RELIC","is_prod":false,"is_daily":false,"chose_seed":false,"campfire_upgraded":3,"win_rate":0,"timestamp":1579467351,"path_taken":["M","?","M","M","?","R","E","R","T","?","?","M","$","E","R","BOSS"],"build_version":"2020-01-16","purchased_purges":1,"victory":false,"max_hp_per_floor":[68,68,68,68,68,68,68,68,68,73,73,74,74,75,75,75],"card_choices":[{"not_picked":["Prostrate","BowlingBash"],"picked":"EmptyFist","floor":1.0},{"not_picked":["WreathOfFlame","Vengeance","Study"],"picked":"SKIP","floor":3.0},{"not_picked":["Halt","FollowUp"],"picked":"Fasting2","floor":4.0},{"not_picked":["SignatureMove","SashWhip"],"picked":"CutThroughFate","floor":5.0},{"not_picked":["Swivel","ClearTheMind"],"picked":"EmptyBody","floor":7.0},{"not_picked":["JustLucky","Wireheading"],"picked":"Weave","floor":12},{"not_picked":["Study","PathToVictory","FlurryOfBlows"],"picked":"SKIP","floor":14}],"player_experience":2007824,"relics_obtained":[{"floor":7.0,"key":"Whetstone"},{"floor":9.0,"key":"Letter Opener"},{"floor":14,"key":"Juzu Bracelet"}],"event_choices":[{"damage_healed":0.0,"max_hp_gain":0.0,"max_hp_loss":0.0,"gold_gain":0.0,"event_name":"WeMeetAgain","player_choice":"Paid Gold","floor":2.0,"gold_loss":100.0,"damage_taken":0.0,"relics_obtained":["GoldenEye"]},{"damage_healed":0.0,"max_hp_gain":5.0,"max_hp_loss":0.0,"gold_gain":0.0,"event_name":"Big Fish","player_choice":"Donut","floor":10.0,"gold_loss":0.0,"damage_taken":0.0},{"damage_healed":0,"gold_gain":0,"player_choice":"Trade","damage_taken":0,"relics_obtained":["FaceOfCleric"],"max_hp_gain":0,"max_hp_loss":0,"event_name":"FaceTrader","floor":11,"gold_loss":0}],"is_beta":true,"boss_relics":[],"items_purged_floors":[13],"is_endless":false,"potions_floor_spawned":[7,12,14],"killed_by":"Hexaghost","ascension_level":20}