{"gold_per_floor":[119,137,156,156,34,84,84,117,117,117,117,117,150,75,75,182,182,201,264,277,325,325,325,365,365,365,440,487,487,560,475,475,579,579,634,694,694,742,742,742,824,833,833,882,360,410,458,502,502,502,502,502,502,9,58,58],"floor_reached":56,"playtime":9752,"items_purged":["Strike_P","Strike_P"],"score":2096,"play_id":"71d4d5da-e466-4637-afa5-4f5c59405510","local_time":"20200118142715","is_ascension_mode":true,"campfire_choices":[{"data":"Wallop","floor":10.0,"key":"SMITH"},{"data":"TalkToTheHand","floor":12.0,"key":"SMITH"},{"data":"Wish","floor":15.0,"key":"SMITH"},{"floor":23.0,"key":"REST"},{"floor":25.0,"key":"REST"},{"floor":32.0,"key":"RECALL"},{"floor":40.0,"key":"REST"},{"floor":49.0,"key":"REST"},{"floor":53.0,"key":"REST"}],"neow_cost":"NONE","seed_source_timestamp":0,"circlet_count":0,"master_deck":["AscendersBane","Strike_P","Defend_P","Defend_P","Defend_P","Eruption","Vigilance","FearNoEvil","BowlingBash","TalkToTheHand+1","Wallop+1","LikeWater","Wish+1","ThirdEye","Scrawl","DeceiveReality","TalkToTheHand+1","BattleHymn+1","Conclude","WaveOfTheHand+1","MasterReality+1","Protect+1","DeceiveReality+1","Decay","TalkToTheHand+1","TalkToTheHand+1","Tantrum","DeceiveReality+1","Tantrum"],"special_seed":0,"relics":["HolyWater","Regal Pillow","Golden Idol","CeramicFish","Darkstone Periapt","Anchor","Fusion Hammer","Nilry\u0027s Codex","Frozen Egg 2","HornCleat","Red Mask","Toxic Egg 2","Dead Branch","MealTicket","Turnip","Letter Opener","Medical Kit","Bottled Tornado","Ancient Tea Set","DollysMirror","Oddly Smooth Stone","Thread and Needle"],"potions_floor_usage":[56],"damage_taken":[{"damage":0.0,"enemies":"2 Louse","floor":1.0,"turns":3.0},{"damage":7.0,"enemies":"Jaw Worm","floor":2.0,"turns":4.0},{"damage":0.0,"enemies":"Cultist","floor":3.0,"turns":2.0},{"damage":16.0,"enemies":"Lagavulin","floor":6.0,"turns":8.0},{"damage":0.0,"enemies":"Gremlin Nob","floor":8.0,"turns":3.0},{"damage":2.0,"enemies":"Blue Slaver","floor":13.0,"turns":5.0},{"damage":20.0,"enemies":"Slime Boss","floor":16.0,"turns":6.0},{"damage":7.0,"enemies":"Spheric Guardian","floor":18.0,"turns":9.0},{"damage":7.0,"enemies":"3 Byrds","floor":19.0,"turns":9.0},{"damage":0.0,"enemies":"Snake Plant","floor":20.0,"turns":10.0},{"damage":3.0,"enemies":"Snecko","floor":21.0,"turns":10.0},{"damage":8.0,"enemies":"Book of Stabbing","floor":24.0,"turns":7.0},{"damage":2.0,"enemies":"Masked Bandits","floor":27.0,"turns":7.0},{"damage":3.0,"enemies":"Gremlin Leader","floor":28.0,"turns":8.0},{"damage":11.0,"enemies":"Book of Stabbing","floor":30.0,"turns":7.0},{"damage":30.0,"enemies":"Automaton","floor":33.0,"turns":13.0},{"damage":7.0,"enemies":"3 Darklings","floor":35.0,"turns":5.0},{"damage":0.0,"enemies":"Orb Walker","floor":36.0,"turns":4.0},{"damage":2.0,"enemies":"4 Shapes","floor":38.0,"turns":6.0},{"damage":6.0,"enemies":"Reptomancer","floor":41.0,"turns":11.0},{"damage":0.0,"enemies":"Sphere and 2 Shapes","floor":44.0,"turns":6.0},{"damage":0.0,"enemies":"Maw","floor":46.0,"turns":7.0},{"damage":0.0,"enemies":"4 Shapes","floor":47.0,"turns":3.0},{"damage":45.0,"enemies":"Nemesis","floor":48.0,"turns":5.0},{"damage":3.0,"enemies":"Donu and Deca","floor":50.0,"turns":11.0},{"damage":0.0,"enemies":"Time Eater","floor":51.0,"turns":9.0},{"damage":12.0,"enemies":"Shield and Spear","floor":55.0,"turns":11.0},{"damage":129,"enemies":"The Heart","floor":56,"turns":3}],"seed_played":"2478036915482150587","potions_obtained":[{"floor":1.0,"key":"AttackPotion"},{"floor":2.0,"key":"StancePotion"},{"floor":18.0,"key":"EssenceOfSteel"},{"floor":20.0,"key":"DistilledChaos"},{"floor":21.0,"key":"Fire Potion"},{"floor":30.0,"key":"SteroidPotion"},{"floor":36.0,"key":"Explosive Potion"},{"floor":41.0,"key":"PowerPotion"}],"is_trial":false,"path_per_floor":["M","M","M","?","$","E","?","E","T","R","T","R","M","$","R","B",null,"M","M","M","M","?","R","E","R","T","?","E","?","E","?","R","B",null,"M","M","?","M","?","R","E","?","T","M","$","M","M","E","R","B","B",null,"R","$","E","B"],"character_chosen":"WATCHER","items_purchased":["Wallop","LikeWater","Medical Kit","Bottled Tornado","DollysMirror","Oddly Smooth Stone","Tantrum","DeceiveReality+1"],"campfire_rested":5,"item_purchase_floors":[5,5,45,45,54,54,54,54],"current_hp_per_floor":[61,54,54,54,54,38,38,38,38,38,38,38,36,36,36,16,51,44,37,37,34,13,46,38,62,62,60,57,57,46,46,46,16,51,44,44,44,42,42,62,56,62,62,62,68,68,68,23,58,55,55,65,68,68,56,0],"gold":58,"neow_bonus":"RANDOM_COMMON_RELIC","is_prod":false,"is_daily":false,"chose_seed":false,"campfire_upgraded":3,"win_rate":0,"timestamp":1579357635,"path_taken":["M","M","M","?","$","E","?","E","T","R","?","R","M","$","R","BOSS","M","M","?","M","?","R","E","R","T","?","E","?","E","?","R","BOSS","M","M","?","?","?","R","E","?","T","M","$","M","M","E","R","BOSS","BOSS","R","$","E","BOSS"],"build_version":"2020-01-16","purchased_purges":2,"victory":false,"max_hp_per_floor":[68,68,68,62,62,62,62,62,62,62,62,62,62,62,62,62,62,62,62,62,62,62,62,62,62,62,62,62,62,62,62,62,62,62,62,62,62,62,62,62,62,68,68,68,68,68,68,68,68,68,68,68,68,68,68,68],"card_choices":[{"not_picked":["Adaptation","JustLucky"],"picked":"FearNoEvil","floor":1.0},{"not_picked":["CutThroughFate","Prostrate"],"picked":"BowlingBash","floor":2.0},{"not_picked":["Evaluate","Protect"],"picked":"TalkToTheHand","floor":3.0},{"not_picked":["BowlingBash","Vengeance"],"picked":"Wish","floor":6.0},{"not_picked":["CarveReality","Nirvana","CrushJoints"],"picked":"SKIP","floor":8.0},{"not_picked":["Sanctity","Perseverance"],"picked":"ThirdEye","floor":13.0},{"not_picked":["Alpha","MasterReality"],"picked":"Scrawl","floor":16.0},{"not_picked":["ThirdEye","Fasting2","BattleHymn"],"picked":"SKIP","floor":18.0},{"not_picked":["Pray","FlyingSleeves"],"picked":"DeceiveReality","floor":19.0},{"not_picked":["JustLucky","WheelKick","SignatureMove"],"picked":"SKIP","floor":20.0},{"not_picked":["WindmillStrike","Crescendo","FollowUp"],"picked":"SKIP","floor":21.0},{"not_picked":["Fasting2+1","FlyingSleeves+1"],"picked":"TalkToTheHand+1","floor":24.0},{"not_picked":["ClearTheMind","EmptyFist"],"picked":"BattleHymn+1","floor":27.0},{"not_picked":["CutThroughFate","BowlingBash"],"picked":"Conclude","floor":28.0},{"not_picked":["DeusExMachina+1","EmptyBody+1"],"picked":"WaveOfTheHand+1","floor":30.0},{"not_picked":["Alpha+1","Scrawl+1"],"picked":"MasterReality+1","floor":33.0},{"not_picked":["Indignation+1","JustLucky+1","Perseverance+1"],"picked":"SKIP","floor":35.0},{"not_picked":["InnerPeace+1","BowlingBash"],"picked":"Protect+1","floor":36.0},{"not_picked":["Consecrate","FollowUp","Crescendo+1"],"picked":"SKIP","floor":38.0},{"not_picked":["JustLucky","BattleHymn+1"],"picked":"DeceiveReality+1","floor":41.0},{"not_picked":["WheelKick","WaveOfTheHand+1","Prostrate+1"],"picked":"SKIP","floor":44.0},{"not_picked":["CrushJoints","FearNoEvil","PathToVictory+1"],"picked":"SKIP","floor":46.0},{"not_picked":["BowlingBash","EmptyBody+1","Wallop"],"picked":"SKIP","floor":47.0},{"not_picked":["EmptyFist","MentalFortress+1"],"picked":"TalkToTheHand+1","floor":48.0},{"not_picked":["MasterReality+1","Halt+1"],"picked":"Tantrum","floor":55.0}],"player_experience":1989392,"relics_obtained":[{"floor":6.0,"key":"CeramicFish"},{"floor":8.0,"key":"Darkstone Periapt"},{"floor":9.0,"key":"Anchor"},{"floor":22.0,"key":"Nilry\u0027s Codex"},{"floor":24.0,"key":"Frozen Egg 2"},{"floor":26.0,"key":"HornCleat"},{"floor":27.0,"key":"Red Mask"},{"floor":28.0,"key":"Toxic Egg 2"},{"floor":30.0,"key":"Dead Branch"},{"floor":41.0,"key":"Turnip"},{"floor":43.0,"key":"Letter Opener"},{"floor":48.0,"key":"Ancient Tea Set"},{"floor":55.0,"key":"Thread and Needle"}],"event_choices":[{"damage_healed":0.0,"max_hp_gain":0.0,"max_hp_loss":6.0,"gold_gain":0.0,"event_name":"Golden Idol","player_choice":"Lose Max HP","floor":4.0,"gold_loss":0.0,"damage_taken":0.0,"relics_obtained":["Golden Idol"]},{"damage_healed":0.0,"max_hp_gain":0.0,"max_hp_loss":0.0,"gold_gain":0.0,"event_name":"Liars Game","player_choice":"Ignored","floor":7.0,"gold_loss":0.0,"damage_taken":0.0},{"damage_healed":0.0,"max_hp_gain":0.0,"max_hp_loss":0.0,"gold_gain":0.0,"event_name":"Cursed Tome","player_choice":"Obtained Book","floor":22.0,"gold_loss":0.0,"damage_taken":21.0},{"damage_healed":0.0,"max_hp_gain":0.0,"max_hp_loss":0.0,"gold_gain":0.0,"event_name":"Masked Bandits","player_choice":"Fought Bandits","floor":27.0,"gold_loss":0.0,"damage_taken":0.0},{"damage_healed":0.0,"max_hp_gain":0.0,"max_hp_loss":0.0,"gold_gain":0.0,"event_name":"The Mausoleum","player_choice":"Ignored","floor":29.0,"gold_loss":0.0,"damage_taken":0.0},{"damage_healed":0.0,"max_hp_gain":0.0,"max_hp_loss":0.0,"gold_gain":0.0,"event_name":"Addict","player_choice":"Obtained Relic","floor":31.0,"gold_loss":85.0,"damage_taken":0.0,"relics_obtained":["MealTicket"]},{"cards_removed":["Strike_P"],"damage_healed":0.0,"max_hp_gain":0.0,"max_hp_loss":0.0,"gold_gain":0.0,"event_name":"Purifier","player_choice":"Purged","floor":37.0,"gold_loss":0.0,"damage_taken":0.0},{"cards_removed":["Defend_P"],"damage_healed":0.0,"max_hp_gain":0.0,"max_hp_loss":0.0,"gold_gain":0.0,"event_name":"Falling","player_choice":"Removed Skill","floor":39.0,"gold_loss":0.0,"damage_taken":0.0},{"damage_healed":0.0,"max_hp_gain":0.0,"max_hp_loss":0.0,"gold_gain":0.0,"event_name":"Wheel of Change","player_choice":"Cursed","floor":42.0,"gold_loss":0.0,"damage_taken":0.0,"cards_obtained":["Decay"]}],"is_beta":true,"boss_relics":[{"not_picked":["Calling Bell","Tiny House"],"picked":"Fusion Hammer"},{"not_picked":["Runic Dome","Runic Pyramid"],"picked":"HolyWater"}],"items_purged_floors":[14,45],"is_endless":false,"potions_floor_spawned":[1,2,8,13,18,20,21,30,36,38,41],"killed_by":"The Heart","ascension_level":20}