{"gold_per_floor":[109,54,54,129,148,189,189,208,232,263,263,296,317,352,352,352],"floor_reached":16,"playtime":1315,"items_purged":[],"score":256,"play_id":"0d76fa75-e35d-413a-a93c-527ca85f4279","local_time":"20200121005538","is_ascension_mode":true,"campfire_choices":[{"floor":7.0,"key":"REST"},{"floor":11,"key":"REST"},{"floor":15,"key":"REST"}],"neow_cost":"NONE","seed_source_timestamp":509900216771600,"circlet_count":0,"master_deck":["AscendersBane","Strike_P","Strike_P","Strike_P","Strike_P","Defend_P","Defend_P","Defend_P","Defend_P","Eruption","Vigilance","Dark Shackles","Conclude","TalkToTheHand","Consecrate","Conclude","FlurryOfBlows","ThirdEye"],"special_seed":0,"relics":["PureWater","Golden Idol","Potion Belt","Happy Flower","Turnip","MealTicket","Dream Catcher"],"potions_floor_usage":[10,12,14,14,16],"damage_taken":[{"damage":7.0,"enemies":"Jaw Worm","floor":1.0,"turns":4.0},{"damage":0.0,"enemies":"Small Slimes","floor":5.0,"turns":3.0},{"damage":36.0,"enemies":"3 Sentries","floor":6.0,"turns":9.0},{"damage":0.0,"enemies":"Cultist","floor":8.0,"turns":2.0},{"damage":10,"enemies":"Gremlin Nob","floor":10,"turns":3},{"damage":6,"enemies":"Lagavulin","floor":12,"turns":5},{"damage":4,"enemies":"Exordium Thugs","floor":13,"turns":3},{"damage":14,"enemies":"3 Sentries","floor":14,"turns":8},{"damage":30,"enemies":"Slime Boss","floor":16,"turns":6}],"seed_played":"-1864826153866313924","potions_obtained":[{"floor":1.0,"key":"LiquidBronze"},{"floor":8.0,"key":"EssenceOfSteel"},{"floor":10,"key":"Weak Potion"},{"floor":14,"key":"Explosive Potion"}],"is_trial":false,"path_per_floor":["M","$","?","?","M","E","R","M","T","E","R","E","M","E","R","B"],"character_chosen":"WATCHER","items_purchased":["FearPotion"],"campfire_rested":3,"item_purchase_floors":[2],"current_hp_per_floor":[54,54,54,43,43,7,25,25,25,15,33,27,23,9,27,0],"gold":352,"neow_bonus":"RANDOM_COLORLESS","is_prod":false,"is_daily":false,"chose_seed":false,"campfire_upgraded":0,"win_rate":0,"timestamp":1579568138,"path_taken":["M","$","?","?","M","E","R","M","T","E","R","E","M","E","R","BOSS"],"build_version":"2020-01-16","purchased_purges":0,"victory":false,"max_hp_per_floor":[68,68,62,62,62,62,62,62,62,62,62,62,62,62,62,62],"card_choices":[{"not_picked":["Forethought","Dramatic Entrance"],"picked":"Dark Shackles","floor":0.0},{"not_picked":["JustLucky","Sanctity"],"picked":"Conclude","floor":1.0},{"not_picked":["FollowUp","Fasting2"],"picked":"TalkToTheHand","floor":5.0},{"not_picked":["Prostrate","Crescendo"],"picked":"Consecrate","floor":6.0},{"not_picked":["Crescendo","Omniscience"],"picked":"Conclude","floor":8.0},{"not_picked":["CrushJoints","Wireheading"],"picked":"FlurryOfBlows","floor":10},{"not_picked":["FollowUp","JustLucky","SashWhip"],"picked":"SKIP","floor":12},{"not_picked":["Wireheading","BowlingBash"],"picked":"ThirdEye","floor":13},{"not_picked":["FlurryOfBlows","EmptyBody","Devotion"],"picked":"SKIP","floor":14}],"player_experience":2015391,"relics_obtained":[{"floor":6.0,"key":"Potion Belt"},{"floor":9.0,"key":"Happy Flower"},{"floor":10,"key":"Turnip"},{"floor":12,"key":"MealTicket"},{"floor":14,"key":"Dream Catcher"}],"event_choices":[{"damage_healed":0.0,"max_hp_gain":0.0,"max_hp_loss":6.0,"gold_gain":0.0,"event_name":"Golden Idol","player_choice":"Lose Max HP","floor":3.0,"gold_loss":0.0,"damage_taken":0.0,"relics_obtained":["Golden Idol"]},{"damage_healed":0.0,"max_hp_gain":0.0,"max_hp_loss":0.0,"gold_gain":75.0,"event_name":"World of Goop","player_choice":"Gather Gold","floor":4.0,"gold_loss":0.0,"damage_taken":11.0}],"is_beta":true,"boss_relics":[],"items_purged_floors":[],"is_endless":false,"potions_floor_spawned":[1,8,10,14],"killed_by":"Slime Boss","ascension_level":20}