{"gold_per_floor":[111,128,138,138,138,138,152,188,213,213,238,271,271,38,38,134,134,157,207,232,232,255,299,299,334,334,45,45,60,60,10,10,104,104,120,144,144,144,164,205,205,236,296,40,108,122,122,143,143,143,143,143,143,1,40,40],"floor_reached":57,"playtime":4313,"items_purged":["Strike_P","Strike_P","ForeignInfluence"],"score":2691,"play_id":"9973cd1d-7365-46cd-8daf-ac757499eb6b","local_time":"20200121021855","is_ascension_mode":true,"campfire_choices":[{"data":"SashWhip","floor":6.0,"key":"SMITH"},{"floor":10.0,"key":"REST"},{"data":"Devotion","floor":13.0,"key":"SMITH"},{"data":"Eruption","floor":15.0,"key":"SMITH"},{"data":"Protect","floor":24.0,"key":"SMITH"},{"data":"LessonLearned","floor":28.0,"key":"SMITH"},{"floor":32.0,"key":"REST"},{"floor":41,"key":"RECALL"},{"data":"Protect","floor":47,"key":"SMITH"},{"floor":49,"key":"REST"},{"data":"Defend_P","floor":53,"key":"SMITH"}],"neow_cost":"NONE","seed_source_timestamp":511700638597800,"circlet_count":0,"master_deck":["AscendersBane","Defend_P+1","Defend_P+1","Defend_P+1","Defend_P+1","Eruption+1","Vigilance+1","Flash of Steel+1","FlyingSleeves+1","SashWhip+1","CutThroughFate+1","Devotion+1","Worship+1","Vault","Protect+1","DevaForm+1","LessonLearned+1","Ragnarok+1","Protect+1","Vault+1","Ragnarok+1","CutThroughFate+1","TalkToTheHand","Protect+1"],"special_seed":0,"relics":["HolyWater","Golden Idol","Juzu Bracelet","Blood Vial","Damaru","Snecko Eye","Smiling Mask","Ice Cream","Bag of Preparation","War Paint","Toxic Egg 2","MawBank","Happy Flower","Kunai","CloakClasp","Bronze Scales"],"potions_floor_usage":[50,56,56],"damage_taken":[{"damage":4.0,"enemies":"Small Slimes","floor":1.0,"turns":3.0},{"damage":7.0,"enemies":"Jaw Worm","floor":2.0,"turns":4.0},{"damage":0.0,"enemies":"Cultist","floor":3.0,"turns":2.0},{"damage":2.0,"enemies":"Large Slime","floor":7.0,"turns":3.0},{"damage":0.0,"enemies":"Gremlin Nob","floor":8.0,"turns":2.0},{"damage":11.0,"enemies":"Exordium Thugs","floor":11.0,"turns":4.0},{"damage":7.0,"enemies":"Lagavulin","floor":12.0,"turns":7.0},{"damage":13.0,"enemies":"Slime Boss","floor":16.0,"turns":6.0},{"damage":9.0,"enemies":"2 Thieves","floor":18.0,"turns":4.0},{"damage":0.0,"enemies":"Chosen","floor":20.0,"turns":3.0},{"damage":0.0,"enemies":"Snake Plant","floor":22.0,"turns":3.0},{"damage":7.0,"enemies":"Gremlin Leader","floor":23.0,"turns":4.0},{"damage":23.0,"enemies":"Slavers","floor":25.0,"turns":4.0},{"damage":24.0,"enemies":"Shelled Parasite and Fungi","floor":29.0,"turns":4.0},{"damage":2.0,"enemies":"Automaton","floor":33.0,"turns":8.0},{"damage":4.0,"enemies":"3 Darklings","floor":35.0,"turns":6.0},{"damage":6.0,"enemies":"3 Shapes","floor":36.0,"turns":4.0},{"damage":10,"enemies":"Transient","floor":39,"turns":7},{"damage":2,"enemies":"Reptomancer","floor":40,"turns":6},{"damage":3,"enemies":"Nemesis","floor":42,"turns":11},{"damage":2,"enemies":"2 Orb Walkers","floor":45,"turns":5},{"damage":0,"enemies":"Sphere and 2 Shapes","floor":46,"turns":4},{"damage":0,"enemies":"Writhing Mass","floor":48,"turns":6},{"damage":19,"enemies":"Time Eater","floor":50,"turns":7},{"damage":10,"enemies":"Awakened One","floor":51,"turns":7},{"damage":16,"enemies":"Shield and Spear","floor":55,"turns":5},{"damage":39,"enemies":"The Heart","floor":56,"turns":8}],"seed_played":"-5367280649977872369","potions_obtained":[{"floor":1.0,"key":"FearPotion"},{"floor":3.0,"key":"Dexterity Potion"},{"floor":12.0,"key":"Weak Potion"},{"floor":20.0,"key":"DistilledChaos"},{"floor":25.0,"key":"GamblersBrew"},{"floor":35.0,"key":"Swift Potion"},{"floor":36.0,"key":"SkillPotion"},{"floor":42,"key":"Strength Potion"}],"is_trial":false,"path_per_floor":["M","M","M","?","?","R","M","E","T","R","M","E","R","$","R","B",null,"M","?","M","?","M","E","R","E","T","$","R","M","?","$","R","B",null,"M","M","?","?","M","E","R","E","T","$","?","M","R","M","R","B","B",null,"R","$","E","B",null],"character_chosen":"WATCHER","items_purchased":["Damaru","LessonLearned","War Paint","Kunai","TalkToTheHand","PowerPotion"],"campfire_rested":3,"item_purchase_floors":[14,27,27,44,54,54],"current_hp_per_floor":[57,50,50,27,27,27,25,25,25,45,34,27,27,27,27,16,55,48,48,50,50,52,47,47,26,26,26,26,4,4,4,24,24,57,55,51,51,51,43,43,43,42,42,42,42,44,44,46,66,49,41,61,61,61,47,10],"gold":40,"neow_bonus":"RANDOM_COLORLESS","is_prod":false,"is_daily":false,"chose_seed":false,"campfire_upgraded":7,"win_rate":0,"timestamp":1579573135,"path_taken":["M","M","M","?","?","R","M","E","T","R","M","E","R","?","R","BOSS","M","?","M","?","M","E","R","E","T","?","R","M","?","?","R","BOSS","M","M","?","?","M","E","R","E","T","?","?","M","R","M","R","BOSS","BOSS","R","$","E","BOSS"],"build_version":"2020-01-16","purchased_purges":3,"victory":true,"max_hp_per_floor":[68,68,68,68,68,68,68,68,68,68,68,68,68,68,68,68,68,68,68,68,68,68,68,68,68,68,68,68,68,68,68,68,68,68,68,68,68,68,68,68,68,68,68,68,68,68,68,68,68,68,68,68,68,68,68,68],"card_choices":[{"not_picked":["Impatience","PanicButton"],"picked":"Flash of Steel","floor":0.0},{"not_picked":["Crescendo","Worship","ClearTheMind"],"picked":"SKIP","floor":1.0},{"not_picked":["EmptyMind","Evaluate"],"picked":"FlyingSleeves","floor":2.0},{"not_picked":["Meditate","BowlingBash"],"picked":"SashWhip","floor":3.0},{"not_picked":["ThirdEye","EmptyMind"],"picked":"CutThroughFate","floor":7.0},{"not_picked":["WheelKick","Conclude"],"picked":"Devotion","floor":8.0},{"not_picked":["Crescendo","FlyingSleeves","Consecrate"],"picked":"SKIP","floor":11.0},{"not_picked":["FearNoEvil","Crescendo"],"picked":"Worship","floor":12.0},{"not_picked":["MasterReality","Alpha"],"picked":"Vault","floor":16.0},{"not_picked":["FlyingSleeves","FollowUp"],"picked":"Protect","floor":18.0},{"not_picked":["Indignation","Evaluate","Weave"],"picked":"SKIP","floor":20.0},{"not_picked":["PathToVictory","Protect+1"],"picked":"Establishment","floor":22.0},{"not_picked":["ClearTheMind","Prostrate+1","CutThroughFate"],"picked":"SKIP","floor":23.0},{"not_picked":["Weave","FlyingSleeves","ThirdEye"],"picked":"SKIP","floor":25.0},{"not_picked":["CrushJoints","JustLucky","FollowUp"],"picked":"SKIP","floor":29.0},{"not_picked":["Blasphemy","DeusExMachina"],"picked":"Ragnarok","floor":33.0},{"not_picked":["Adaptation","CutThroughFate"],"picked":"Protect","floor":35.0},{"not_picked":["Halt+1","BowlingBash","Worship"],"picked":"SKIP","floor":36.0},{"not_picked":["FlurryOfBlows","Protect","ClearTheMind"],"picked":"SKIP","floor":39},{"not_picked":["SashWhip","Protect+1"],"picked":"Vault+1","floor":40},{"not_picked":["JustLucky","SandsOfTime"],"picked":"Ragnarok","floor":42},{"not_picked":["Adaptation","Wallop"],"picked":"CutThroughFate+1","floor":46},{"not_picked":["Crescendo+1","FlurryOfBlows","EmptyFist+1"],"picked":"SKIP","floor":48},{"not_picked":["FlurryOfBlows+1","PathToVictory+1"],"picked":"Protect+1","floor":55}],"player_experience":2016706,"relics_obtained":[{"floor":8.0,"key":"Juzu Bracelet"},{"floor":12.0,"key":"Blood Vial"},{"floor":23.0,"key":"Smiling Mask"},{"floor":25.0,"key":"Ice Cream"},{"floor":26.0,"key":"Bag of Preparation"},{"floor":40,"key":"Toxic Egg 2"},{"floor":42,"key":"MawBank"},{"floor":43,"key":"Happy Flower"},{"floor":45,"key":"CloakClasp"},{"floor":55,"key":"Bronze Scales"}],"event_choices":[{"damage_healed":0.0,"max_hp_gain":0.0,"max_hp_loss":0.0,"gold_gain":0.0,"event_name":"Golden Idol","player_choice":"Take Damage","floor":4.0,"gold_loss":0.0,"damage_taken":23.0,"relics_obtained":["Golden Idol"]},{"damage_healed":0.0,"max_hp_gain":0.0,"max_hp_loss":0.0,"gold_gain":0.0,"event_name":"Living Wall","player_choice":"Grow","floor":5.0,"gold_loss":0.0,"damage_taken":0.0,"cards_upgraded":["FlyingSleeves"]},{"damage_healed":0.0,"max_hp_gain":0.0,"max_hp_loss":0.0,"gold_gain":50.0,"event_name":"Nest","player_choice":"Stole From Cult","floor":19.0,"gold_loss":0.0,"damage_taken":0.0},{"damage_healed":0.0,"max_hp_gain":0.0,"max_hp_loss":0.0,"gold_gain":0.0,"cards_transformed":["Strike_P","Strike_P"],"event_name":"Drug Dealer","player_choice":"Became Test Subject","floor":21.0,"gold_loss":0.0,"damage_taken":0.0,"cards_obtained":["ForeignInfluence","DevaForm"]},{"cards_removed":["Establishment"],"damage_healed":0.0,"max_hp_gain":0.0,"max_hp_loss":0.0,"gold_gain":0.0,"event_name":"Back to Basics","player_choice":"Elegance","floor":30.0,"gold_loss":0.0,"damage_taken":0.0},{"damage_healed":0,"gold_gain":0,"player_choice":"Ignored","damage_taken":0,"max_hp_gain":0,"max_hp_loss":0,"event_name":"Transmorgrifier","floor":37,"gold_loss":0},{"damage_healed":0,"gold_gain":0,"player_choice":"0 cards matched","damage_taken":0,"max_hp_gain":0,"max_hp_loss":0,"event_name":"Match and Keep!","floor":38,"gold_loss":0,"cards_obtained":[]},{"damage_healed":0,"gold_gain":0,"player_choice":"Fight","damage_taken":0,"max_hp_gain":0,"max_hp_loss":0,"event_name":"Mysterious Sphere","floor":45,"gold_loss":0}],"is_beta":true,"boss_relics":[{"not_picked":["Ectoplasm","Tiny House"],"picked":"Snecko Eye"},{"not_picked":["VioletLotus","Astrolabe"],"picked":"HolyWater"}],"items_purged_floors":[14,27,31],"is_endless":false,"potions_floor_spawned":[1,3,12,20,25,35,36,42],"ascension_level":20}