{"gold_per_floor":[113,130,130,130,130,160,160,194,194,194,24,24,42,70,70,145,145,158,169,184,184,200,229,229,248,248,56,90,101,127,137,137,212,212,228,243,243,243,259,292,32,50,50,76,76,88,10,39,39,39,39,39,39,39,68,68],"floor_reached":56,"playtime":5357,"items_purged":["Strike_P","Collect+1"],"score":2205,"play_id":"307972e5-9251-4018-b5c7-caea05ae2f4f","local_time":"20200120004432","is_ascension_mode":true,"campfire_choices":[{"data":"SandsOfTime","floor":7.0,"key":"SMITH"},{"data":"Vigilance","floor":10.0,"key":"SMITH"},{"data":"ThirdEye","floor":15.0,"key":"SMITH"},{"data":"Establishment","floor":24.0,"key":"SMITH"},{"floor":32.0,"key":"REST"},{"floor":45,"key":"RECALL"},{"data":"SpiritShield","floor":49,"key":"SMITH"},{"data":"Protect","floor":53,"key":"SMITH"}],"neow_cost":"NONE","seed_source_timestamp":418783106957500,"circlet_count":0,"master_deck":["AscendersBane","Defend_P","Eruption+1","Vigilance+1","EmptyFist+1","SandsOfTime+1","Protect","CrushJoints+1","Conclude+1","ThirdEye+1","Ragnarok+1","Establishment+1","DevaForm","Protect+1","Omniscience","Blasphemy+1","Collect+1","SandsOfTime+1","SandsOfTime+1","Protect+1","Wallop+1","Protect","SpiritShield+1","Wallop+1"],"special_seed":0,"relics":["PureWater","Pear","Vajra","Molten Egg 2","Membership Card","Strawberry","Snecko Eye","White Beast Statue","Eternal Feather","Medical Kit","Centennial Puzzle","MealTicket","Astrolabe","Sundial","Shuriken","Oddly Smooth Stone","CaptainsWheel","Smiling Mask","Akabeko"],"potions_floor_usage":[46,55,56,56],"damage_taken":[{"damage":0.0,"enemies":"Cultist","floor":1.0,"turns":2.0},{"damage":2.0,"enemies":"Jaw Worm","floor":2.0,"turns":2.0},{"damage":2.0,"enemies":"3 Sentries","floor":6.0,"turns":6.0},{"damage":7.0,"enemies":"Lagavulin","floor":8.0,"turns":5.0},{"damage":0.0,"enemies":"2 Louse","floor":13.0,"turns":2.0},{"damage":0.0,"enemies":"Gremlin Nob","floor":14.0,"turns":3.0},{"damage":19.0,"enemies":"The Guardian","floor":16.0,"turns":8.0},{"damage":3.0,"enemies":"2 Thieves","floor":18.0,"turns":2.0},{"damage":0.0,"enemies":"Spheric Guardian","floor":19.0,"turns":1.0},{"damage":1.0,"enemies":"Centurion and Healer","floor":20.0,"turns":3.0},{"damage":0.0,"enemies":"Cultist and Chosen","floor":22.0,"turns":2.0},{"damage":4.0,"enemies":"Slavers","floor":23.0,"turns":2.0},{"damage":7.0,"enemies":"Snake Plant","floor":25.0,"turns":3.0},{"damage":21.0,"enemies":"Book of Stabbing","floor":28.0,"turns":5.0},{"damage":0.0,"enemies":"3 Cultists","floor":29.0,"turns":2.0},{"damage":4.0,"enemies":"Gremlin Leader","floor":30.0,"turns":3.0},{"damage":6.0,"enemies":"Centurion and Healer","floor":31.0,"turns":4.0},{"damage":2.0,"enemies":"Collector","floor":33.0,"turns":4.0},{"damage":11.0,"enemies":"3 Shapes","floor":35.0,"turns":4.0},{"damage":0,"enemies":"Orb Walker","floor":36,"turns":1},{"damage":18,"enemies":"Sphere and 2 Shapes","floor":39,"turns":3},{"damage":17,"enemies":"Nemesis","floor":40,"turns":3},{"damage":0,"enemies":"Spire Growth","floor":42,"turns":1},{"damage":0,"enemies":"Reptomancer","floor":44,"turns":2},{"damage":3,"enemies":"Jaw Worm Horde","floor":46,"turns":2},{"damage":0,"enemies":"Giant Head","floor":48,"turns":3},{"damage":11,"enemies":"Donu and Deca","floor":50,"turns":8},{"damage":25,"enemies":"Awakened One","floor":51,"turns":7},{"damage":22,"enemies":"Shield and Spear","floor":55,"turns":3},{"damage":66,"enemies":"The Heart","floor":56,"turns":5}],"seed_played":"-3663771067879700715","potions_obtained":[{"floor":8.0,"key":"EssenceOfSteel"},{"floor":13.0,"key":"SteroidPotion"},{"floor":16.0,"key":"SteroidPotion"},{"floor":20.0,"key":"LiquidMemories"},{"floor":25.0,"key":"StancePotion"},{"floor":28.0,"key":"Dexterity Potion"},{"floor":29.0,"key":"FairyPotion"},{"floor":30.0,"key":"LiquidBronze"},{"floor":31.0,"key":"LiquidMemories"},{"floor":35.0,"key":"PowerPotion"},{"floor":46,"key":"SkillPotion"},{"floor":55,"key":"ColorlessPotion"}],"is_trial":false,"path_per_floor":["M","M","?","?","?","E","R","E","T","R","$","?","M","E","R","B",null,"M","M","M","?","M","E","R","M","T","$","E","M","E","M","R","B",null,"M","M","?","?","M","E","$","M","T","E","R","M","$","E","R","B","B",null,"R","$","E","B"],"character_chosen":"WATCHER","items_purchased":["Membership Card","CrushJoints+1","Medical Kit","Protect","Fruit Juice","Wallop+1","Shuriken","Oddly Smooth Stone","Protect"],"campfire_rested":1,"item_purchase_floors":[11,11,27,27,27,41,41,41,47],"current_hp_per_floor":[61,59,52,52,52,60,60,53,53,53,53,53,53,60,60,41,74,71,71,70,70,70,66,66,59,59,59,43,43,39,33,69,67,84,73,73,73,73,55,38,53,53,53,53,65,62,77,77,85,74,49,76,85,85,63,0],"gold":68,"neow_bonus":"UPGRADE_CARD","is_prod":false,"is_daily":false,"chose_seed":false,"campfire_upgraded":6,"win_rate":0,"timestamp":1579481072,"path_taken":["M","M","?","?","?","E","R","E","T","R","$","?","?","E","R","BOSS","M","M","M","?","?","E","R","M","T","$","E","M","E","M","R","BOSS","M","M","?","?","M","E","$","?","T","E","R","M","$","E","R","BOSS","BOSS","R","$","E","BOSS"],"build_version":"2020-01-16","purchased_purges":2,"victory":false,"max_hp_per_floor":[68,68,68,68,68,78,78,78,78,78,78,78,78,85,85,85,85,85,85,85,85,85,85,85,85,85,85,90,90,90,90,90,90,90,90,90,85,85,85,85,85,85,85,85,85,85,85,85,85,85,85,85,85,85,85,85],"card_choices":[{"not_picked":["Prostrate","FlyingSleeves"],"picked":"EmptyFist","floor":1.0},{"not_picked":["LikeWater","Consecrate"],"picked":"SandsOfTime","floor":2.0},{"not_picked":["FlurryOfBlows","JustLucky"],"picked":"Protect","floor":6.0},{"not_picked":["EmptyFist","Evaluate","Prostrate"],"picked":"SKIP","floor":8.0},{"not_picked":["ClearTheMind","CrushJoints+1"],"picked":"Conclude+1","floor":13.0},{"not_picked":["ClearTheMind","Nirvana"],"picked":"ThirdEye","floor":14.0},{"not_picked":["Devotion","Wish"],"picked":"Ragnarok+1","floor":16.0},{"not_picked":["Prostrate+1","SashWhip+1","CrushJoints+1"],"picked":"SKIP","floor":18.0},{"not_picked":["Adaptation","FlurryOfBlows+1","Indignation"],"picked":"SKIP","floor":19.0},{"not_picked":["EmptyBody","Study","Weave+1"],"picked":"SKIP","floor":20.0},{"not_picked":["CutThroughFate+1","Crescendo","PathToVictory"],"picked":"SKIP","floor":22.0},{"not_picked":["PathToVictory","Consecrate+1","BowlingBash+1"],"picked":"SKIP","floor":23.0},{"not_picked":["BowlingBash+1","ClearTheMind+1"],"picked":"DevaForm","floor":25.0},{"not_picked":["FlurryOfBlows+1","Nirvana","CutThroughFate+1"],"picked":"SKIP","floor":28.0},{"not_picked":["Fasting2","Sanctity","DevaForm"],"picked":"SKIP","floor":29.0},{"not_picked":["CrushJoints+1","Judgement","Pray"],"picked":"SKIP","floor":30.0},{"not_picked":["ThirdEye","SashWhip+1","Prostrate"],"picked":"SKIP","floor":31.0},{"not_picked":["DeusExMachina","DevaForm"],"picked":"Omniscience","floor":33.0},{"not_picked":["FlyingSleeves+1","Conclude+1","EmptyFist+1"],"picked":"SKIP","floor":35.0},{"not_picked":["EmptyFist+1","Evaluate"],"picked":"SandsOfTime+1","floor":36},{"not_picked":["FlurryOfBlows+1","FlyingSleeves+1"],"picked":"SandsOfTime+1","floor":39},{"not_picked":["BowlingBash+1","Sanctity"],"picked":"Protect","floor":40},{"not_picked":["CrushJoints+1","CutThroughFate+1","Evaluate"],"picked":"SKIP","floor":42},{"not_picked":["Brilliance+1","Meditate","Nirvana"],"picked":"SKIP","floor":44},{"not_picked":["CrushJoints+1","Fasting2+1","WindmillStrike+1"],"picked":"SKIP","floor":46},{"not_picked":["Evaluate","DeceiveReality"],"picked":"SpiritShield","floor":48},{"not_picked":["CutThroughFate+1","WindmillStrike+1"],"picked":"Wallop+1","floor":55}],"player_experience":2008964,"relics_obtained":[{"floor":6.0,"key":"Pear"},{"floor":8.0,"key":"Vajra"},{"floor":9.0,"key":"Molten Egg 2"},{"floor":14.0,"key":"Strawberry"},{"floor":23.0,"key":"White Beast Statue"},{"floor":26.0,"key":"Eternal Feather"},{"floor":28.0,"key":"Centennial Puzzle"},{"floor":30.0,"key":"MealTicket"},{"floor":40,"key":"Sundial"},{"floor":44,"key":"CaptainsWheel"},{"floor":48,"key":"Smiling Mask"},{"floor":55,"key":"Akabeko"}],"event_choices":[{"cards_removed":["Strike_P"],"damage_healed":0.0,"max_hp_gain":0.0,"max_hp_loss":0.0,"gold_gain":0.0,"event_name":"Golden Wing","player_choice":"Card Removal","floor":3.0,"gold_loss":0.0,"damage_taken":7.0},{"damage_healed":0.0,"max_hp_gain":0.0,"max_hp_loss":0.0,"gold_gain":0.0,"event_name":"Living Wall","player_choice":"Grow","floor":4.0,"gold_loss":0.0,"damage_taken":0.0,"cards_upgraded":["EmptyFist"]},{"damage_healed":0.0,"max_hp_gain":0.0,"max_hp_loss":0.0,"gold_gain":0.0,"event_name":"Liars Game","player_choice":"Ignored","floor":5.0,"gold_loss":0.0,"damage_taken":0.0},{"cards_removed":["Strike_P"],"damage_healed":0.0,"max_hp_gain":0.0,"max_hp_loss":0.0,"gold_gain":0.0,"event_name":"Bonfire Elementals","player_choice":"Offered Basic","floor":12.0,"gold_loss":0.0,"damage_taken":0.0},{"damage_healed":0.0,"max_hp_gain":0.0,"max_hp_loss":0.0,"gold_gain":0.0,"cards_transformed":["Strike_P"],"event_name":"Transmorgrifier","player_choice":"Transformed","floor":21.0,"gold_loss":0.0,"damage_taken":0.0,"cards_obtained":["Establishment"]},{"damage_healed":0,"gold_gain":0,"player_choice":"Max HP","damage_taken":0,"max_hp_gain":0,"max_hp_loss":5,"event_name":"Winding Halls","floor":37,"gold_loss":0},{"damage_healed":0,"gold_gain":0,"player_choice":"Forge","damage_taken":0,"max_hp_gain":0,"max_hp_loss":0,"event_name":"Accursed Blacksmith","floor":38,"gold_loss":0,"cards_upgraded":["Protect"]}],"is_beta":true,"boss_relics":[{"not_picked":["SlaversCollar","Calling Bell"],"picked":"Snecko Eye"},{"not_picked":["Runic Dome","Velvet Choker"],"picked":"Astrolabe"}],"items_purged_floors":[27,47],"is_endless":false,"potions_floor_spawned":[8,13,16,20,25,28,29,30,31,33,35,36,39,40,42,44,46,48,55],"killed_by":"The Heart","ascension_level":20}