{"gold_per_floor":[109,55,55,55,69,69,94,94,94,94,107,135,135,147,147,147],"floor_reached":16,"playtime":775,"items_purged":[],"score":266,"play_id":"a331d4ea-476d-420a-950d-57fa5a49283b","local_time":"20200329182714","is_ascension_mode":true,"campfire_choices":[{"data":"Blasphemy","floor":6,"key":"SMITH"},{"data":"Eruption","floor":8,"key":"SMITH"},{"data":"FlyingSleeves","floor":10,"key":"SMITH"},{"data":"Wish","floor":15,"key":"SMITH"}],"neow_cost":"NONE","seed_source_timestamp":1352518006519500,"circlet_count":0,"master_deck":["AscendersBane","Strike_P","Strike_P","Strike_P","Strike_P","Defend_P","Defend_P","Defend_P","Defend_P","Eruption+1","Vigilance","Prostrate","Blasphemy+1","FlyingSleeves+1","Protect","Wish+1","FollowUp"],"relics":["PureWater","NeowsBlessing","WarpedTongs","Tiny Chest","Yang"],"potions_floor_usage":[],"damage_taken":[{"damage":0,"enemies":"2 Louse","floor":1,"turns":1},{"damage":0,"enemies":"Cultist","floor":5,"turns":1},{"damage":1,"enemies":"3 Sentries","floor":7,"turns":2},{"damage":2,"enemies":"Small Slimes","floor":11,"turns":2},{"damage":14,"enemies":"Lagavulin","floor":12,"turns":6},{"damage":10,"enemies":"Exordium Thugs","floor":14,"turns":5},{"damage":34,"enemies":"Hexaghost","floor":16,"turns":9}],"seed_played":"-4135592084881187439","potions_obtained":[{"floor":7,"key":"LiquidMemories"},{"floor":11,"key":"Ancient Potion"},{"floor":12,"key":"Explosive Potion"}],"is_trial":false,"path_per_floor":["M","$","?","?","M","R","E","R","T","R","M","E","?","M","R","B"],"character_chosen":"WATCHER","items_purchased":["SteroidPotion"],"campfire_rested":0,"item_purchase_floors":[2],"current_hp_per_floor":[61,61,66,66,66,66,65,65,65,65,63,49,42,32,32,0],"gold":147,"neow_bonus":"THREE_ENEMY_KILL","is_prod":false,"is_daily":false,"chose_seed":false,"campfire_upgraded":4,"win_rate":0,"timestamp":1585502834,"path_taken":["M","$","?","?","M","R","E","R","T","R","?","E","?","M","R","BOSS"],"build_version":"2020-03-05","purchased_purges":0,"victory":false,"max_hp_per_floor":[68,68,73,73,73,73,73,73,73,73,73,73,73,73,73,73],"card_choices":[{"not_picked":["ThirdEye","FollowUp"],"picked":"Prostrate","floor":1},{"not_picked":["Collect","Protect"],"picked":"Blasphemy","floor":5},{"not_picked":["ThirdEye","EmptyBody"],"picked":"FlyingSleeves","floor":7},{"not_picked":["Crescendo","SashWhip"],"picked":"Protect","floor":11},{"not_picked":["MentalFortress","Nirvana"],"picked":"Wish","floor":12},{"not_picked":["FlyingSleeves","Collect"],"picked":"FollowUp","floor":14}],"player_experience":2334998,"relics_obtained":[{"floor":7,"key":"Tiny Chest"},{"floor":9,"key":"Yang"}],"event_choices":[{"damage_healed":0,"gold_gain":0,"player_choice":"Donut","damage_taken":0,"max_hp_gain":5,"max_hp_loss":0,"event_name":"Big Fish","floor":3,"gold_loss":0},{"damage_healed":0,"gold_gain":0,"player_choice":"Rummage","damage_taken":0,"relics_obtained":["WarpedTongs"],"max_hp_gain":0,"max_hp_loss":0,"event_name":"Accursed Blacksmith","floor":4,"gold_loss":0,"cards_obtained":["Pain"]},{"cards_removed":["Pain"],"damage_healed":0,"gold_gain":0,"player_choice":"Card Removal","damage_taken":7,"max_hp_gain":0,"max_hp_loss":0,"event_name":"Golden Wing","floor":13,"gold_loss":0}],"is_beta":true,"boss_relics":[],"items_purged_floors":[],"is_endless":false,"potions_floor_spawned":[7,11,12],"killed_by":"Hexaghost","ascension_level":20}