{"gold_per_floor":[215,225,225,244,256,287,0,11,38,38,65,75,102,121,121,121],"floor_reached":16,"playtime":1046,"items_purged":["Strike_P"],"score":298,"play_id":"3e6daea4-e0d9-4cae-aa27-baa5ae239b77","local_time":"20200330214624","is_ascension_mode":true,"campfire_choices":[{"floor":10,"key":"REST"},{"data":"TalkToTheHand","floor":15,"key":"SMITH"}],"neow_cost":"NONE","seed_source_timestamp":13184279265100,"circlet_count":0,"master_deck":["AscendersBane","Strike_P+1","Strike_P+1","Strike_P","Defend_P","Defend_P","Defend_P","Defend_P","Eruption","Vigilance","CutThroughFate","CrushJoints","Scrawl","Consecrate","InnerPeace","TalkToTheHand+1","Protect","Omniscience","Meditate"],"relics":["PureWater","Centennial Puzzle","Membership Card","Happy Flower","Oddly Smooth Stone","Bag of Marbles","Whetstone"],"potions_floor_usage":[5,6,11,16,16],"damage_taken":[{"damage":4,"enemies":"Small Slimes","floor":1,"turns":5},{"damage":0,"enemies":"Cultist","floor":2,"turns":2},{"damage":6,"enemies":"2 Louse","floor":4,"turns":3},{"damage":10,"enemies":"Exordium Wildlife","floor":5,"turns":6},{"damage":0,"enemies":"Lagavulin","floor":6,"turns":2},{"damage":0,"enemies":"2 Fungi Beasts","floor":8,"turns":3},{"damage":25,"enemies":"3 Sentries","floor":11,"turns":8},{"damage":6,"enemies":"Exordium Thugs","floor":12,"turns":5},{"damage":2,"enemies":"Lagavulin","floor":13,"turns":6},{"damage":0,"enemies":"Looter","floor":14,"turns":3},{"damage":31,"enemies":"Hexaghost","floor":16,"turns":10}],"seed_played":"5651746286751316174","potions_obtained":[{"floor":2,"key":"SkillPotion"},{"floor":5,"key":"FearPotion"},{"floor":8,"key":"Energy Potion"},{"floor":11,"key":"Swift Potion"},{"floor":12,"key":"SpeedPotion"}],"is_trial":false,"path_per_floor":["M","M","?","M","M","E","$","M","T","R","E","M","E","M","R","B"],"character_chosen":"WATCHER","items_purchased":["Membership Card","Happy Flower"],"campfire_rested":1,"item_purchase_floors":[7,7],"current_hp_per_floor":[57,57,57,51,41,41,41,41,41,61,36,30,28,28,28,0],"gold":121,"neow_bonus":"HUNDRED_GOLD","is_prod":false,"is_daily":false,"chose_seed":false,"campfire_upgraded":1,"win_rate":0,"timestamp":1585601184,"path_taken":["M","M","?","M","M","E","$","M","T","R","E","?","E","M","R","BOSS"],"build_version":"2020-03-05","purchased_purges":1,"victory":false,"max_hp_per_floor":[68,68,68,68,68,68,68,68,68,68,68,68,68,68,68,68],"card_choices":[{"not_picked":["SashWhip","Crescendo"],"picked":"CutThroughFate","floor":1},{"not_picked":["LikeWater","Consecrate"],"picked":"CrushJoints","floor":2},{"not_picked":["Indignation","WreathOfFlame"],"picked":"Consecrate","floor":4},{"not_picked":["Sanctity","JustLucky"],"picked":"InnerPeace","floor":5},{"not_picked":["CrushJoints","ReachHeaven"],"picked":"TalkToTheHand","floor":6},{"not_picked":["JustLucky","Consecrate"],"picked":"Protect","floor":8},{"not_picked":["Wireheading","ThirdEye","FlyingSleeves"],"picked":"SKIP","floor":11},{"not_picked":["Protect","FlyingSleeves"],"picked":"Omniscience","floor":12},{"not_picked":["Evaluate","Omniscience","Collect"],"picked":"SKIP","floor":13},{"not_picked":["Consecrate","Protect"],"picked":"Meditate","floor":14}],"player_experience":2335773,"relics_obtained":[{"floor":6,"key":"Centennial Puzzle"},{"floor":9,"key":"Oddly Smooth Stone"},{"floor":11,"key":"Bag of Marbles"},{"floor":13,"key":"Whetstone"}],"event_choices":[{"damage_healed":0,"gold_gain":0,"player_choice":"1 cards matched","damage_taken":0,"max_hp_gain":0,"max_hp_loss":0,"event_name":"Match and Keep!","floor":3,"gold_loss":0,"cards_obtained":["Scrawl"]}],"is_beta":true,"boss_relics":[],"items_purged_floors":[7],"is_endless":false,"potions_floor_spawned":[2,5,8,11,12],"killed_by":"Hexaghost","ascension_level":20}