{"gold_per_floor":[210,229,229,229,247,247,261,296,319,345,345,357,373,398,398,472,472,483,2,20,32,42,42],"floor_reached":23,"playtime":2222,"items_purged":["Strike_P"],"score":530,"play_id":"e1067446-a12f-4ca7-9f24-8636667137e0","local_time":"20200328092405","is_ascension_mode":true,"campfire_choices":[{"data":"SandsOfTime","floor":6.0,"key":"SMITH"},{"data":"WaveOfTheHand","floor":11,"key":"SMITH"},{"data":"Nirvana","floor":15,"key":"SMITH"}],"neow_cost":"NONE","seed_source_timestamp":1235631108405400,"circlet_count":0,"master_deck":["AscendersBane","Defend_P","Defend_P","Defend_P","Eruption","Vigilance","CutThroughFate","CutThroughFate","SandsOfTime+1","Evaluate","ThirdEye","WaveOfTheHand+1","Meditate","Nirvana+1","Consecrate","Establishment","Vengeance+1","SashWhip+1","Evaluate+1","Nirvana","Tantrum","FearNoEvil","ThirdEye","Weave"],"special_seed":0,"relics":["PureWater","Lantern","Dream Catcher","Art of War","Bird Faced Urn","Astrolabe","Singing Bowl"],"potions_floor_usage":[16,16,21,22,23],"damage_taken":[{"damage":10.0,"enemies":"Small Slimes","floor":1.0,"turns":4.0},{"damage":1.0,"enemies":"Cultist","floor":2.0,"turns":4.0},{"damage":3.0,"enemies":"2 Louse","floor":5.0,"turns":3.0},{"damage":3.0,"enemies":"Blue Slaver","floor":7.0,"turns":4.0},{"damage":0,"enemies":"Lagavulin","floor":8,"turns":4},{"damage":21,"enemies":"3 Sentries","floor":10,"turns":7},{"damage":4,"enemies":"Large Slime","floor":12,"turns":4},{"damage":2,"enemies":"2 Fungi Beasts","floor":13,"turns":3},{"damage":0,"enemies":"Lagavulin","floor":14,"turns":4},{"damage":33,"enemies":"Hexaghost","floor":16,"turns":11},{"damage":10,"enemies":"Shell Parasite","floor":18,"turns":3},{"damage":0,"enemies":"3 Byrds","floor":20,"turns":5},{"damage":40,"enemies":"Shelled Parasite and Fungi","floor":21,"turns":6},{"damage":15,"enemies":"Snake Plant","floor":22,"turns":8},{"damage":30,"enemies":"Book of Stabbing","floor":23,"turns":5}],"seed_played":"2100943423410316256","potions_obtained":[{"floor":7.0,"key":"Swift Potion"},{"floor":10,"key":"Regen Potion"},{"floor":12,"key":"Strength Potion"},{"floor":13,"key":"Regen Potion"},{"floor":16,"key":"DistilledChaos"},{"floor":18,"key":"Regen Potion"},{"floor":22,"key":"SpeedPotion"}],"is_trial":false,"path_per_floor":["M","M","?","?","M","R","M","E","T","E","R","M","M","E","R","B",null,"M","$","M","M","M","E"],"character_chosen":"WATCHER","items_purchased":["Singing Bowl","Tantrum","FearNoEvil"],"campfire_rested":0,"item_purchase_floors":[19,19,19],"current_hp_per_floor":[51,50,50,50,47,47,44,44,44,23,23,19,17,17,17,10,54,48,48,48,31,22,0],"gold":42,"neow_bonus":"HUNDRED_GOLD","is_prod":false,"is_daily":false,"chose_seed":false,"campfire_upgraded":3,"win_rate":0,"timestamp":1585387445,"path_taken":["M","M","?","?","M","R","M","E","T","E","R","M","?","E","R","BOSS","M","$","M","M","M","E"],"build_version":"2020-03-05","purchased_purges":1,"victory":false,"max_hp_per_floor":[68,68,68,68,68,68,68,68,68,68,68,68,68,68,68,68,68,68,68,68,70,70,70],"card_choices":[{"not_picked":["BowlingBash","Protect"],"picked":"CutThroughFate","floor":1.0},{"not_picked":["ClearTheMind","EmptyFist"],"picked":"CutThroughFate","floor":2.0},{"not_picked":["Prostrate","PathToVictory"],"picked":"SandsOfTime","floor":5.0},{"not_picked":["FlurryOfBlows","Study"],"picked":"Evaluate","floor":7.0},{"not_picked":["Swivel","JustLucky"],"picked":"ThirdEye","floor":8},{"not_picked":["Adaptation","Fasting2"],"picked":"WaveOfTheHand","floor":10},{"not_picked":["FollowUp","ThirdEye"],"picked":"Meditate","floor":12},{"not_picked":["WheelKick","Wireheading"],"picked":"Nirvana","floor":13},{"not_picked":["ClearTheMind","ConjureBlade"],"picked":"Consecrate","floor":14},{"not_picked":["DevaForm","Ragnarok"],"picked":"Establishment","floor":16},{"not_picked":["Collect","FlurryOfBlows"],"picked":"Nirvana","floor":18},{"not_picked":["Evaluate","WindmillStrike"],"picked":"ThirdEye","floor":20},{"not_picked":["Pray+1","FlurryOfBlows","SashWhip"],"picked":"Singing Bowl","floor":21},{"not_picked":["BowlingBash+1","Conclude"],"picked":"Weave","floor":22}],"player_experience":2331909,"relics_obtained":[{"floor":8,"key":"Lantern"},{"floor":9,"key":"Dream Catcher"},{"floor":10,"key":"Art of War"},{"floor":14,"key":"Bird Faced Urn"}],"event_choices":[{"damage_healed":0.0,"max_hp_gain":0.0,"max_hp_loss":0.0,"gold_gain":0.0,"event_name":"Liars Game","player_choice":"Ignored","floor":3.0,"gold_loss":0.0,"damage_taken":0.0},{"cards_removed":["Strike_P"],"damage_healed":0.0,"max_hp_gain":0.0,"max_hp_loss":0.0,"gold_gain":0.0,"event_name":"Purifier","player_choice":"Purged","floor":4.0,"gold_loss":0.0,"damage_taken":0.0}],"is_beta":true,"boss_relics":[{"not_picked":["Empty Cage","SlaversCollar"],"picked":"Astrolabe"}],"items_purged_floors":[19],"is_endless":false,"potions_floor_spawned":[7,10,12,13,14,16,18,22],"killed_by":"Book of Stabbing","ascension_level":20}