{"gold_per_floor":[116,133,133,152,12,12,46,46,46,71,71,83,83,111,111,186,186,205,223,236,118,118],"floor_reached":22,"playtime":1537,"items_purged":["Strike_P"],"score":458,"play_id":"5166f744-fb88-49f2-99bd-79683cb664de","local_time":"20200405131027","is_ascension_mode":true,"campfire_choices":[{"data":"SandsOfTime","floor":6.0,"key":"SMITH"},{"data":"CrushJoints","floor":8.0,"key":"SMITH"},{"data":"EmptyFist","floor":11.0,"key":"SMITH"},{"data":"MasterReality","floor":15.0,"key":"SMITH"}],"neow_cost":"TEN_PERCENT_HP_LOSS","seed_source_timestamp":0,"circlet_count":0,"master_deck":["AscendersBane","Strike_P","Strike_P","Defend_P","Defend_P","Defend_P","Defend_P","Eruption","Vigilance","MasterReality+1","CrushJoints+1","Evaluate","EmptyFist+1","SandsOfTime+1","FlurryOfBlows","Halt","Meditate","Devotion","WheelKick+1","DeceiveReality","WaveOfTheHand","Study"],"special_seed":0,"relics":["PureWater","Pen Nib","Toy Ornithopter","Yang","Matryoshka","Bronze Scales","SlaversCollar"],"potions_floor_usage":[22],"damage_taken":[{"damage":0.0,"enemies":"Jaw Worm","floor":1.0,"turns":3.0},{"damage":0.0,"enemies":"2 Louse","floor":2.0,"turns":3.0},{"damage":5.0,"enemies":"Cultist","floor":4.0,"turns":4.0},{"damage":17.0,"enemies":"Lagavulin","floor":7.0,"turns":7.0},{"damage":3.0,"enemies":"3 Sentries","floor":10.0,"turns":7.0},{"damage":2.0,"enemies":"Lots of Slimes","floor":12.0,"turns":4.0},{"damage":0.0,"enemies":"Gremlin Nob","floor":14.0,"turns":2.0},{"damage":4.0,"enemies":"Hexaghost","floor":16.0,"turns":7.0},{"damage":7.0,"enemies":"Chosen","floor":18.0,"turns":5.0},{"damage":0.0,"enemies":"Spheric Guardian","floor":19.0,"turns":3.0},{"damage":22,"enemies":"Centurion and Healer","floor":20,"turns":7},{"damage":40,"enemies":"Chosen and Byrds","floor":22,"turns":6}],"seed_played":"3115831983679716598","potions_obtained":[{"floor":7.0,"key":"Ambrosia"},{"floor":14.0,"key":"EntropicBrew"},{"floor":20,"key":"Fire Potion"}],"is_trial":false,"path_per_floor":["M","M","?","M","$","R","E","R","T","E","R","M","?","E","R","B",null,"M","M","M","$","M"],"character_chosen":"WATCHER","items_purchased":["Strength Potion","SandsOfTime","Study"],"campfire_rested":0,"item_purchase_floors":[5,5,21],"current_hp_per_floor":[61,61,56,51,51,51,34,34,34,31,31,29,29,34,34,30,54,47,47,25,25,0],"gold":118,"neow_bonus":"THREE_RARE_CARDS","is_prod":false,"is_daily":false,"chose_seed":false,"campfire_upgraded":4,"win_rate":0,"timestamp":1586117427,"path_taken":["M","M","?","M","$","R","E","R","T","E","R","M","?","E","R","BOSS","M","M","M","$","?"],"build_version":"2020-01-27","purchased_purges":1,"victory":false,"max_hp_per_floor":[62,62,62,62,62,62,62,62,62,62,62,62,62,62,62,62,62,62,62,62,62,62],"card_choices":[{"not_picked":["DeusExMachina","DevaForm"],"picked":"MasterReality","floor":0.0},{"not_picked":["EmptyBody","Consecrate"],"picked":"CrushJoints","floor":1.0},{"not_picked":["Sanctity","Protect"],"picked":"Evaluate","floor":2.0},{"not_picked":["FlurryOfBlows","Indignation"],"picked":"EmptyFist","floor":4.0},{"not_picked":["Omniscience","ClearTheMind"],"picked":"FlurryOfBlows","floor":7.0},{"not_picked":["WindmillStrike","Crescendo"],"picked":"Halt","floor":10.0},{"not_picked":["CrushJoints","SashWhip","FlyingSleeves"],"picked":"SKIP","floor":12.0},{"not_picked":["Worship","MentalFortress"],"picked":"Meditate","floor":14.0},{"not_picked":["Wish","DevaForm"],"picked":"Devotion","floor":16.0},{"not_picked":["Wireheading","LikeWater"],"picked":"WheelKick+1","floor":18.0},{"not_picked":["Halt","Consecrate"],"picked":"DeceiveReality","floor":19},{"not_picked":["InnerPeace+1","CutThroughFate"],"picked":"WaveOfTheHand","floor":20}],"player_experience":2336819,"relics_obtained":[{"floor":7.0,"key":"Toy Ornithopter"},{"floor":9.0,"key":"Yang"},{"floor":10.0,"key":"Matryoshka"},{"floor":14.0,"key":"Bronze Scales"}],"event_choices":[{"damage_healed":0.0,"max_hp_gain":0.0,"max_hp_loss":0.0,"gold_gain":0.0,"event_name":"Scrap Ooze","player_choice":"Success","floor":3.0,"gold_loss":0.0,"damage_taken":5.0,"relics_obtained":["Pen Nib"]},{"cards_removed":["Strike_P"],"damage_healed":0.0,"max_hp_gain":0.0,"max_hp_loss":0.0,"gold_gain":0.0,"event_name":"Purifier","player_choice":"Purged","floor":13.0,"gold_loss":0.0,"damage_taken":0.0}],"is_beta":true,"boss_relics":[{"not_picked":["Velvet Choker","Coffee Dripper"],"picked":"SlaversCollar"}],"items_purged_floors":[21],"is_endless":false,"potions_floor_spawned":[7,10,12,14,19,20],"killed_by":"Chosen and Byrds","ascension_level":20}