{"gold_per_floor":[363,383,348,368,42,76,95,125,150,178,188,188,204,216,216,290,290,307,16,16,33,33,45,45,58,58,90,103,116,116,173,173,245,245,305,305,369,369,408,408,484,484,537,553,553,121,135,135],"floor_reached":48,"playtime":4243,"items_purged":["Pain","Strike_P"],"score":1177,"play_id":"35b5ccc4-2118-411d-b39a-081c24ee98b2","local_time":"20200412113512","is_ascension_mode":true,"campfire_choices":[{"data":"Wallop","floor":15.0,"key":"SMITH"},{"floor":24.0,"key":"REST"},{"floor":30.0,"key":"RECALL"},{"floor":32.0,"key":"REST"},{"floor":40,"key":"REST"},{"floor":42,"key":"REST"},{"floor":45,"key":"REST"}],"neow_cost":"PERCENT_DAMAGE","seed_source_timestamp":0,"circlet_count":0,"master_deck":["AscendersBane","Defend_P","Defend_P","Defend_P+1","Defend_P","Eruption+1","Vigilance","BattleHymn","FollowUp","Halt","WheelKick","WaveOfTheHand","Evaluate","Halt","Wallop+1","FlurryOfBlows","SpiritShield","ThirdEye","Consecrate+1","Wish","ClearTheMind+1","Omniscience","Weave+1","Sanctity+1","LessonLearned+1","Wireheading+1","Protect","Eruption","Protect+1","Wallop","JustLucky+1"],"special_seed":0,"relics":["PureWater","PreservedInsect","Regal Pillow","GoldenEye","Bag of Preparation","Pen Nib","Akabeko","WarpedTongs","Fusion Hammer","Bronze Scales","StrikeDummy","Happy Flower","Blood Vial","Astrolabe","Art of War","Sundial"],"potions_floor_usage":[44,48],"damage_taken":[{"damage":9.0,"enemies":"2 Louse","floor":1.0,"turns":3.0},{"damage":2.0,"enemies":"Jaw Worm","floor":2.0,"turns":3.0},{"damage":0.0,"enemies":"Cultist","floor":4.0,"turns":2.0},{"damage":15.0,"enemies":"Lagavulin","floor":6.0,"turns":6.0},{"damage":3.0,"enemies":"Looter","floor":7.0,"turns":3.0},{"damage":8.0,"enemies":"Gremlin Nob","floor":8.0,"turns":3.0},{"damage":0.0,"enemies":"Lagavulin","floor":10.0,"turns":4.0},{"damage":0.0,"enemies":"Blue Slaver","floor":11.0,"turns":4.0},{"damage":0.0,"enemies":"2 Fungi Beasts","floor":13.0,"turns":2.0},{"damage":8.0,"enemies":"Lots of Slimes","floor":14.0,"turns":6.0},{"damage":6.0,"enemies":"Hexaghost","floor":16.0,"turns":8.0},{"damage":17.0,"enemies":"Shell Parasite","floor":18.0,"turns":5.0},{"damage":13.0,"enemies":"Chosen","floor":21.0,"turns":5.0},{"damage":0.0,"enemies":"Snecko","floor":23.0,"turns":4.0},{"damage":0.0,"enemies":"Snake Plant","floor":25.0,"turns":3.0},{"damage":5.0,"enemies":"Book of Stabbing","floor":27.0,"turns":4.0},{"damage":7.0,"enemies":"Sentry and Sphere","floor":28.0,"turns":4.0},{"damage":0.0,"enemies":"Centurion and Healer","floor":29.0,"turns":6.0},{"damage":0.0,"enemies":"Gremlin Leader","floor":31.0,"turns":4.0},{"damage":10.0,"enemies":"Champ","floor":33.0,"turns":7.0},{"damage":9,"enemies":"3 Shapes","floor":35,"turns":8},{"damage":14,"enemies":"3 Darklings","floor":37,"turns":7},{"damage":1,"enemies":"Maw","floor":39,"turns":8},{"damage":31,"enemies":"Nemesis","floor":41,"turns":7},{"damage":4,"enemies":"Writhing Mass","floor":44,"turns":7},{"damage":0,"enemies":"3 Darklings","floor":47,"turns":6},{"damage":70,"enemies":"Reptomancer","floor":48,"turns":3}],"seed_played":"-4518684585843378884","potions_obtained":[{"floor":1.0,"key":"Weak Potion"},{"floor":4.0,"key":"DuplicationPotion"},{"floor":10.0,"key":"AttackPotion"},{"floor":16.0,"key":"BlessingOfTheForge"},{"floor":18.0,"key":"Fruit Juice"},{"floor":35,"key":"SkillPotion"}],"is_trial":false,"path_per_floor":["M","M","?","M","$","E","M","E","T","E","M","?","M","M","R","B",null,"M","$","?","M","?","M","R","M","T","E","M","M","R","E","R","B",null,"M","?","M","?","M","R","E","R","T","M","R","$","M","E"],"character_chosen":"WATCHER","items_purchased":["PreservedInsect","Regal Pillow","Bronze Scales","PowerPotion","Sundial","Wallop"],"campfire_rested":5,"item_purchase_floors":[5,5,19,19,46,46],"current_hp_per_floor":[34,32,49,49,49,34,31,23,23,23,23,23,23,15,15,9,53,36,41,41,28,28,28,64,64,64,59,52,52,52,52,73,63,71,64,64,52,52,53,69,38,69,69,65,69,69,69,0],"gold":135,"neow_bonus":"TWO_FIFTY_GOLD","is_prod":false,"is_daily":false,"chose_seed":false,"campfire_upgraded":1,"win_rate":0,"timestamp":1586716512,"path_taken":["M","M","?","M","$","E","M","E","T","E","M","?","?","M","R","BOSS","M","$","?","M","?","M","R","M","T","E","M","M","R","E","R","BOSS","M","?","M","?","M","R","E","R","T","M","R","$","M","E"],"build_version":"2020-01-27","purchased_purges":2,"victory":false,"max_hp_per_floor":[68,68,68,68,68,68,68,68,68,68,68,68,68,68,68,68,68,68,73,73,73,73,73,73,73,73,73,73,73,73,73,73,73,73,73,69,69,69,69,69,69,69,69,69,69,69,69,69],"card_choices":[{"not_picked":["Perseverance","Indignation"],"picked":"BattleHymn","floor":1.0},{"not_picked":["Evaluate","ThirdEye"],"picked":"FollowUp","floor":2.0},{"not_picked":["ThirdEye","EmptyBody"],"picked":"Halt","floor":4.0},{"not_picked":["FollowUp","PathToVictory"],"picked":"WheelKick","floor":6.0},{"not_picked":["SashWhip","Sanctity"],"picked":"WaveOfTheHand","floor":7.0},{"not_picked":["Crescendo","Ragnarok"],"picked":"Evaluate","floor":8.0},{"not_picked":["ThirdEye","SandsOfTime"],"picked":"Halt","floor":10.0},{"not_picked":["CutThroughFate","EmptyFist"],"picked":"Wallop","floor":11.0},{"not_picked":["JustLucky","SashWhip","WaveOfTheHand"],"picked":"SKIP","floor":13.0},{"not_picked":["Scrawl","PathToVictory"],"picked":"FlurryOfBlows","floor":14.0},{"not_picked":["DevaForm","Brilliance"],"picked":"SpiritShield","floor":16.0},{"not_picked":["Crescendo","FollowUp","CarveReality"],"picked":"SKIP","floor":18.0},{"not_picked":["FlurryOfBlows","Sanctity"],"picked":"ThirdEye","floor":21.0},{"not_picked":["Tantrum","Collect"],"picked":"Consecrate","floor":23.0},{"not_picked":["SashWhip","Tantrum","Crescendo"],"picked":"SKIP","floor":25.0},{"not_picked":["ClearTheMind","Halt","Consecrate"],"picked":"SKIP","floor":27.0},{"not_picked":["ThirdEye","FollowUp","JustLucky"],"picked":"SKIP","floor":28.0},{"not_picked":["EmptyBody+1","Indignation"],"picked":"Wish","floor":29.0},{"not_picked":["Tantrum","Halt"],"picked":"ClearTheMind+1","floor":31.0},{"not_picked":["DeusExMachina","Scrawl"],"picked":"Omniscience","floor":33.0},{"not_picked":["Worship","JustLucky"],"picked":"Wireheading","floor":35},{"not_picked":["FlyingSleeves","JustLucky+1"],"picked":"Protect","floor":37},{"not_picked":["PathToVictory","Consecrate","BattleHymn"],"picked":"SKIP","floor":39},{"not_picked":["Nirvana","Omniscience"],"picked":"Protect+1","floor":41},{"not_picked":["Study","Swivel","EmptyBody"],"picked":"SKIP","floor":44},{"not_picked":["ThirdEye+1","Meditate"],"picked":"JustLucky+1","floor":47}],"player_experience":2338356,"relics_obtained":[{"floor":6.0,"key":"GoldenEye"},{"floor":8.0,"key":"Bag of Preparation"},{"floor":9.0,"key":"Pen Nib"},{"floor":10.0,"key":"Akabeko"},{"floor":26.0,"key":"StrikeDummy"},{"floor":27.0,"key":"Happy Flower"},{"floor":31.0,"key":"Blood Vial"},{"floor":41,"key":"Art of War"}],"event_choices":[{"damage_healed":17.0,"max_hp_gain":0.0,"max_hp_loss":0.0,"gold_gain":0.0,"event_name":"The Cleric","player_choice":"Healed","floor":3.0,"gold_loss":35.0,"damage_taken":0.0},{"damage_healed":0.0,"max_hp_gain":0.0,"max_hp_loss":0.0,"gold_gain":0.0,"event_name":"Accursed Blacksmith","player_choice":"Rummage","floor":12.0,"gold_loss":0.0,"damage_taken":0.0,"relics_obtained":["WarpedTongs"],"cards_obtained":["Pain"]},{"damage_healed":0.0,"max_hp_gain":0.0,"max_hp_loss":0.0,"gold_gain":0.0,"event_name":"Ghosts","player_choice":"Ignored","floor":20.0,"gold_loss":0.0,"damage_taken":0.0},{"damage_healed":0.0,"max_hp_gain":0.0,"max_hp_loss":0.0,"gold_gain":0.0,"event_name":"Vampires","player_choice":"Ignored","floor":22.0,"gold_loss":0.0,"damage_taken":0.0},{"damage_healed":0,"gold_gain":0,"player_choice":"Max HP","damage_taken":0,"max_hp_gain":0,"max_hp_loss":4,"event_name":"Winding Halls","floor":36,"gold_loss":0},{"damage_healed":0,"gold_gain":0,"player_choice":"1 cards matched","damage_taken":0,"max_hp_gain":0,"max_hp_loss":0,"event_name":"Match and Keep!","floor":38,"gold_loss":0,"cards_obtained":["Eruption"]}],"is_beta":true,"boss_relics":[{"not_picked":["VioletLotus","Ectoplasm"],"picked":"Fusion Hammer"},{"not_picked":["HolyWater","Sozu"],"picked":"Astrolabe"}],"items_purged_floors":[19,46],"is_endless":false,"potions_floor_spawned":[1,4,6,10,14,16,18,21,29,31,35,37],"killed_by":"Reptomancer","ascension_level":20}