{"gold_per_floor":[111,91,101,120,195,226,226,255,302,337,337,98,109,141,141,216,216,232,5,5,5,24,24,44,61,129,179,3,3,34,34,34,111,161,180,1,1,11,21,21,21],"floor_reached":41,"playtime":5809,"items_purged":["Strike_P","Strike_P","Strike_P","Strike_P"],"score":1099,"play_id":"23616d6b-8022-4d94-8bd0-c75dd38228c2","local_time":"20200516100742","is_ascension_mode":true,"campfire_choices":[{"data":"Conclude","floor":7.0,"key":"SMITH"},{"data":"SpiritShield","floor":15.0,"key":"SMITH"},{"data":"TalkToTheHand","floor":23,"key":"SMITH"},{"data":"Wallop","floor":29,"key":"SMITH"},{"data":"WaveOfTheHand","floor":32,"key":"SMITH"},{"floor":40,"key":"REST"}],"neow_cost":"NONE","seed_source_timestamp":0,"circlet_count":0,"master_deck":["AscendersBane","Defend_P","Defend_P","Defend_P","Eruption+1","Vigilance","Conclude+1","BattleHymn","FlurryOfBlows","WaveOfTheHand+1","Protect","Wallop+1","SpiritShield+1","Wireheading","EmptyFist","SandsOfTime","MasterReality","Prostrate","TalkToTheHand+1","Protect","Prostrate","CutThroughFate","ClearTheMind+1","Sanctity","Establishment","SpiritShield+1"],"special_seed":0,"relics":["PureWater","NeowsBlessing","Pear","Nunchaku","Smiling Mask","The Courier","Bottled Tornado","Philosopher\u0027s Stone","Letter Opener","Lee\u0027s Waffle","Pantograph","Tiny House","DollysMirror"],"potions_floor_usage":[18,30,30],"damage_taken":[{"damage":0.0,"enemies":"2 Louse","floor":1.0,"turns":1.0},{"damage":0.0,"enemies":"Cultist","floor":3.0,"turns":1.0},{"damage":0.0,"enemies":"Jaw Worm","floor":4.0,"turns":1.0},{"damage":0.0,"enemies":"Gremlin Nob","floor":6.0,"turns":2.0},{"damage":0.0,"enemies":"3 Sentries","floor":8.0,"turns":2.0},{"damage":0.0,"enemies":"Lagavulin","floor":10.0,"turns":4.0},{"damage":3.0,"enemies":"Blue Slaver","floor":13.0,"turns":3.0},{"damage":0.0,"enemies":"Gremlin Nob","floor":14.0,"turns":3.0},{"damage":28.0,"enemies":"Hexaghost","floor":16.0,"turns":9.0},{"damage":0,"enemies":"Spheric Guardian","floor":18,"turns":3},{"damage":6,"enemies":"Shell Parasite","floor":22,"turns":6},{"damage":12,"enemies":"Snake Plant","floor":24,"turns":5},{"damage":11,"enemies":"Snecko","floor":25,"turns":6},{"damage":12,"enemies":"Gremlin Leader","floor":30,"turns":6},{"damage":41,"enemies":"Champ","floor":33,"turns":12},{"damage":33,"enemies":"3 Darklings","floor":35,"turns":6},{"damage":2,"enemies":"Orb Walker","floor":38,"turns":3},{"damage":31,"enemies":"Transient","floor":39,"turns":6},{"damage":45,"enemies":"Reptomancer","floor":41,"turns":3}],"seed_played":"-4119962226960159494","potions_obtained":[{"floor":1.0,"key":"Dexterity Potion"},{"floor":2.0,"key":"Ambrosia"},{"floor":3.0,"key":"BlessingOfTheForge"},{"floor":8.0,"key":"StancePotion"},{"floor":24,"key":"AttackPotion"},{"floor":25,"key":"Explosive Potion"},{"floor":33,"key":"SteroidPotion"},{"floor":34,"key":"LiquidBronze"},{"floor":37,"key":"Ambrosia"}],"is_trial":false,"path_per_floor":["M","?","M","M","?","E","R","E","T","E","?","$","M","E","R","B",null,"M","$","?","?","M","R","M","M","T","?","$","R","E","?","R","B",null,"M","$","?","M","M","R","E"],"character_chosen":"WATCHER","items_purchased":["Wallop","SpiritShield","Wireheading","TalkToTheHand","Protect","Prostrate","CutThroughFate","Lee\u0027s Waffle","DollysMirror"],"campfire_rested":1,"item_purchase_floors":[12,12,12,19,19,19,19,28,36],"current_hp_per_floor":[61,61,61,61,50,60,60,60,60,60,60,60,57,57,57,29,66,66,66,66,66,60,60,48,37,37,37,85,85,73,48,48,32,81,48,48,48,46,15,43,0],"gold":21,"neow_bonus":"THREE_ENEMY_KILL","is_prod":false,"is_daily":false,"chose_seed":false,"campfire_upgraded":5,"win_rate":0,"timestamp":1589648862,"path_taken":["M","?","?","M","?","E","R","E","T","E","?","?","M","E","R","BOSS","M","$","?","?","M","R","M","?","T","?","?","R","E","?","R","BOSS","M","$","?","M","?","R","E"],"build_version":"2020-01-27","purchased_purges":4,"victory":false,"max_hp_per_floor":[68,68,68,68,68,78,78,78,78,78,78,78,78,78,78,78,78,78,78,78,78,78,78,78,78,78,78,85,85,85,90,90,90,95,95,95,95,95,95,95,95],"card_choices":[{"not_picked":["Meditate","EmptyFist"],"picked":"Conclude","floor":1.0},{"not_picked":["JustLucky","Sanctity"],"picked":"BattleHymn","floor":3.0},{"not_picked":["InnerPeace","Indignation"],"picked":"FlurryOfBlows","floor":4.0},{"not_picked":["BowlingBash","SignatureMove"],"picked":"WaveOfTheHand","floor":6.0},{"not_picked":["ThirdEye","EmptyFist"],"picked":"Protect","floor":8.0},{"not_picked":["Indignation","Fasting2","SignatureMove"],"picked":"SKIP","floor":10.0},{"not_picked":["Crescendo","Wallop"],"picked":"EmptyFist","floor":13.0},{"not_picked":["Consecrate","Conclude"],"picked":"SandsOfTime","floor":14.0},{"not_picked":["Devotion","Wish"],"picked":"MasterReality","floor":16.0},{"not_picked":["EmptyFist","Adaptation"],"picked":"Prostrate","floor":18},{"not_picked":["Conclude","Fasting2","Nirvana"],"picked":"SKIP","floor":22},{"not_picked":["FollowUp","Prostrate"],"picked":"ClearTheMind+1","floor":24},{"not_picked":["Wallop","CarveReality+1"],"picked":"Sanctity","floor":25},{"not_picked":["Protect","FollowUp+1","Halt"],"picked":"SKIP","floor":30},{"not_picked":["Devotion","Judgement"],"picked":"Establishment","floor":33},{"not_picked":["WindmillStrike","EmptyBody","EmptyFist"],"picked":"SKIP","floor":35},{"not_picked":["JustLucky+1","Halt+1","PathToVictory"],"picked":"SKIP","floor":38},{"not_picked":["ThirdEye","FlurryOfBlows","ReachHeaven+1"],"picked":"SKIP","floor":39}],"player_experience":2344215,"relics_obtained":[{"floor":6.0,"key":"Pear"},{"floor":8.0,"key":"Nunchaku"},{"floor":9.0,"key":"Smiling Mask"},{"floor":10.0,"key":"The Courier"},{"floor":14.0,"key":"Bottled Tornado"},{"floor":26,"key":"Letter Opener"},{"floor":30,"key":"Pantograph"}],"event_choices":[{"damage_healed":0.0,"max_hp_gain":0.0,"max_hp_loss":0.0,"gold_gain":0.0,"event_name":"The Woman in Blue","player_choice":"Bought 1 Potion","floor":2.0,"gold_loss":0.0,"damage_taken":0.0},{"damage_healed":0.0,"max_hp_gain":0.0,"max_hp_loss":0.0,"gold_gain":75.0,"event_name":"World of Goop","player_choice":"Gather Gold","floor":5.0,"gold_loss":0.0,"damage_taken":11.0},{"damage_healed":0.0,"max_hp_gain":0.0,"max_hp_loss":0.0,"gold_gain":0.0,"event_name":"Liars Game","player_choice":"Ignored","floor":11.0,"gold_loss":0.0,"damage_taken":0.0},{"damage_healed":0,"gold_gain":0,"player_choice":"Ignored","damage_taken":0,"max_hp_gain":0,"max_hp_loss":0,"event_name":"Vampires","floor":20,"gold_loss":0},{"cards_removed":["Defend_P"],"damage_healed":0,"gold_gain":0,"player_choice":"Purged","damage_taken":0,"max_hp_gain":0,"max_hp_loss":0,"event_name":"Purifier","floor":21,"gold_loss":0},{"damage_healed":0,"gold_gain":50,"player_choice":"Stole From Cult","damage_taken":0,"max_hp_gain":0,"max_hp_loss":0,"event_name":"Nest","floor":27,"gold_loss":0},{"damage_healed":0,"gold_gain":0,"player_choice":"Shed Blood","damage_taken":30,"max_hp_gain":5,"max_hp_loss":0,"event_name":"Forgotten Altar","floor":31,"gold_loss":0},{"damage_healed":0,"gold_gain":0,"player_choice":"Got Potions","damage_taken":0,"max_hp_gain":0,"max_hp_loss":0,"event_name":"Lab","floor":37,"gold_loss":0}],"is_beta":true,"boss_relics":[{"not_picked":["Black Star","Busted Crown"],"picked":"Philosopher\u0027s Stone"},{"not_picked":["Runic Dome","Runic Pyramid"],"picked":"Tiny House"}],"items_purged_floors":[12,19,28,36],"is_endless":false,"potions_floor_spawned":[1,3,8,14,24,25,33,38],"killed_by":"Reptomancer","ascension_level":20}