{"gold_per_floor":[116,131,131,56,72,72,72,72,72,107,107,146,146,185,185,279,279,302,302,282,307,12,55,67,93,129,172,208,235,247,297,309,420,432,457,482,207,232,81,81,112,112,112,152,152,485,485,512,512,512,512,512,512,189,218,218],"floor_reached":57,"playtime":6479,"items_purged":["Strike_P","Judgement+1"],"score":3049,"play_id":"3c5f9cff-afdd-4ef7-906b-28c87ab11009","local_time":"20200516174741","is_ascension_mode":true,"campfire_choices":[{"data":"Judgement","floor":6.0,"key":"SMITH"},{"data":"Weave","floor":8.0,"key":"SMITH"},{"floor":11.0,"key":"REST"},{"data":"TalkToTheHand","floor":13.0,"key":"SMITH"},{"data":"TalkToTheHand","floor":15.0,"key":"SMITH"},{"floor":24.0,"key":"REST"},{"data":"Fasting2","floor":30.0,"key":"SMITH"},{"data":"TalkToTheHand","floor":32.0,"key":"SMITH"},{"floor":40.0,"key":"RECALL"},{"data":"TalkToTheHand","floor":42.0,"key":"SMITH"},{"data":"Ragnarok","floor":45.0,"key":"SMITH"},{"data":"Fasting2","floor":49.0,"key":"SMITH"},{"floor":53,"key":"REST"}],"neow_cost":"NONE","seed_source_timestamp":0,"circlet_count":0,"master_deck":["AscendersBane","Defend_P","Defend_P","Eruption","Vigilance","CutThroughFate","Weave+1","MentalFortress","TalkToTheHand+1","TalkToTheHand+1","Protect+1","Vault+1","ThirdEye+1","EmptyBody+1","FollowUp+1","Conclude","WaveOfTheHand+1","FollowUp","FlurryOfBlows","Tantrum","Flash of Steel","Vault+1","Meditate+1","TalkToTheHand+1","Fasting2+1","Omniscience+1","TalkToTheHand+1","TalkToTheHand+1","Wallop","Protect+1","Ragnarok+1","Wireheading+1","Fasting2+1","EmptyBody+1","DeceiveReality+1"],"special_seed":0,"relics":["PureWater","TeardropLocket","Letter Opener","Centennial Puzzle","Toxic Egg 2","Astrolabe","OrangePellets","MawBank","Dead Branch","Toy Ornithopter","Cursed Key","DollysMirror","Yang","PreservedInsect","Damaru","Anchor","Orichalcum"],"potions_floor_usage":[55,56],"damage_taken":[{"damage":2.0,"enemies":"2 Louse","floor":1.0,"turns":3.0},{"damage":0.0,"enemies":"Small Slimes","floor":2.0,"turns":2.0},{"damage":0.0,"enemies":"Cultist","floor":5.0,"turns":2.0},{"damage":28.0,"enemies":"Lagavulin","floor":10.0,"turns":6.0},{"damage":0.0,"enemies":"Gremlin Nob","floor":12.0,"turns":2.0},{"damage":5.0,"enemies":"3 Sentries","floor":14.0,"turns":4.0},{"damage":18.0,"enemies":"Slime Boss","floor":16.0,"turns":6.0},{"damage":0.0,"enemies":"Spheric Guardian","floor":18.0,"turns":1.0},{"damage":0.0,"enemies":"3 Byrds","floor":21.0,"turns":6.0},{"damage":9.0,"enemies":"Book of Stabbing","floor":23.0,"turns":6.0},{"damage":0.0,"enemies":"Sentry and Sphere","floor":25.0,"turns":4.0},{"damage":0.0,"enemies":"Slavers","floor":27.0,"turns":3.0},{"damage":0.0,"enemies":"3 Cultists","floor":28.0,"turns":3.0},{"damage":0.0,"enemies":"Centurion and Healer","floor":29.0,"turns":6.0},{"damage":0.0,"enemies":"Gremlin Leader","floor":31.0,"turns":5.0},{"damage":17.0,"enemies":"Collector","floor":33.0,"turns":9.0},{"damage":0.0,"enemies":"Orb Walker","floor":35.0,"turns":4.0},{"damage":0.0,"enemies":"3 Shapes","floor":36.0,"turns":3.0},{"damage":0.0,"enemies":"Spire Growth","floor":38.0,"turns":4.0},{"damage":0.0,"enemies":"Giant Head","floor":41.0,"turns":9.0},{"damage":13.0,"enemies":"Nemesis","floor":44.0,"turns":10.0},{"damage":0.0,"enemies":"Giant Head","floor":48.0,"turns":11.0},{"damage":18,"enemies":"Donu and Deca","floor":50,"turns":9},{"damage":8,"enemies":"Awakened One","floor":51,"turns":15},{"damage":7,"enemies":"Shield and Spear","floor":55,"turns":7},{"damage":2,"enemies":"The Heart","floor":56,"turns":9}],"seed_played":"-2961588216074831815","potions_obtained":[{"floor":2.0,"key":"Swift Potion"},{"floor":16.0,"key":"Fruit Juice"},{"floor":18.0,"key":"Ambrosia"},{"floor":20.0,"key":"ColorlessPotion"},{"floor":23.0,"key":"LiquidBronze"},{"floor":55,"key":"Regen Potion"}],"is_trial":false,"path_per_floor":["M","M","?","$","M","R","?","R","T","E","R","E","R","E","R","B",null,"M","?","?","M","$","E","R","M","T","E","M","M","R","E","R","B",null,"M","M","$","M","$","R","E","R","T","E","R","?","?","E","R","B","B",null,"R","$","E","B",null],"character_chosen":"WATCHER","items_purchased":["OrangePellets","Tantrum","Flash of Steel","TalkToTheHand","DollysMirror","Wallop","Ragnarok","EmptyBody+1","Anchor"],"campfire_rested":3,"item_purchase_floors":[22,22,22,37,37,37,39,54,54],"current_hp_per_floor":[59,59,59,59,59,59,36,36,36,8,28,28,28,23,23,5,52,52,52,57,57,57,48,69,69,69,69,69,69,69,69,69,52,68,68,68,68,68,68,68,68,68,68,55,55,55,55,55,55,37,29,59,69,69,62,65],"gold":218,"neow_bonus":"ONE_RANDOM_RARE_CARD","is_prod":false,"is_daily":false,"chose_seed":false,"campfire_upgraded":9,"win_rate":0,"timestamp":1589676461,"path_taken":["M","M","?","$","M","R","?","R","T","E","R","E","R","E","R","BOSS","M","?","?","M","$","E","R","M","T","E","M","M","R","E","R","BOSS","M","M","$","?","?","R","E","R","T","E","R","?","?","E","R","BOSS","BOSS","R","$","E","BOSS"],"build_version":"2020-01-27","purchased_purges":2,"victory":true,"max_hp_per_floor":[68,68,68,68,68,68,68,68,68,68,68,68,68,68,68,68,68,68,68,73,73,73,73,73,73,73,73,73,73,73,73,73,73,73,73,73,73,73,73,73,73,73,73,73,73,73,69,69,69,69,69,69,69,69,69,69],"card_choices":[{"not_picked":["Evaluate","ThirdEye"],"picked":"CutThroughFate","floor":1.0},{"not_picked":["FlurryOfBlows","FollowUp"],"picked":"Weave","floor":2.0},{"not_picked":["PathToVictory","SignatureMove"],"picked":"MentalFortress","floor":5.0},{"not_picked":["Wireheading","Evaluate"],"picked":"TalkToTheHand","floor":10.0},{"not_picked":["ReachHeaven","Perseverance"],"picked":"TalkToTheHand","floor":12.0},{"not_picked":["CutThroughFate","CrushJoints"],"picked":"Protect+1","floor":14.0},{"not_picked":["ConjureBlade+1","DevaForm"],"picked":"Vault+1","floor":16.0},{"not_picked":["Consecrate","WindmillStrike"],"picked":"Conclude","floor":18.0},{"not_picked":["FollowUp","EmptyBody+1"],"picked":"FlurryOfBlows","floor":21.0},{"not_picked":["Adaptation","Evaluate+1"],"picked":"Vault+1","floor":23.0},{"not_picked":["LikeWater","FlurryOfBlows"],"picked":"Meditate+1","floor":25.0},{"not_picked":["Meditate+1","BowlingBash"],"picked":"TalkToTheHand","floor":27.0},{"not_picked":["EmptyFist","Conclude","CrushJoints"],"picked":"SKIP","floor":28.0},{"not_picked":["ForeignInfluence+1","FlurryOfBlows"],"picked":"Fasting2","floor":29.0},{"not_picked":["ClearTheMind+1","Crescendo+1","JustLucky"],"picked":"SKIP","floor":31.0},{"not_picked":["Brilliance","DevaForm"],"picked":"Omniscience+1","floor":33.0},{"not_picked":["ClearTheMind+1","JustLucky","FollowUp+1"],"picked":"SKIP","floor":35.0},{"not_picked":["Wireheading+1","BattleHymn","Perseverance+1"],"picked":"SKIP","floor":36.0},{"not_picked":["InnerPeace+1","ClearTheMind+1"],"picked":"Protect+1","floor":38.0},{"not_picked":["Halt+1","Consecrate"],"picked":"Wireheading+1","floor":41.0},{"not_picked":["SashWhip","EmptyFist+1","Study+1"],"picked":"SKIP","floor":44.0},{"not_picked":["JustLucky","Halt+1"],"picked":"Fasting2","floor":48.0},{"not_picked":["ReachHeaven","LikeWater"],"picked":"DeceiveReality+1","floor":55}],"player_experience":2350024,"relics_obtained":[{"floor":9.0,"key":"TeardropLocket"},{"floor":10.0,"key":"Letter Opener"},{"floor":12.0,"key":"Centennial Puzzle"},{"floor":14.0,"key":"Toxic Egg 2"},{"floor":23.0,"key":"MawBank"},{"floor":27.0,"key":"Dead Branch"},{"floor":31.0,"key":"Toy Ornithopter"},{"floor":41.0,"key":"Yang"},{"floor":44.0,"key":"PreservedInsect"},{"floor":48.0,"key":"Damaru"},{"floor":55,"key":"Orichalcum"}],"event_choices":[{"damage_healed":0.0,"max_hp_gain":0.0,"max_hp_loss":0.0,"gold_gain":0.0,"event_name":"The Cleric","player_choice":"Leave","floor":3.0,"gold_loss":0.0,"damage_taken":0.0},{"damage_healed":0.0,"max_hp_gain":0.0,"max_hp_loss":0.0,"gold_gain":0.0,"event_name":"Golden Idol","player_choice":"Take Damage","floor":7.0,"gold_loss":0.0,"damage_taken":23.0,"relics_obtained":["Golden Idol"]},{"damage_healed":0.0,"max_hp_gain":0.0,"max_hp_loss":0.0,"gold_gain":0.0,"cards_transformed":["Strike_P","Defend_P"],"event_name":"Drug Dealer","player_choice":"Became Test Subject","floor":19.0,"gold_loss":0.0,"damage_taken":0.0,"cards_obtained":["WaveOfTheHand","FollowUp"]},{"damage_healed":0.0,"max_hp_gain":0.0,"max_hp_loss":0.0,"gold_gain":0.0,"event_name":"The Woman in Blue","player_choice":"Bought 1 Potion","floor":20.0,"gold_loss":0.0,"damage_taken":0.0},{"damage_healed":0.0,"max_hp_gain":0.0,"max_hp_loss":0.0,"gold_gain":333.0,"event_name":"The Moai Head","player_choice":"Gave Idol","floor":46.0,"relics_lost":["Golden Idol"],"gold_loss":0.0,"damage_taken":0.0},{"damage_healed":0.0,"max_hp_gain":0.0,"max_hp_loss":4.0,"gold_gain":0.0,"event_name":"Winding Halls","player_choice":"Max HP","floor":47.0,"gold_loss":0.0,"damage_taken":0.0}],"is_beta":true,"boss_relics":[{"not_picked":["Runic Dome","Empty Cage"],"picked":"Astrolabe"},{"not_picked":["Busted Crown","SacredBark"],"picked":"Cursed Key"}],"items_purged_floors":[4,54],"is_endless":false,"potions_floor_spawned":[2,16,18,23,25,29,38,41,44,55],"ascension_level":20}