{"gold_per_floor":[110,130,150,91,65,65,95,112,166,198,198,224,224,224,224,297,297,307,323,117,128,128,159,159,184,210,210,223,223],"floor_reached":29,"playtime":2064,"items_purged":["Strike_P"],"score":612,"play_id":"9e477801-a4a3-453d-a278-a29f7b589e7f","local_time":"20200531143323","is_ascension_mode":true,"campfire_choices":[{"data":"CrushJoints","floor":6,"key":"SMITH"},{"data":"EmptyFist","floor":11,"key":"SMITH"},{"data":"TalkToTheHand","floor":13,"key":"SMITH"},{"data":"CutThroughFate","floor":15,"key":"SMITH"},{"data":"Vault","floor":24,"key":"SMITH"},{"data":"TalkToTheHand","floor":27,"key":"SMITH"}],"neow_cost":"NONE","seed_source_timestamp":127712475096565,"circlet_count":0,"master_deck":["AscendersBane","Strike_P","Strike_P","Strike_P","Defend_P","Defend_P","Defend_P","Defend_P","Eruption+1","Vigilance","CrushJoints+1","Weave+1","Wireheading","CutThroughFate+1","Prostrate","EmptyFist+1","TalkToTheHand+1","Vault+1","Prostrate","Halt+1","TalkToTheHand+1","Weave+1","Prostrate","Scrawl"],"relics":["PureWater","Matryoshka","Damaru","StrikeDummy","Vajra","Bag of Marbles","Mango","Coffee Dripper","Membership Card","Sundial","Ice Cream","Boot","Art of War"],"potions_floor_usage":[7,12,29,29],"damage_taken":[{"damage":4,"enemies":"Jaw Worm","floor":1,"turns":5},{"damage":0,"enemies":"Cultist","floor":2,"turns":2},{"damage":0,"enemies":"2 Louse","floor":3,"turns":2},{"damage":15,"enemies":"3 Sentries","floor":7,"turns":3},{"damage":10,"enemies":"Looter","floor":8,"turns":4},{"damage":0,"enemies":"Gremlin Nob","floor":10,"turns":2},{"damage":6,"enemies":"Lagavulin","floor":12,"turns":4},{"damage":16,"enemies":"Hexaghost","floor":16,"turns":6},{"damage":0,"enemies":"Chosen","floor":18,"turns":1},{"damage":0,"enemies":"3 Byrds","floor":19,"turns":5},{"damage":16,"enemies":"Shelled Parasite and Fungi","floor":21,"turns":5},{"damage":13,"enemies":"Slavers","floor":23,"turns":3},{"damage":8,"enemies":"Gremlin Leader","floor":25,"turns":5},{"damage":22,"enemies":"Sentry and Sphere","floor":28,"turns":5},{"damage":9,"enemies":"Book of Stabbing","floor":29,"turns":2}],"seed_played":"-1464774252408397961","potions_obtained":[{"floor":3,"key":"Explosive Potion"},{"floor":7,"key":"FearPotion"},{"floor":8,"key":"Energy Potion"},{"floor":25,"key":"LiquidBronze"},{"floor":28,"key":"BlessingOfTheForge"}],"is_trial":false,"path_per_floor":["M","M","M","?","$","R","E","M","T","E","R","E","R","?","R","B",null,"M","M","$","M","?","E","R","E","T","R","M","E"],"character_chosen":"WATCHER","items_purchased":["CutThroughFate","Membership Card"],"campfire_rested":0,"item_purchase_floors":[5,20],"current_hp_per_floor":[57,57,57,57,57,57,42,32,32,32,32,40,40,40,40,24,68,68,68,68,52,52,39,39,31,31,31,9,0],"gold":223,"neow_bonus":"UPGRADE_CARD","is_prod":false,"is_daily":false,"chose_seed":false,"campfire_upgraded":6,"win_rate":0,"timestamp":1590960803,"path_taken":["M","M","M","?","$","R","E","?","T","E","R","E","R","?","R","BOSS","M","M","$","M","?","E","R","E","T","R","M","E"],"build_version":"2020-05-27","purchased_purges":1,"victory":false,"max_hp_per_floor":[68,68,68,68,68,68,68,68,68,68,68,82,82,82,82,82,82,82,82,82,82,82,82,82,82,82,82,82,82],"card_choices":[{"not_picked":["Protect","JustLucky"],"picked":"CrushJoints","floor":1},{"not_picked":["SashWhip","BowlingBash"],"picked":"Weave","floor":2},{"not_picked":["ClearTheMind","Meditate"],"picked":"Wireheading","floor":3},{"not_picked":["LikeWater","ClearTheMind"],"picked":"Prostrate","floor":7},{"not_picked":["InnerPeace","FollowUp"],"picked":"EmptyFist","floor":8},{"not_picked":["Evaluate","ForeignInfluence"],"picked":"TalkToTheHand","floor":10},{"not_picked":["Swivel","MentalFortress","ConjureBlade"],"picked":"SKIP","floor":12},{"not_picked":["MasterReality","Omniscience"],"picked":"Vault","floor":16},{"not_picked":["Perseverance","InnerPeace"],"picked":"Prostrate","floor":18},{"not_picked":["BowlingBash","FollowUp","EmptyFist"],"picked":"SKIP","floor":19},{"not_picked":["EmptyFist","Evaluate"],"picked":"Halt+1","floor":21},{"not_picked":["ForeignInfluence","EmptyBody"],"picked":"Weave+1","floor":23},{"not_picked":["SignatureMove","BattleHymn"],"picked":"Prostrate","floor":25},{"not_picked":["Evaluate","Adaptation"],"picked":"Scrawl","floor":28}],"player_experience":2418424,"relics_obtained":[{"floor":7,"key":"Damaru"},{"floor":9,"key":"StrikeDummy"},{"floor":9,"key":"Vajra"},{"floor":10,"key":"Bag of Marbles"},{"floor":12,"key":"Mango"},{"floor":23,"key":"Sundial"},{"floor":25,"key":"Ice Cream"},{"floor":26,"key":"Boot"},{"floor":26,"key":"Art of War"}],"event_choices":[{"damage_healed":0,"gold_gain":0,"player_choice":"Paid Gold","damage_taken":0,"relics_obtained":["Matryoshka"],"max_hp_gain":0,"max_hp_loss":0,"event_name":"WeMeetAgain","floor":4,"gold_loss":59},{"damage_healed":0,"gold_gain":0,"player_choice":"Grow","damage_taken":0,"max_hp_gain":0,"max_hp_loss":0,"event_name":"Living Wall","floor":14,"gold_loss":0,"cards_upgraded":["Weave"]},{"damage_healed":0,"gold_gain":0,"player_choice":"Read","damage_taken":0,"max_hp_gain":0,"max_hp_loss":0,"event_name":"The Library","floor":22,"gold_loss":0,"cards_obtained":["TalkToTheHand"]}],"is_beta":true,"boss_relics":[{"not_picked":["Velvet Choker","Runic Dome"],"picked":"Coffee Dripper"}],"items_purged_floors":[20],"is_endless":false,"potions_floor_spawned":[3,7,8,25,28],"killed_by":"Book of Stabbing","ascension_level":20}