{"gold_per_floor":[114,114,132,147,161,161,186,186,209,229,264,264,293,310,310,384,384,402,327,327,29,41,76,76,101,127,127,127,146,161,196,196,196],"floor_reached":33,"playtime":2260,"items_purged":["Strike_P"],"score":700,"play_id":"bf844409-0cb4-4cab-af3b-f886fa7ce671","local_time":"20200528003237","is_ascension_mode":true,"campfire_choices":[{"floor":6,"key":"REST"},{"data":"TalkToTheHand","floor":12,"key":"SMITH"},{"data":"Wallop","floor":15,"key":"SMITH"},{"data":"Ragnarok","floor":24,"key":"SMITH"},{"floor":27,"key":"REST"},{"floor":32,"key":"REST"}],"neow_cost":"NONE","seed_source_timestamp":2417863534813947,"circlet_count":0,"master_deck":["AscendersBane","Strike_P+1","Strike_P+1","Defend_P+1","Defend_P+1","Defend_P+1","Defend_P+1","Eruption","Vigilance+1","Crescendo","TalkToTheHand+1","Wallop+1","CutThroughFate","Weave","Scrawl","TalkToTheHand","Protect","Halt+1","Ragnarok+1","EmptyFist","ThirdEye","Conclude","DeceiveReality","Devotion","ThirdEye+1","JustLucky+1"],"relics":["HolyWater","Anchor","PreservedInsect","Blood Vial","War Paint","Oddly Smooth Stone","Question Card","Omamori","Nunchaku"],"potions_floor_usage":[7,11,16,22,23,25,33],"damage_taken":[{"damage":5,"enemies":"2 Louse","floor":1,"turns":4},{"damage":4,"enemies":"Small Slimes","floor":3,"turns":3},{"damage":0,"enemies":"Cultist","floor":4,"turns":2},{"damage":0,"enemies":"Blue Slaver","floor":5,"turns":4},{"damage":12,"enemies":"Gremlin Nob","floor":7,"turns":3},{"damage":0,"enemies":"Exordium Wildlife","floor":10,"turns":2},{"damage":9,"enemies":"Lagavulin","floor":11,"turns":6},{"damage":0,"enemies":"Gremlin Nob","floor":13,"turns":2},{"damage":5,"enemies":"Lots of Slimes","floor":14,"turns":4},{"damage":12,"enemies":"The Guardian","floor":16,"turns":10},{"damage":5,"enemies":"3 Byrds","floor":18,"turns":6},{"damage":4,"enemies":"2 Thieves","floor":22,"turns":2},{"damage":13,"enemies":"Slavers","floor":23,"turns":3},{"damage":42,"enemies":"Gremlin Leader","floor":25,"turns":5},{"damage":13,"enemies":"Centurion and Healer","floor":29,"turns":10},{"damage":0,"enemies":"Snecko","floor":30,"turns":5},{"damage":17,"enemies":"Slavers","floor":31,"turns":7},{"damage":0,"enemies":"Champ","floor":33,"turns":7}],"seed_played":"-8393008042175061085","potions_obtained":[{"floor":1,"key":"Energy Potion"},{"floor":4,"key":"SkillPotion"},{"floor":7,"key":"SkillPotion"},{"floor":13,"key":"Energy Potion"},{"floor":18,"key":"AttackPotion"},{"floor":23,"key":"DistilledChaos"},{"floor":30,"key":"Regen Potion"}],"is_trial":false,"path_per_floor":["M","?","M","M","M","R","E","?","T","M","E","R","E","M","R","B",null,"M","?","?","$","M","E","R","E","T","R","?","M","M","E","R","B"],"character_chosen":"WATCHER","items_purchased":["Oddly Smooth Stone","ThirdEye"],"campfire_rested":3,"item_purchase_floors":[21,21],"current_hp_per_floor":[56,36,32,32,32,52,40,45,45,45,36,36,38,35,35,25,61,58,58,58,58,56,45,45,5,5,26,26,15,17,2,23,40],"gold":196,"neow_bonus":"THREE_CARDS","is_prod":false,"is_daily":false,"chose_seed":false,"campfire_upgraded":3,"win_rate":0,"timestamp":1590651157,"path_taken":["M","?","M","M","M","R","E","?","T","M","E","R","E","M","R","BOSS","M","?","?","$","M","E","R","E","T","R","?","M","M","E","R","BOSS"],"build_version":"2020-05-27","purchased_purges":1,"victory":false,"max_hp_per_floor":[68,68,68,68,68,68,68,73,73,73,73,73,73,73,73,73,73,73,73,73,73,73,73,73,73,73,73,73,73,73,73,73,73],"card_choices":[{"not_picked":["SignatureMove","JustLucky"],"picked":"Crescendo","floor":0},{"not_picked":["Consecrate","MentalFortress"],"picked":"TalkToTheHand","floor":1},{"not_picked":["BowlingBash","Prostrate"],"picked":"Wallop","floor":3},{"not_picked":["FollowUp","EmptyBody"],"picked":"CutThroughFate","floor":4},{"not_picked":["Vengeance","WheelKick"],"picked":"Weave","floor":5},{"not_picked":["SignatureMove","EmptyMind"],"picked":"Scrawl","floor":7},{"not_picked":["SandsOfTime","Evaluate"],"picked":"TalkToTheHand","floor":10},{"not_picked":["EmptyBody","Perseverance"],"picked":"Protect","floor":11},{"not_picked":["Worship","Brilliance"],"picked":"Halt","floor":13},{"not_picked":["Vengeance","EmptyBody","FollowUp"],"picked":"SKIP","floor":14},{"not_picked":["ConjureBlade","Alpha"],"picked":"Ragnarok","floor":16},{"not_picked":["FollowUp","Fasting2"],"picked":"EmptyFist","floor":18},{"not_picked":["Swivel","ClearTheMind"],"picked":"Conclude","floor":22},{"not_picked":["Perseverance","BowlingBash","JustLucky"],"picked":"SKIP","floor":23},{"not_picked":["InnerPeace","EmptyMind","FollowUp"],"picked":"DeceiveReality","floor":25},{"not_picked":["FlurryOfBlows","CarveReality","JustLucky"],"picked":"Devotion","floor":29},{"not_picked":["FlyingSleeves","Consecrate","MentalFortress"],"picked":"ThirdEye+1","floor":30},{"not_picked":["Evaluate","BattleHymn","BowlingBash"],"picked":"JustLucky+1","floor":31}],"player_experience":2380087,"relics_obtained":[{"floor":7,"key":"Anchor"},{"floor":9,"key":"PreservedInsect"},{"floor":11,"key":"Blood Vial"},{"floor":13,"key":"War Paint"},{"floor":23,"key":"Question Card"},{"floor":25,"key":"Omamori"},{"floor":31,"key":"Nunchaku"}],"event_choices":[{"damage_healed":0,"gold_gain":0,"player_choice":"Entered Light","damage_taken":20,"max_hp_gain":0,"max_hp_loss":0,"event_name":"Shining Light","floor":2,"gold_loss":0,"cards_upgraded":["Strike_P","Strike_P"]},{"damage_healed":0,"gold_gain":0,"player_choice":"Donut","damage_taken":0,"max_hp_gain":5,"max_hp_loss":0,"event_name":"Big Fish","floor":8,"gold_loss":0},{"cards_removed":["Strike_P"],"damage_healed":0,"gold_gain":0,"player_choice":"Gave Gold","damage_taken":0,"max_hp_gain":0,"max_hp_loss":0,"event_name":"Beggar","floor":19,"gold_loss":75},{"damage_healed":0,"gold_gain":0,"player_choice":"Ignored","damage_taken":0,"max_hp_gain":0,"max_hp_loss":0,"event_name":"Vampires","floor":20,"gold_loss":0},{"damage_healed":0,"gold_gain":0,"player_choice":"Simplicity","damage_taken":0,"max_hp_gain":0,"max_hp_loss":0,"event_name":"Back to Basics","floor":28,"gold_loss":0,"cards_upgraded":["Defend_P","Defend_P","Defend_P","Defend_P"]}],"is_beta":true,"boss_relics":[{"not_picked":["SacredBark","Cursed Key"],"picked":"HolyWater"}],"items_purged_floors":[21],"is_endless":false,"potions_floor_spawned":[1,4,7,13,18,23,30],"killed_by":"Champ","ascension_level":20}