{"gold_per_floor":[114,114,139,163,163,163,199,215,215,234,234,272,285,38,38,128,128,151,151,176,76,89,89,120,120,120,120,150,167,167,167,167,240,240,251,251,14,27,27,27,27,61,85,111,111,0,14,34,34,34,34,34,34,34,34],"floor_reached":55,"playtime":5509,"items_purged":["Strike_P","Strike_P","Strike_P"],"score":2321,"play_id":"13b25730-6a2f-4c0b-9571-8337c2195276","local_time":"20200531225805","is_ascension_mode":true,"campfire_choices":[{"data":"BattleHymn","floor":6.0,"key":"SMITH"},{"data":"CrushJoints","floor":11.0,"key":"SMITH"},{"data":"Wallop","floor":15.0,"key":"SMITH"},{"floor":23.0,"key":"REST"},{"floor":27.0,"key":"REST"},{"floor":32.0,"key":"RECALL"},{"floor":40.0,"key":"REST"},{"floor":49,"key":"REST"},{"floor":53,"key":"REST"}],"neow_cost":"NONE","seed_source_timestamp":0,"circlet_count":0,"master_deck":["AscendersBane","Strike_P","Defend_P+1","Defend_P+1","Defend_P+1","Defend_P+1","Eruption+1","Vigilance+1","BattleHymn+1","ThirdEye+1","Wallop+1","FlurryOfBlows+1","Study+1","LessonLearned+1","MasterReality+1","Protect+1","Consecrate","FearNoEvil+1","Protect+1","Ghostly","Ghostly+1","Ghostly+1","Ghostly","Evaluate"],"special_seed":0,"relics":["PureWater","Bloody Idol","Mummified Hand","Shuriken","Kunai","Fusion Hammer","Juzu Bracelet","CaptainsWheel","Potion Belt","Busted Crown","Ornamental Fan","Turnip","Bag of Marbles","Red Mask"],"potions_floor_usage":[],"damage_taken":[{"damage":0.0,"enemies":"2 Louse","floor":1.0,"turns":2.0},{"damage":0.0,"enemies":"Cultist","floor":3.0,"turns":2.0},{"damage":7.0,"enemies":"Small Slimes","floor":4.0,"turns":4.0},{"damage":8.0,"enemies":"Lagavulin","floor":7.0,"turns":5.0},{"damage":1.0,"enemies":"Exordium Wildlife","floor":8.0,"turns":2.0},{"damage":0.0,"enemies":"Large Slime","floor":10.0,"turns":2.0},{"damage":0.0,"enemies":"Gremlin Nob","floor":12.0,"turns":3.0},{"damage":14.0,"enemies":"Red Slaver","floor":13.0,"turns":2.0},{"damage":0.0,"enemies":"Slime Boss","floor":16.0,"turns":3.0},{"damage":1.0,"enemies":"3 Byrds","floor":18.0,"turns":4.0},{"damage":16.0,"enemies":"Shell Parasite","floor":20.0,"turns":3.0},{"damage":2.0,"enemies":"Centurion and Healer","floor":22.0,"turns":6.0},{"damage":41.0,"enemies":"Slavers","floor":24.0,"turns":5.0},{"damage":12.0,"enemies":"Book of Stabbing","floor":28.0,"turns":5.0},{"damage":0.0,"enemies":"Snecko","floor":29.0,"turns":5.0},{"damage":6.0,"enemies":"Champ","floor":33.0,"turns":9.0},{"damage":0.0,"enemies":"Orb Walker","floor":35.0,"turns":2.0},{"damage":0.0,"enemies":"3 Darklings","floor":38.0,"turns":6.0},{"damage":8.0,"enemies":"Reptomancer","floor":42.0,"turns":6.0},{"damage":17,"enemies":"Nemesis","floor":44,"turns":11},{"damage":2,"enemies":"Sphere and 2 Shapes","floor":47,"turns":5},{"damage":3,"enemies":"4 Shapes","floor":48,"turns":4},{"damage":0,"enemies":"Awakened One","floor":50,"turns":15},{"damage":0,"enemies":"Donu and Deca","floor":51,"turns":12},{"damage":44,"enemies":"Shield and Spear","floor":55,"turns":4}],"seed_played":"-8903161449699774398","potions_obtained":[{"floor":4.0,"key":"GamblersBrew"},{"floor":12.0,"key":"DistilledChaos"},{"floor":13.0,"key":"Block Potion"},{"floor":20.0,"key":"SkillPotion"},{"floor":24.0,"key":"SteroidPotion"},{"floor":33.0,"key":"StancePotion"},{"floor":44,"key":"Block Potion"},{"floor":48,"key":"FairyPotion"}],"is_trial":false,"path_per_floor":["M","?","M","M","?","R","E","M","T","M","R","E","M","$","R","B",null,"M","?","M","$","M","R","E","?","T","R","E","M","?","?","R","B",null,"M","?","$","M","?","R","$","E","T","E","?","?","M","M","R","B","B",null,"R","$","E"],"character_chosen":"WATCHER","items_purchased":["LessonLearned","Evaluate","BlessingOfTheForge"],"campfire_rested":5,"item_purchase_floors":[14,37,37],"current_hp_per_floor":[61,61,61,54,54,54,46,45,45,45,45,45,31,31,31,31,54,53,53,37,37,35,53,12,12,12,30,23,28,28,28,28,27,30,31,31,31,31,29,29,29,26,29,17,17,17,20,22,29,29,29,29,29,29,0],"gold":34,"neow_bonus":"UPGRADE_CARD","is_prod":false,"is_daily":false,"chose_seed":false,"campfire_upgraded":3,"win_rate":0,"timestamp":1590991085,"path_taken":["M","?","M","M","?","R","E","M","T","M","R","E","?","$","R","BOSS","M","?","M","$","M","R","E","?","T","R","E","M","?","?","R","BOSS","M","?","$","M","?","R","$","E","T","E","?","?","M","M","R","BOSS","BOSS","R","$","E"],"build_version":"2020-05-27","purchased_purges":3,"victory":false,"max_hp_per_floor":[68,62,62,62,62,62,62,62,62,62,62,62,62,62,62,62,62,62,62,62,62,62,62,62,62,62,62,62,62,31,31,31,31,31,31,31,31,31,29,29,29,29,29,29,29,29,29,29,29,29,29,29,29,29,29],"card_choices":[{"not_picked":["JustLucky","PathToVictory"],"picked":"BattleHymn","floor":1.0},{"not_picked":["Evaluate","PathToVictory"],"picked":"ThirdEye","floor":3.0},{"not_picked":["ThirdEye","PathToVictory","SignatureMove"],"picked":"SKIP","floor":4.0},{"not_picked":["PathToVictory","Consecrate"],"picked":"Wallop","floor":7.0},{"not_picked":["Perseverance","WaveOfTheHand"],"picked":"CrushJoints","floor":8.0},{"not_picked":["WheelKick","Halt"],"picked":"FlurryOfBlows","floor":10.0},{"not_picked":["Prostrate","FlyingSleeves","SashWhip"],"picked":"SKIP","floor":12.0},{"not_picked":["JustLucky","SashWhip"],"picked":"Study","floor":13.0},{"not_picked":["Blasphemy","Ragnarok"],"picked":"MasterReality","floor":16.0},{"not_picked":["JustLucky+1","EmptyMind","FlurryOfBlows"],"picked":"SKIP","floor":18.0},{"not_picked":["PathToVictory","EmptyFist"],"picked":"Protect","floor":20.0},{"not_picked":["WheelKick","FollowUp"],"picked":"Consecrate","floor":22.0},{"not_picked":["Study","JustLucky"],"picked":"FearNoEvil+1","floor":24.0},{"not_picked":["WindmillStrike","Ragnarok","Prostrate"],"picked":"SKIP","floor":28.0},{"not_picked":["SashWhip","Crescendo+1"],"picked":"Protect","floor":29.0},{"not_picked":["Consecrate"],"picked":"SKIP","floor":35.0},{"not_picked":["FlurryOfBlows"],"picked":"SKIP","floor":38.0},{"not_picked":["CrushJoints"],"picked":"SKIP","floor":42.0},{"not_picked":["CrushJoints"],"picked":"SKIP","floor":42.0},{"not_picked":["PathToVictory"],"picked":"SKIP","floor":44},{"not_picked":["FlyingSleeves+1"],"picked":"SKIP","floor":47},{"not_picked":["CarveReality"],"picked":"SKIP","floor":48}],"player_experience":2425343,"relics_obtained":[{"floor":7.0,"key":"Mummified Hand"},{"floor":9.0,"key":"Shuriken"},{"floor":12.0,"key":"Kunai"},{"floor":24.0,"key":"Juzu Bracelet"},{"floor":26.0,"key":"CaptainsWheel"},{"floor":28.0,"key":"Potion Belt"},{"floor":42.0,"key":"Ornamental Fan"},{"floor":44,"key":"Turnip"}],"event_choices":[{"damage_healed":0.0,"max_hp_gain":0.0,"max_hp_loss":6.0,"gold_gain":0.0,"event_name":"Golden Idol","player_choice":"Lose Max HP","floor":2.0,"gold_loss":0.0,"damage_taken":0.0,"relics_obtained":["Golden Idol"]},{"damage_healed":0.0,"max_hp_gain":0.0,"max_hp_loss":0.0,"gold_gain":0.0,"event_name":"Accursed Blacksmith","player_choice":"Forge","floor":5.0,"gold_loss":0.0,"damage_taken":0.0,"cards_upgraded":["Vigilance"]},{"damage_healed":0.0,"max_hp_gain":0.0,"max_hp_loss":0.0,"gold_gain":0.0,"event_name":"Beggar","player_choice":"Ignored","floor":19.0,"gold_loss":0.0,"damage_taken":0.0},{"damage_healed":0.0,"max_hp_gain":0.0,"max_hp_loss":0.0,"gold_gain":0.0,"event_name":"Forgotten Altar","player_choice":"Gave Idol","floor":25.0,"relics_lost":["Golden Idol"],"gold_loss":0.0,"damage_taken":0.0,"relics_obtained":["Bloody Idol"]},{"damage_healed":0.0,"max_hp_gain":0.0,"max_hp_loss":31.0,"gold_gain":0.0,"event_name":"Ghosts","player_choice":"Became a Ghost","floor":30.0,"gold_loss":0.0,"damage_taken":0.0,"cards_obtained":["Ghostly","Ghostly","Ghostly"]},{"damage_healed":0.0,"max_hp_gain":0.0,"max_hp_loss":0.0,"gold_gain":0.0,"event_name":"Duplicator","player_choice":"Copied","floor":31.0,"gold_loss":0.0,"damage_taken":0.0,"cards_obtained":["Ghostly"]},{"cards_removed":["CrushJoints"],"damage_healed":0.0,"max_hp_gain":0.0,"max_hp_loss":0.0,"gold_gain":0.0,"event_name":"Falling","player_choice":"Removed Attack","floor":36.0,"gold_loss":0.0,"damage_taken":0.0},{"damage_healed":0.0,"max_hp_gain":0.0,"max_hp_loss":2.0,"gold_gain":0.0,"event_name":"Winding Halls","player_choice":"Max HP","floor":39.0,"gold_loss":0.0,"damage_taken":0.0},{"damage_healed":0,"gold_gain":0,"player_choice":"Gave Potion","damage_taken":0,"relics_obtained":["Bag of Marbles"],"max_hp_gain":0,"max_hp_loss":0,"event_name":"WeMeetAgain","floor":45,"gold_loss":0},{"damage_healed":0,"gold_gain":0,"player_choice":"Paid","damage_taken":0,"relics_obtained":["Red Mask"],"max_hp_gain":0,"max_hp_loss":0,"event_name":"Tomb of Lord Red Mask","floor":46,"gold_loss":111}],"is_beta":true,"boss_relics":[{"not_picked":["Astrolabe","VioletLotus"],"picked":"Fusion Hammer"},{"not_picked":["Runic Dome","Runic Pyramid"],"picked":"Busted Crown"}],"items_purged_floors":[14,21,37],"is_endless":false,"potions_floor_spawned":[4,12,13,20,24,33,44,48],"killed_by":"Shield and Spear","ascension_level":20}