{"gold_per_floor":[114,129,129,150,150,150,186,186,186,226,93,93,117,117,117,216,216,241,264,264,279,3,3,36,61,61,61,101,120,143,143],"floor_reached":31,"playtime":2631,"items_purged":["Strike_P","SignatureMove"],"score":620,"play_id":"dbe92222-b1b4-4921-9060-639d4236a779","local_time":"20200529200832","is_ascension_mode":true,"campfire_choices":[{"data":"Eruption","floor":6,"key":"SMITH"},{"floor":8,"key":"REST"},{"data":"CarveReality","floor":12,"key":"SMITH"},{"data":"Conclude","floor":15,"key":"SMITH"},{"floor":23,"key":"REST"},{"floor":27,"key":"REST"}],"neow_cost":"NONE","seed_source_timestamp":57262032069488,"circlet_count":0,"master_deck":["AscendersBane","Strike_P","Strike_P","Defend_P","Defend_P","Defend_P","Defend_P","Eruption+1","Vigilance","EmptyFist+1","CutThroughFate","Nirvana","CarveReality+1","FlurryOfBlows","Conclude+1","Establishment","LikeWater","Evaluate","SandsOfTime+1"],"special_seed":0,"relics":["PureWater","Blood Vial","Golden Idol","Dead Branch","Smiling Mask","Cursed Key","OrangePellets","Mango","Tiny Chest"],"potions_floor_usage":[7,16,18,24,24,28],"damage_taken":[{"damage":0.0,"enemies":"Jaw Worm","floor":1.0,"turns":3.0},{"damage":0.0,"enemies":"2 Louse","floor":2.0,"turns":3.0},{"damage":0,"enemies":"Cultist","floor":4,"turns":3},{"damage":17,"enemies":"3 Sentries","floor":7,"turns":6},{"damage":23,"enemies":"Lagavulin","floor":10,"turns":6},{"damage":8,"enemies":"3 Louse","floor":13,"turns":2},{"damage":34,"enemies":"The Guardian","floor":16,"turns":11},{"damage":6,"enemies":"2 Thieves","floor":18,"turns":3},{"damage":21,"enemies":"Shell Parasite","floor":19,"turns":2},{"damage":13,"enemies":"Snake Plant","floor":21,"turns":3},{"damage":0,"enemies":"Gremlin Leader","floor":24,"turns":4},{"damage":19,"enemies":"Centurion and Healer","floor":25,"turns":7},{"damage":10,"enemies":"Book of Stabbing","floor":28,"turns":4},{"damage":0,"enemies":"3 Cultists","floor":29,"turns":3},{"damage":32,"enemies":"Snake Plant","floor":30,"turns":5},{"damage":30,"enemies":"Gremlin Leader","floor":31,"turns":5}],"seed_played":"-3308265508930927192","potions_obtained":[{"floor":4,"key":"DistilledChaos"},{"floor":10,"key":"Regen Potion"},{"floor":16,"key":"SkillPotion"},{"floor":24,"key":"Weak Potion"},{"floor":29,"key":"CultistPotion"},{"floor":30,"key":"DuplicationPotion"}],"is_trial":false,"path_per_floor":["M","M","?","M","?","R","E","R","T","E","$","R","M","?","R","B",null,"M","M","?","M","$","R","E","M","T","R","E","M","M","E"],"character_chosen":"WATCHER","items_purchased":["FlurryOfBlows","Strength Potion","OrangePellets","AttackPotion"],"campfire_rested":3,"item_purchase_floors":[11,11,22,22],"current_hp_per_floor":[63,65,42,44,44,44,29,49,49,28,28,28,22,22,22,2,52,48,29,29,18,18,38,54,37,37,61,53,55,25,0],"gold":143,"neow_bonus":"RANDOM_COMMON_RELIC","is_prod":false,"is_daily":false,"chose_seed":false,"campfire_upgraded":3,"win_rate":0,"timestamp":1590808112,"path_taken":["M","M","?","M","?","R","E","R","T","E","$","R","M","?","R","BOSS","M","M","?","M","$","R","E","M","T","R","E","M","?","E"],"build_version":"2020-05-27","purchased_purges":2,"victory":false,"max_hp_per_floor":[68,68,68,68,68,68,68,68,68,68,68,68,68,68,68,68,68,68,68,68,68,68,68,82,82,82,82,82,82,82,82],"card_choices":[{"not_picked":["ForeignInfluence","SashWhip"],"picked":"EmptyFist","floor":1.0},{"not_picked":["ForeignInfluence","EmptyBody","BowlingBash"],"picked":"SKIP","floor":2.0},{"not_picked":["Evaluate","Halt"],"picked":"CutThroughFate","floor":4},{"not_picked":["BowlingBash","CrushJoints"],"picked":"Nirvana","floor":7},{"not_picked":["Collect","EmptyFist"],"picked":"CarveReality","floor":10},{"not_picked":["Prostrate","FlurryOfBlows"],"picked":"Conclude","floor":13},{"not_picked":["Judgement","Scrawl"],"picked":"Establishment","floor":16},{"not_picked":["Fasting2","EmptyBody"],"picked":"LikeWater","floor":18},{"not_picked":["EmptyFist","FlurryOfBlows","Consecrate"],"picked":"SKIP","floor":19},{"not_picked":["BowlingBash+1","JustLucky","FlurryOfBlows"],"picked":"SKIP","floor":21},{"not_picked":["Sanctity","SashWhip","Halt"],"picked":"SKIP","floor":24},{"not_picked":["PathToVictory","BowlingBash","ForeignInfluence"],"picked":"SKIP","floor":25},{"not_picked":["Prostrate","SandsOfTime","Conclude+1"],"picked":"SKIP","floor":28},{"not_picked":["FlyingSleeves","ThirdEye"],"picked":"Evaluate","floor":29},{"not_picked":["MentalFortress","Crescendo+1"],"picked":"SandsOfTime+1","floor":30}],"player_experience":2391280,"relics_obtained":[{"floor":7,"key":"Dead Branch"},{"floor":10,"key":"Smiling Mask"},{"floor":24,"key":"Mango"},{"floor":28,"key":"Tiny Chest"}],"event_choices":[{"damage_healed":0.0,"max_hp_gain":0.0,"max_hp_loss":0.0,"gold_gain":0.0,"event_name":"Golden Idol","player_choice":"Take Damage","floor":3.0,"gold_loss":0.0,"damage_taken":23.0,"relics_obtained":["Golden Idol"]},{"damage_healed":0,"gold_gain":0,"player_choice":"Grow","damage_taken":0,"max_hp_gain":0,"max_hp_loss":0,"event_name":"Living Wall","floor":5,"gold_loss":0,"cards_upgraded":["EmptyFist"]},{"damage_healed":0,"gold_gain":0,"player_choice":"Fled","damage_taken":0,"max_hp_gain":0,"max_hp_loss":0,"event_name":"Scrap Ooze","floor":14,"gold_loss":0},{"damage_healed":0,"gold_gain":0,"cards_transformed":["Strike_P"],"player_choice":"Transformed","damage_taken":0,"max_hp_gain":0,"max_hp_loss":0,"event_name":"Transmorgrifier","floor":20,"gold_loss":0,"cards_obtained":["SignatureMove"]}],"is_beta":true,"boss_relics":[{"not_picked":["Busted Crown","Fusion Hammer"],"picked":"Cursed Key"}],"items_purged_floors":[11,22],"is_endless":false,"potions_floor_spawned":[4,10,16,24,29,30],"killed_by":"Gremlin Leader","ascension_level":20}