{"gold_per_floor":[218,228,248,13,13,39,39,39,90,120,120,179,179,218,218,297,297,317,330,330,51,62,62,94,94,94,94,121,197,197,207,207,280,280,326,373,422,63,63],"floor_reached":39,"playtime":3087,"items_purged":["Strike_P","Strike_P"],"score":974,"play_id":"87665569-ebb6-448d-96f7-99dcfdddd069","local_time":"20200607103220","is_ascension_mode":true,"campfire_choices":[{"floor":7.0,"key":"REST"},{"data":"CrushJoints","floor":11.0,"key":"SMITH"},{"data":"Tantrum","floor":13.0,"key":"SMITH"},{"data":"Wallop","floor":15.0,"key":"SMITH"},{"data":"Judgement","floor":23.0,"key":"SMITH"},{"data":"EmptyFist","floor":25.0,"key":"SMITH"},{"data":"Wish","floor":27.0,"key":"SMITH"},{"floor":32,"key":"REST"}],"neow_cost":"NONE","seed_source_timestamp":279221768687675,"circlet_count":0,"master_deck":["AscendersBane","Strike_P+1","Defend_P","Defend_P","Defend_P+1","Defend_P","Eruption","Vigilance","Halt","FollowUp","CrushJoints+1","Tantrum+1","Wish+1","Meditate","Wallop+1","Judgement+1","EmptyFist+1","ThirdEye","Protect","SandsOfTime+1","ThirdEye+1","MasterReality","LikeWater","Establishment","WindmillStrike"],"special_seed":0,"relics":["PureWater","Vajra","Omamori","Juzu Bracelet","Pen Nib","Bag of Marbles","Black Star","Blue Candle","Meat on the Bone","Sundial","Strawberry","Ginger","TeardropLocket","Dream Catcher","Letter Opener","Nilry\u0027s Codex","Runic Pyramid","Membership Card"],"potions_floor_usage":[28,35,37,39,39],"damage_taken":[{"damage":0.0,"enemies":"Jaw Worm","floor":1.0,"turns":4.0},{"damage":1.0,"enemies":"Small Slimes","floor":2.0,"turns":4.0},{"damage":2.0,"enemies":"2 Louse","floor":3.0,"turns":3.0},{"damage":20.0,"enemies":"3 Sentries","floor":6.0,"turns":5.0},{"damage":11.0,"enemies":"Lagavulin","floor":10.0,"turns":5.0},{"damage":0.0,"enemies":"3 Sentries","floor":12.0,"turns":4.0},{"damage":7.0,"enemies":"Exordium Wildlife","floor":14.0,"turns":4.0},{"damage":7.0,"enemies":"Hexaghost","floor":16.0,"turns":4.0},{"damage":3.0,"enemies":"Shell Parasite","floor":18.0,"turns":2.0},{"damage":0.0,"enemies":"Chosen","floor":19.0,"turns":2.0},{"damage":5.0,"enemies":"3 Cultists","floor":22.0,"turns":4.0},{"damage":23.0,"enemies":"Gremlin Leader","floor":24.0,"turns":4.0},{"damage":24,"enemies":"Slavers","floor":28,"turns":4},{"damage":0,"enemies":"Snake Plant","floor":31,"turns":2},{"damage":8,"enemies":"Champ","floor":33,"turns":8},{"damage":22,"enemies":"3 Darklings","floor":35,"turns":6},{"damage":9,"enemies":"Orb Walker","floor":36,"turns":3},{"damage":47,"enemies":"Jaw Worm Horde","floor":37,"turns":5},{"damage":26,"enemies":"2 Orb Walkers","floor":39,"turns":4}],"seed_played":"1324677000493312596","potions_obtained":[{"floor":3.0,"key":"SneckoOil"},{"floor":10.0,"key":"Ambrosia"},{"floor":14.0,"key":"Fruit Juice"},{"floor":19.0,"key":"Swift Potion"},{"floor":24.0,"key":"BlessingOfTheForge"},{"floor":31,"key":"Explosive Potion"},{"floor":33,"key":"BlessingOfTheForge"},{"floor":37,"key":"SkillPotion"}],"is_trial":false,"path_per_floor":["M","M","M","$","?","E","R","?","T","E","R","E","R","M","R","B",null,"M","M","?","$","M","R","E","R","T","R","E","T","?","M","R","B",null,"M","M","M","$","?"],"character_chosen":"WATCHER","items_purchased":["Vajra","Meat on the Bone","Membership Card","Establishment","SteroidPotion","WindmillStrike"],"campfire_rested":2,"item_purchase_floors":[4,21,38,38,38,38],"current_hp_per_floor":[61,60,58,58,38,18,38,31,31,20,20,20,20,13,13,11,58,55,55,55,55,50,50,46,46,46,46,34,34,13,25,49,41,70,48,51,16,16,0],"gold":63,"neow_bonus":"HUNDRED_GOLD","is_prod":false,"is_daily":false,"chose_seed":false,"campfire_upgraded":6,"win_rate":0,"timestamp":1591551140,"path_taken":["M","M","M","$","?","E","R","?","T","E","R","E","R","M","R","BOSS","M","M","?","$","M","R","E","R","T","R","E","?","?","M","R","BOSS","M","M","M","$","?"],"build_version":"2020-05-27","purchased_purges":2,"victory":false,"max_hp_per_floor":[68,68,68,68,68,68,68,68,68,68,68,68,68,68,68,73,73,73,73,73,73,73,73,80,80,80,80,80,80,80,80,80,80,80,80,80,80,80,80],"card_choices":[{"not_picked":["FlurryOfBlows","ClearTheMind"],"picked":"Halt","floor":1.0},{"not_picked":["Halt","ClearTheMind"],"picked":"FollowUp","floor":2.0},{"not_picked":["FearNoEvil","Protect"],"picked":"CrushJoints","floor":3.0},{"not_picked":["Sanctity","Alpha"],"picked":"Tantrum","floor":6.0},{"not_picked":["PathToVictory","FollowUp"],"picked":"Wish","floor":10.0},{"not_picked":["ForeignInfluence","FlurryOfBlows"],"picked":"Meditate","floor":12.0},{"not_picked":["EmptyFist","FlurryOfBlows"],"picked":"Wallop","floor":14.0},{"not_picked":["DevaForm","Brilliance"],"picked":"Judgement","floor":16.0},{"not_picked":["FollowUp","JustLucky"],"picked":"EmptyFist","floor":18.0},{"not_picked":["BowlingBash","Halt"],"picked":"ThirdEye","floor":19.0},{"not_picked":["BowlingBash","Fasting2"],"picked":"Protect","floor":22.0},{"not_picked":["FollowUp","Protect","Prostrate"],"picked":"SKIP","floor":24.0},{"not_picked":["Vault","EmptyFist+1"],"picked":"SandsOfTime+1","floor":28},{"not_picked":["Consecrate","FlyingSleeves"],"picked":"ThirdEye+1","floor":31},{"not_picked":["Devotion","Brilliance"],"picked":"MasterReality","floor":33},{"not_picked":["Halt","FlurryOfBlows","FlyingSleeves"],"picked":"SKIP","floor":35},{"not_picked":["CrushJoints+1","Evaluate"],"picked":"LikeWater","floor":36},{"not_picked":["Pray","CutThroughFate","Vault"],"picked":"SKIP","floor":37}],"player_experience":2474050,"relics_obtained":[{"floor":6.0,"key":"Omamori"},{"floor":9.0,"key":"Juzu Bracelet"},{"floor":10.0,"key":"Pen Nib"},{"floor":12.0,"key":"Bag of Marbles"},{"floor":24.0,"key":"Sundial"},{"floor":24.0,"key":"Strawberry"},{"floor":26.0,"key":"Ginger"},{"floor":28,"key":"TeardropLocket"},{"floor":28,"key":"Dream Catcher"},{"floor":29,"key":"Letter Opener"},{"floor":30,"key":"Nilry\u0027s Codex"}],"event_choices":[{"damage_healed":0.0,"max_hp_gain":0.0,"max_hp_loss":0.0,"gold_gain":0.0,"event_name":"Shining Light","player_choice":"Entered Light","floor":5.0,"gold_loss":0.0,"damage_taken":20.0,"cards_upgraded":["Defend_P","Strike_P"]},{"cards_removed":["Strike_P"],"damage_healed":0.0,"max_hp_gain":0.0,"max_hp_loss":0.0,"gold_gain":0.0,"event_name":"Golden Wing","player_choice":"Card Removal","floor":8.0,"gold_loss":0.0,"damage_taken":7.0},{"damage_healed":0.0,"max_hp_gain":0.0,"max_hp_loss":0.0,"gold_gain":0.0,"event_name":"Addict","player_choice":"Stole Relic","floor":20.0,"gold_loss":0.0,"damage_taken":0.0,"relics_obtained":["Blue Candle"],"cards_obtained":["Shame"]},{"damage_healed":0,"gold_gain":0,"player_choice":"Obtained Book","damage_taken":21,"max_hp_gain":0,"max_hp_loss":0,"event_name":"Cursed Tome","floor":30,"gold_loss":0},{"damage_healed":0,"gold_gain":0,"player_choice":"Fight","damage_taken":0,"max_hp_gain":0,"max_hp_loss":0,"event_name":"Mysterious Sphere","floor":39,"gold_loss":0}],"is_beta":true,"boss_relics":[{"not_picked":["Philosopher\u0027s Stone","Velvet Choker"],"picked":"Black Star"},{"not_picked":["SacredBark","Runic Dome"],"picked":"Runic Pyramid"}],"items_purged_floors":[4,38],"is_endless":false,"potions_floor_spawned":[3,10,14,19,24,31,33,37],"killed_by":"2 Orb Walkers","ascension_level":20}