{"gold_per_floor":[118,138,148,148,148,148,180,199,224,224,224,250,250,264,264,341,341,355,369,369,386,1,1,1],"floor_reached":24,"playtime":1817,"items_purged":["PathToVictory+1"],"score":462,"play_id":"3f6c6a7f-feae-4c69-93bc-93c3160a4581","local_time":"20200602160215","is_ascension_mode":true,"campfire_choices":[{"data":"WheelKick","floor":6,"key":"SMITH"},{"data":"WaveOfTheHand","floor":10,"key":"SMITH"},{"data":"Protect","floor":13,"key":"SMITH"},{"data":"Brilliance","floor":15,"key":"SMITH"},{"data":"Ghostly","floor":23,"key":"SMITH"}],"neow_cost":"NONE","seed_source_timestamp":90992921616008,"circlet_count":0,"master_deck":["AscendersBane","Strike_P+1","Defend_P","Defend_P","Defend_P","Defend_P","Eruption","Vigilance","EmptyFist+1","WheelKick+1","Halt","WaveOfTheHand+1","Protect+1","Brilliance+1","Scrawl","Meditate+1","Perseverance+1","Consecrate","Ghostly+1","Ghostly","Ghostly","BattleHymn"],"relics":["PureWater","Damaru","Omamori","Mummified Hand","Juzu Bracelet","Astrolabe","Membership Card","InkBottle"],"potions_floor_usage":[7,16],"damage_taken":[{"damage":7,"enemies":"Jaw Worm","floor":1,"turns":3},{"damage":5,"enemies":"2 Louse","floor":2,"turns":3},{"damage":0,"enemies":"Cultist","floor":3,"turns":2},{"damage":0,"enemies":"Gremlin Nob","floor":7,"turns":2},{"damage":0,"enemies":"Large Slime","floor":8,"turns":3},{"damage":9,"enemies":"Lagavulin","floor":12,"turns":6},{"damage":3,"enemies":"Blue Slaver","floor":14,"turns":3},{"damage":15,"enemies":"Hexaghost","floor":16,"turns":9},{"damage":9,"enemies":"3 Byrds","floor":18,"turns":8},{"damage":30,"enemies":"Spheric Guardian","floor":19,"turns":9},{"damage":0,"enemies":"Snecko","floor":21,"turns":4},{"damage":23,"enemies":"Gremlin Leader","floor":24,"turns":3}],"seed_played":"-5615232222049470811","potions_obtained":[{"floor":1,"key":"FearPotion"},{"floor":2,"key":"Swift Potion"},{"floor":7,"key":"FearPotion"},{"floor":12,"key":"LiquidMemories"},{"floor":19,"key":"FearPotion"}],"is_trial":false,"path_per_floor":["M","M","M","?","?","R","E","M","T","R","T","E","R","M","R","B",null,"M","M","?","M","$","R","E"],"character_chosen":"WATCHER","items_purchased":["Membership Card","BattleHymn","InkBottle"],"campfire_rested":0,"item_purchase_floors":[22,22,22],"current_hp_per_floor":[60,55,55,33,38,38,38,38,38,38,38,29,29,26,26,11,62,53,23,23,23,23,23,0],"gold":1,"neow_bonus":"TEN_PERCENT_HP_BONUS","is_prod":false,"is_daily":false,"chose_seed":false,"campfire_upgraded":5,"win_rate":0,"timestamp":1591138935,"path_taken":["M","M","M","?","?","R","E","M","T","R","?","E","R","M","R","BOSS","M","M","?","M","$","R","E"],"build_version":"2020-05-27","purchased_purges":1,"victory":false,"max_hp_per_floor":[74,74,74,74,79,79,79,79,79,79,79,79,79,79,79,79,79,79,79,39,39,39,39,39],"card_choices":[{"not_picked":["Vengeance","PathToVictory"],"picked":"EmptyFist","floor":1},{"not_picked":["CrushJoints","FlyingSleeves"],"picked":"WheelKick","floor":2},{"not_picked":["FollowUp","SignatureMove"],"picked":"Halt","floor":3},{"not_picked":["Perseverance","Wallop"],"picked":"WaveOfTheHand","floor":7},{"not_picked":["FlyingSleeves","Evaluate","SignatureMove"],"picked":"SKIP","floor":8},{"not_picked":["Conclude","CrushJoints"],"picked":"Protect","floor":12},{"not_picked":["Wireheading","CrushJoints"],"picked":"Brilliance","floor":14},{"not_picked":["Omniscience","Judgement"],"picked":"Scrawl","floor":16},{"not_picked":["BowlingBash","FollowUp"],"picked":"Consecrate","floor":18},{"not_picked":["Weave+1","FollowUp","SignatureMove"],"picked":"SKIP","floor":19},{"not_picked":["FlyingSleeves","PathToVictory","EmptyFist"],"picked":"SKIP","floor":21}],"player_experience":2441371,"relics_obtained":[{"floor":7,"key":"Damaru"},{"floor":9,"key":"Omamori"},{"floor":11,"key":"Mummified Hand"},{"floor":12,"key":"Juzu Bracelet"}],"event_choices":[{"damage_healed":0,"gold_gain":0,"player_choice":"Entered Light","damage_taken":22,"max_hp_gain":0,"max_hp_loss":0,"event_name":"Shining Light","floor":4,"gold_loss":0,"cards_upgraded":["Strike_P","EmptyFist"]},{"damage_healed":0,"gold_gain":0,"player_choice":"Donut","damage_taken":0,"max_hp_gain":5,"max_hp_loss":0,"event_name":"Big Fish","floor":5,"gold_loss":0},{"damage_healed":0,"gold_gain":0,"player_choice":"Became a Ghost","damage_taken":0,"max_hp_gain":0,"max_hp_loss":40,"event_name":"Ghosts","floor":20,"gold_loss":0,"cards_obtained":["Ghostly","Ghostly","Ghostly"]}],"is_beta":true,"boss_relics":[{"not_picked":["SlaversCollar","Tiny House"],"picked":"Astrolabe"}],"items_purged_floors":[22],"is_endless":false,"potions_floor_spawned":[1,2,7,12,19,21],"killed_by":"Gremlin Leader","ascension_level":20}