{"gold_per_floor":[119,139,139,18,31,66,66,97,97,97,127,127,153,168,168,246,246,257,90,90,104,104,161,199,199,199,199,69,81,81,112,112,211,211,253,125,163,163,163,163],"floor_reached":40,"playtime":3295,"items_purged":[],"score":950,"play_id":"6ed38475-7f90-40a8-a2dc-fab41e05c25f","local_time":"20200602192405","is_ascension_mode":true,"campfire_choices":[{"data":"WheelKick","floor":7,"key":"SMITH"},{"data":"Conclude","floor":10,"key":"SMITH"},{"data":"Blasphemy","floor":12,"key":"SMITH"},{"data":"WaveOfTheHand","floor":15,"key":"SMITH"},{"data":"Ghostly","floor":25,"key":"SMITH"},{"data":"Ghostly","floor":27,"key":"SMITH"},{"data":"Ghostly","floor":30,"key":"SMITH"},{"floor":32,"key":"REST"}],"neow_cost":"NONE","seed_source_timestamp":98472603694757,"circlet_count":0,"master_deck":["AscendersBane","Defend_P","Defend_P","Defend_P","Defend_P","Eruption","Vigilance","Consecrate","Conclude+1","BattleHymn","Blasphemy+1","WaveOfTheHand+1","Meditate","CutThroughFate","Halt","Wish","EmptyBody+1","Fasting2+1","FearNoEvil+1","Prostrate","TalkToTheHand","Ghostly+1","Ghostly+1","Ghostly+1","ThirdEye+1","SpiritShield","Devotion"],"relics":["PureWater","Juzu Bracelet","Ice Cream","Bottled Tornado","Matryoshka","Omamori","Astrolabe","Medical Kit","Centennial Puzzle","The Courier","Calipers","Strawberry","Ancient Tea Set","Sozu","Strange Spoon"],"potions_floor_usage":[33,40],"damage_taken":[{"damage":0,"enemies":"Jaw Worm","floor":1,"turns":5},{"damage":1,"enemies":"Small Slimes","floor":2,"turns":3},{"damage":0,"enemies":"2 Louse","floor":5,"turns":3},{"damage":8,"enemies":"Gremlin Nob","floor":6,"turns":3},{"damage":15,"enemies":"3 Sentries","floor":8,"turns":4},{"damage":0,"enemies":"Lagavulin","floor":11,"turns":4},{"damage":6,"enemies":"Gremlin Nob","floor":13,"turns":3},{"damage":1,"enemies":"2 Fungi Beasts","floor":14,"turns":2},{"damage":11,"enemies":"Hexaghost","floor":16,"turns":7},{"damage":15,"enemies":"Shell Parasite","floor":18,"turns":3},{"damage":2,"enemies":"Spheric Guardian","floor":21,"turns":3},{"damage":1,"enemies":"Gremlin Leader","floor":23,"turns":6},{"damage":5,"enemies":"Centurion and Healer","floor":24,"turns":6},{"damage":2,"enemies":"Shelled Parasite and Fungi","floor":29,"turns":4},{"damage":6,"enemies":"Slavers","floor":31,"turns":4},{"damage":5,"enemies":"Collector","floor":33,"turns":11},{"damage":12,"enemies":"3 Darklings","floor":35,"turns":5},{"damage":3,"enemies":"Orb Walker","floor":37,"turns":8},{"damage":24,"enemies":"Reptomancer","floor":40,"turns":2}],"seed_played":"-6733981291198316368","potions_obtained":[{"floor":5,"key":"Swift Potion"},{"floor":13,"key":"Block Potion"},{"floor":24,"key":"SteroidPotion"},{"floor":33,"key":"SkillPotion"}],"is_trial":false,"path_per_floor":["M","M","?","$","M","E","R","E","T","R","E","R","E","M","R","B",null,"M","$","?","M","?","E","M","R","T","R","$","M","R","E","R","B",null,"M","$","M","$","?","E"],"character_chosen":"WATCHER","items_purchased":["Conclude","BattleHymn","Medical Kit","Strawberry","Strange Spoon"],"campfire_rested":1,"item_purchase_floors":[4,4,19,28,36],"current_hp_per_floor":[61,60,60,60,60,52,52,37,37,37,37,37,31,30,30,19,56,41,41,41,39,34,33,28,28,28,28,35,33,33,27,39,34,39,27,27,24,24,24,0],"gold":163,"neow_bonus":"REMOVE_CARD","is_prod":false,"is_daily":false,"chose_seed":false,"campfire_upgraded":7,"win_rate":0,"timestamp":1591151045,"path_taken":["M","M","?","$","M","E","R","E","T","R","E","R","E","M","R","BOSS","M","$","?","M","?","E","M","R","T","R","$","M","R","E","R","BOSS","M","$","M","$","?","E"],"build_version":"2020-05-27","purchased_purges":0,"victory":false,"max_hp_per_floor":[68,68,68,68,68,68,68,68,68,68,68,68,68,68,68,68,68,68,68,68,68,34,34,34,34,34,34,41,41,41,41,41,41,41,41,41,41,41,41,41],"card_choices":[{"not_picked":["JustLucky","ForeignInfluence"],"picked":"Consecrate","floor":1},{"not_picked":["SashWhip","PathToVictory"],"picked":"WheelKick","floor":2},{"not_picked":["Pray","MentalFortress"],"picked":"Blasphemy","floor":5},{"not_picked":["Wallop","FollowUp"],"picked":"WaveOfTheHand","floor":6},{"not_picked":["DeusExMachina","Nirvana","BowlingBash"],"picked":"SKIP","floor":8},{"not_picked":["ClearTheMind","Sanctity"],"picked":"Meditate","floor":11},{"not_picked":["Worship","PathToVictory"],"picked":"CutThroughFate","floor":13},{"not_picked":["SignatureMove","SashWhip"],"picked":"Halt","floor":14},{"not_picked":["Alpha","DevaForm"],"picked":"Wish","floor":16},{"not_picked":["PathToVictory","Consecrate"],"picked":"Prostrate","floor":18},{"not_picked":["PathToVictory+1","Study"],"picked":"TalkToTheHand","floor":21},{"not_picked":["CutThroughFate","WreathOfFlame+1"],"picked":"ThirdEye+1","floor":23},{"not_picked":["EmptyBody","Prostrate"],"picked":"SpiritShield","floor":24},{"not_picked":["EmptyBody","FollowUp","Wireheading"],"picked":"SKIP","floor":29},{"not_picked":["EmptyBody","CrushJoints","ReachHeaven"],"picked":"SKIP","floor":31},{"not_picked":["LessonLearned","Wish"],"picked":"Devotion","floor":33},{"not_picked":["CarveReality","PathToVictory","ClearTheMind"],"picked":"SKIP","floor":35},{"not_picked":["SashWhip","Fasting2","MentalFortress"],"picked":"SKIP","floor":37}],"player_experience":2443188,"relics_obtained":[{"floor":6,"key":"Juzu Bracelet"},{"floor":8,"key":"Ice Cream"},{"floor":9,"key":"Bottled Tornado"},{"floor":11,"key":"Matryoshka"},{"floor":13,"key":"Omamori"},{"floor":23,"key":"Centennial Puzzle"},{"floor":26,"key":"The Courier"},{"floor":26,"key":"Calipers"},{"floor":31,"key":"Ancient Tea Set"}],"event_choices":[{"damage_healed":0,"gold_gain":0,"player_choice":"Leave","damage_taken":0,"max_hp_gain":0,"max_hp_loss":0,"event_name":"The Cleric","floor":3,"gold_loss":0},{"damage_healed":0,"gold_gain":0,"player_choice":"Ignored","damage_taken":0,"max_hp_gain":0,"max_hp_loss":0,"event_name":"Vampires","floor":20,"gold_loss":0},{"damage_healed":0,"gold_gain":0,"player_choice":"Became a Ghost","damage_taken":0,"max_hp_gain":0,"max_hp_loss":34,"event_name":"Ghosts","floor":22,"gold_loss":0,"cards_obtained":["Ghostly","Ghostly","Ghostly"]},{"cards_removed":["WheelKick"],"damage_healed":0,"gold_gain":0,"player_choice":"Removed Attack","damage_taken":0,"max_hp_gain":0,"max_hp_loss":0,"event_name":"Falling","floor":39,"gold_loss":0}],"is_beta":true,"boss_relics":[{"not_picked":["Runic Pyramid","Fusion Hammer"],"picked":"Astrolabe"},{"not_picked":["Black Star","Snecko Eye"],"picked":"Sozu"}],"items_purged_floors":[],"is_endless":false,"potions_floor_spawned":[5,13,14,23,24,31,33,35],"killed_by":"Reptomancer","ascension_level":20}