{"gold_per_floor":[111,111,111,36,57,70,104,123,123,123,123,159,139,178,178,268,268,288,311,5,29,29,29,63,13,93,93],"floor_reached":27,"playtime":1551,"items_purged":["Strike_P","Strike_P","Strike_P"],"score":494,"play_id":"2ef38190-bfb5-4291-86ff-84ef72fb17a0","local_time":"20200603184019","is_ascension_mode":true,"campfire_choices":[{"floor":11,"key":"REST"},{"floor":15,"key":"REST"},{"floor":23,"key":"REST"}],"neow_cost":"NONE","seed_source_timestamp":151111098638462,"circlet_count":0,"master_deck":["AscendersBane","Strike_P","Defend_P","Defend_P","Defend_P","Defend_P","Eruption","Vigilance","ReachHeaven+1","CarveReality","WheelKick","Halt","Protect","DevaForm","Protect","WaveOfTheHand","Consecrate"],"relics":["PureWater","Golden Idol","Tiny Chest","Letter Opener","TungstenRod","Darkstone Periapt","Sozu","Smiling Mask","Bag of Preparation","Akabeko","Kunai"],"potions_floor_usage":[7,16,16,24],"damage_taken":[{"damage":0,"enemies":"Cultist","floor":1,"turns":3},{"damage":0,"enemies":"2 Louse","floor":5,"turns":2},{"damage":4,"enemies":"Jaw Worm","floor":6,"turns":4},{"damage":2,"enemies":"3 Sentries","floor":7,"turns":3},{"damage":3,"enemies":"Exordium Thugs","floor":8,"turns":4},{"damage":32,"enemies":"Gremlin Nob","floor":12,"turns":4},{"damage":3,"enemies":"3 Sentries","floor":14,"turns":4},{"damage":26,"enemies":"The Guardian","floor":16,"turns":13},{"damage":9,"enemies":"Spheric Guardian","floor":18,"turns":3},{"damage":14,"enemies":"Shell Parasite","floor":21,"turns":7},{"damage":28,"enemies":"Gremlin Leader","floor":24,"turns":8},{"damage":25,"enemies":"Slavers","floor":27,"turns":2}],"seed_played":"-4220153676869336181","potions_obtained":[{"floor":0,"key":"Ambrosia"},{"floor":0,"key":"FearPotion"},{"floor":8,"key":"PowerPotion"},{"floor":13,"key":"Block Potion"},{"floor":16,"key":"Block Potion"}],"is_trial":false,"path_per_floor":["M","?","?","$","M","M","E","M","T","T","R","E","?","E","R","B",null,"M","T","$","M","$","R","E","$","T","E"],"character_chosen":"WATCHER","items_purchased":["Bag of Preparation","WaveOfTheHand"],"campfire_rested":3,"item_purchase_floors":[20,20],"current_hp_per_floor":[61,38,38,38,38,34,32,29,29,29,49,17,17,14,34,8,53,44,44,44,30,30,50,22,22,22,0],"gold":93,"neow_bonus":"THREE_SMALL_POTIONS","is_prod":false,"is_daily":false,"chose_seed":false,"campfire_upgraded":0,"win_rate":0,"timestamp":1591234819,"path_taken":["M","?","?","$","M","M","E","?","T","?","R","E","?","E","R","BOSS","M","?","?","M","$","R","E","?","T","E"],"build_version":"2020-05-27","purchased_purges":3,"victory":false,"max_hp_per_floor":[68,68,68,68,68,68,68,68,68,68,68,68,68,68,68,68,68,68,68,68,68,68,68,68,68,68,68],"card_choices":[{"not_picked":["MentalFortress","Adaptation"],"picked":"ReachHeaven","floor":1},{"not_picked":["PathToVictory","SignatureMove","WreathOfFlame"],"picked":"SKIP","floor":5},{"not_picked":["Prostrate","ClearTheMind"],"picked":"CarveReality","floor":6},{"not_picked":["Consecrate","Swivel"],"picked":"WheelKick","floor":7},{"not_picked":["MentalFortress","FearNoEvil"],"picked":"Halt","floor":8},{"not_picked":["FlyingSleeves","EmptyFist","WreathOfFlame"],"picked":"SKIP","floor":12},{"not_picked":["CutThroughFate","Meditate"],"picked":"Protect","floor":14},{"not_picked":["DeusExMachina","Alpha"],"picked":"DevaForm","floor":16},{"not_picked":["PathToVictory","FlurryOfBlows"],"picked":"Protect","floor":18},{"not_picked":["JustLucky","CarveReality","Collect"],"picked":"SKIP","floor":21},{"not_picked":["Crescendo","FollowUp"],"picked":"Consecrate","floor":24}],"player_experience":2449441,"relics_obtained":[{"floor":7,"key":"Tiny Chest"},{"floor":10,"key":"Letter Opener"},{"floor":12,"key":"TungstenRod"},{"floor":14,"key":"Darkstone Periapt"},{"floor":19,"key":"Smiling Mask"},{"floor":24,"key":"Akabeko"},{"floor":26,"key":"Kunai"}],"event_choices":[{"damage_healed":0,"gold_gain":0,"player_choice":"Take Damage","damage_taken":23,"relics_obtained":["Golden Idol"],"max_hp_gain":0,"max_hp_loss":0,"event_name":"Golden Idol","floor":2,"gold_loss":0},{"damage_healed":0,"gold_gain":0,"player_choice":"Grow","damage_taken":0,"max_hp_gain":0,"max_hp_loss":0,"event_name":"Living Wall","floor":3,"gold_loss":0,"cards_upgraded":["ReachHeaven"]},{"damage_healed":0,"gold_gain":0,"player_choice":"Bought 1 Potion","damage_taken":0,"max_hp_gain":0,"max_hp_loss":0,"event_name":"The Woman in Blue","floor":13,"gold_loss":0}],"is_beta":true,"boss_relics":[{"not_picked":["Tiny House","SlaversCollar"],"picked":"Sozu"}],"items_purged_floors":[4,20,25],"is_endless":false,"potions_floor_spawned":[1,8,14,16,24],"killed_by":"Slavers","ascension_level":20}