{"gold_per_floor":[112,1,16,16,41,41,84,109,136,136,136,35,80,117,129,141],"floor_reached":16,"playtime":656,"items_purged":[],"score":270,"play_id":"0f30b8bf-9b1a-41a8-b55a-6dc829522f01","local_time":"20200609133049","is_ascension_mode":true,"campfire_choices":[{"data":"SashWhip","floor":6,"key":"SMITH"},{"data":"CrushJoints","floor":15,"key":"SMITH"}],"neow_cost":"NONE","seed_source_timestamp":363058644120304,"circlet_count":0,"master_deck":["AscendersBane","Strike_P","Strike_P","Strike_P","Defend_P","Defend_P","Defend_P","Defend_P","Eruption","Vigilance","ConjureBlade","SashWhip+1","BowlingBash","Consecrate","TalkToTheHand","MasterReality","CrushJoints+1"],"relics":["PureWater","Golden Idol","Juzu Bracelet","Ancient Tea Set","Centennial Puzzle","MawBank","Oddly Smooth Stone"],"potions_floor_usage":[7,13,13],"damage_taken":[{"damage":2,"enemies":"2 Louse","floor":1,"turns":3},{"damage":9,"enemies":"Small Slimes","floor":3,"turns":4},{"damage":0,"enemies":"Cultist","floor":5,"turns":3},{"damage":17,"enemies":"3 Sentries","floor":7,"turns":3},{"damage":7,"enemies":"Lots of Slimes","floor":8,"turns":4},{"damage":0,"enemies":"Lagavulin","floor":13,"turns":3},{"damage":6,"enemies":"Exordium Thugs","floor":14,"turns":3},{"damage":68,"enemies":"Slime Boss","floor":16,"turns":3}],"seed_played":"-4833724831992145618","potions_obtained":[{"floor":7,"key":"LiquidMemories"},{"floor":8,"key":"BlessingOfTheForge"}],"is_trial":false,"path_per_floor":["M","$","M","?","M","R","E","M","T","?","?","?","E","M","R","B"],"character_chosen":"WATCHER","items_purchased":["BowlingBash","Fire Potion"],"campfire_rested":0,"item_purchase_floors":[2,2],"current_hp_per_floor":[59,59,50,50,50,50,33,26,26,8,8,8,8,2,2,0],"gold":141,"neow_bonus":"ONE_RANDOM_RARE_CARD","is_prod":false,"is_daily":false,"chose_seed":false,"campfire_upgraded":2,"win_rate":0,"timestamp":1591734649,"path_taken":["M","$","M","?","M","R","E","M","T","?","?","?","E","M","R","BOSS"],"build_version":"2020-05-27","purchased_purges":0,"victory":false,"max_hp_per_floor":[68,68,68,62,62,62,62,62,62,62,62,62,62,62,62,62],"card_choices":[{"not_picked":["Consecrate","Crescendo"],"picked":"SashWhip","floor":1},{"not_picked":["Study","Protect"],"picked":"Consecrate","floor":3},{"not_picked":["Adaptation","ClearTheMind"],"picked":"TalkToTheHand","floor":5},{"not_picked":["Consecrate","Sanctity"],"picked":"MasterReality","floor":7},{"not_picked":["Halt","PathToVictory","Vengeance"],"picked":"SKIP","floor":8},{"not_picked":["Protect","Omniscience"],"picked":"CrushJoints","floor":13},{"not_picked":["FlurryOfBlows","Consecrate","ClearTheMind"],"picked":"SKIP","floor":14}],"player_experience":2487132,"relics_obtained":[{"floor":7,"key":"Juzu Bracelet"},{"floor":9,"key":"Ancient Tea Set"},{"floor":13,"key":"Oddly Smooth Stone"}],"event_choices":[{"damage_healed":0,"gold_gain":0,"player_choice":"Lose Max HP","damage_taken":0,"relics_obtained":["Golden Idol"],"max_hp_gain":0,"max_hp_loss":6,"event_name":"Golden Idol","floor":4,"gold_loss":0},{"damage_healed":0,"gold_gain":0,"player_choice":"Success","damage_taken":18,"relics_obtained":["Centennial Puzzle"],"max_hp_gain":0,"max_hp_loss":0,"event_name":"Scrap Ooze","floor":10,"gold_loss":0},{"cards_removed":["Strike_P"],"damage_healed":0,"gold_gain":0,"player_choice":"Purged","damage_taken":0,"max_hp_gain":0,"max_hp_loss":0,"event_name":"Purifier","floor":11,"gold_loss":0},{"damage_healed":0,"gold_gain":0,"player_choice":"Paid Gold","damage_taken":0,"relics_obtained":["MawBank"],"max_hp_gain":0,"max_hp_loss":0,"event_name":"WeMeetAgain","floor":12,"gold_loss":101}],"is_beta":true,"boss_relics":[],"items_purged_floors":[],"is_endless":false,"potions_floor_spawned":[7,8],"killed_by":"Slime Boss","ascension_level":20}