{"gold_per_floor":[213,230,244,244,39,66,66,92,128,140,171,183,215,254,266,353,365,395,407,419,91,108,143,86,86,86,102,102,102,102,435,435,511,511,524,524],"floor_reached":36,"playtime":3234,"items_purged":["Strike_P","Strike_P"],"score":1011,"play_id":"1e713258-8298-460d-8a8b-f2d27bfe3813","local_time":"20200603230723","is_ascension_mode":true,"campfire_choices":[{"data":"CrushJoints","floor":7,"key":"SMITH"},{"data":"SandsOfTime","floor":10,"key":"SMITH"},{"data":"Fasting2","floor":15,"key":"SMITH"},{"floor":25,"key":"REST"},{"floor":30,"key":"REST"},{"data":"Meditate","floor":32,"key":"SMITH"}],"neow_cost":"NONE","seed_source_timestamp":165129684549193,"circlet_count":0,"master_deck":["AscendersBane","Strike_P","Strike_P","Defend_P","Defend_P","Defend_P","Defend_P","Eruption","Vigilance","CrushJoints+1","Tantrum","SandsOfTime+1","ThirdEye","Wireheading","Weave","Fasting2+1","DeceiveReality","DeusExMachina","ClearTheMind+1","DevaForm","Flash of Steel","Meditate+1","RitualDagger","ConjureBlade","Wallop"],"relics":["PureWater","TeardropLocket","Nunchaku","MawBank","Potion Belt","Toy Ornithopter","Philosopher\u0027s Stone","Orichalcum","Old Coin","VioletLotus"],"potions_floor_usage":[6,8,18,23,31,31,31,33,33],"damage_taken":[{"damage":2,"enemies":"Cultist","floor":1,"turns":3},{"damage":2,"enemies":"2 Louse","floor":2,"turns":4},{"damage":7,"enemies":"Small Slimes","floor":3,"turns":5},{"damage":0,"enemies":"Lagavulin","floor":6,"turns":3},{"damage":0,"enemies":"Gremlin Nob","floor":8,"turns":2},{"damage":1,"enemies":"Looter","floor":11,"turns":2},{"damage":3,"enemies":"Blue Slaver","floor":13,"turns":3},{"damage":0,"enemies":"Lagavulin","floor":14,"turns":7},{"damage":12,"enemies":"Hexaghost","floor":16,"turns":7},{"damage":16,"enemies":"3 Byrds","floor":18,"turns":3},{"damage":0,"enemies":"Spheric Guardian","floor":22,"turns":3},{"damage":16,"enemies":"Slavers","floor":23,"turns":5},{"damage":2,"enemies":"3 Cultists","floor":27,"turns":3},{"damage":2,"enemies":"Gremlin Leader","floor":31,"turns":6},{"damage":68,"enemies":"Collector","floor":33,"turns":11},{"damage":48,"enemies":"3 Darklings","floor":35,"turns":7},{"damage":29,"enemies":"Orb Walker","floor":36,"turns":1}],"seed_played":"3440651236642579074","potions_obtained":[{"floor":3,"key":"Swift Potion"},{"floor":6,"key":"Swift Potion"},{"floor":11,"key":"ColorlessPotion"},{"floor":16,"key":"GamblersBrew"},{"floor":27,"key":"Explosive Potion"},{"floor":31,"key":"BlessingOfTheForge"}],"is_trial":false,"path_per_floor":["M","M","M","T","$","E","R","E","T","R","M","?","M","E","R","B",null,"M","?","?","$","M","E","$","R","T","M","?","?","R","E","R","B",null,"M","M"],"character_chosen":"WATCHER","items_purchased":["SandsOfTime","Strength Potion","DevaForm","Flash of Steel","SkillPotion","Strength Potion"],"campfire_rested":2,"item_purchase_floors":[5,5,21,21,21,24],"current_hp_per_floor":[59,57,50,50,50,50,50,50,50,50,49,49,46,46,46,34,60,49,30,30,30,30,19,19,40,40,38,38,32,53,66,66,8,57,9,0],"gold":524,"neow_bonus":"HUNDRED_GOLD","is_prod":false,"is_daily":false,"chose_seed":false,"campfire_upgraded":4,"win_rate":0,"timestamp":1591250843,"path_taken":["M","?","M","?","$","E","R","E","T","R","M","?","?","E","R","BOSS","M","?","?","$","M","E","?","R","T","M","?","?","R","E","R","BOSS","M","M"],"build_version":"2020-05-27","purchased_purges":2,"victory":false,"max_hp_per_floor":[68,68,68,68,68,68,68,68,68,68,68,68,68,68,68,68,68,68,73,73,73,73,73,73,73,73,73,73,73,73,73,73,73,73,73,73],"card_choices":[{"not_picked":["Crescendo","Worship"],"picked":"CrushJoints","floor":1},{"not_picked":["BowlingBash","Prostrate","Halt"],"picked":"SKIP","floor":2},{"not_picked":["SashWhip","Nirvana"],"picked":"Tantrum","floor":3},{"not_picked":["BowlingBash","FollowUp"],"picked":"ThirdEye","floor":6},{"not_picked":["EmptyFist","BowlingBash"],"picked":"Wireheading","floor":8},{"not_picked":["Swivel","EmptyMind"],"picked":"Weave","floor":11},{"not_picked":["EmptyFist","BattleHymn"],"picked":"DeceiveReality","floor":13},{"not_picked":["EmptyBody","CrushJoints","Judgement"],"picked":"SKIP","floor":14},{"not_picked":["Scrawl","Alpha"],"picked":"DeusExMachina","floor":16},{"not_picked":["Vengeance","Perseverance"],"picked":"ClearTheMind+1","floor":18},{"not_picked":["FlurryOfBlows","Protect","FearNoEvil"],"picked":"SKIP","floor":22},{"not_picked":["EmptyFist","JustLucky","MentalFortress"],"picked":"SKIP","floor":23},{"not_picked":["EmptyMind","ReachHeaven+1"],"picked":"Meditate","floor":27},{"not_picked":["Consecrate","MasterReality","Crescendo"],"picked":"SKIP","floor":31},{"not_picked":["Devotion","Judgement"],"picked":"ConjureBlade","floor":33},{"not_picked":["ThirdEye","Wireheading"],"picked":"Wallop","floor":35}],"player_experience":2450992,"relics_obtained":[{"floor":4,"key":"TeardropLocket"},{"floor":6,"key":"Nunchaku"},{"floor":8,"key":"MawBank"},{"floor":9,"key":"Potion Belt"},{"floor":14,"key":"Toy Ornithopter"},{"floor":23,"key":"Orichalcum"},{"floor":31,"key":"Old Coin"}],"event_choices":[{"damage_healed":0,"gold_gain":0,"player_choice":"1 cards matched","damage_taken":0,"max_hp_gain":0,"max_hp_loss":0,"event_name":"Match and Keep!","floor":12,"gold_loss":0,"cards_obtained":["Fasting2"]},{"damage_healed":0,"gold_gain":0,"player_choice":"Shed Blood","damage_taken":24,"max_hp_gain":5,"max_hp_loss":0,"event_name":"Forgotten Altar","floor":19,"gold_loss":0},{"damage_healed":0,"gold_gain":0,"player_choice":"Ignored","damage_taken":0,"max_hp_gain":0,"max_hp_loss":0,"event_name":"Vampires","floor":20,"gold_loss":0},{"damage_healed":0,"gold_gain":0,"player_choice":"Ignored","damage_taken":0,"max_hp_gain":0,"max_hp_loss":0,"event_name":"The Mausoleum","floor":28,"gold_loss":0},{"damage_healed":0,"gold_gain":0,"player_choice":"Joined the Cult","damage_taken":6,"max_hp_gain":0,"max_hp_loss":0,"event_name":"Nest","floor":29,"gold_loss":0,"cards_obtained":["RitualDagger"]}],"is_beta":true,"boss_relics":[{"not_picked":["Fusion Hammer","Astrolabe"],"picked":"Philosopher\u0027s Stone"},{"not_picked":["Cursed Key","SacredBark"],"picked":"VioletLotus"}],"items_purged_floors":[5,21],"is_endless":false,"potions_floor_spawned":[3,6,11,16,27,31],"killed_by":"Orb Walker","ascension_level":20}