{"gold_per_floor":[115,127,52,67,67,67,101,121,121,154,165,165,177,195,195,274,274,290,290,307,73,73,100,100,126,126,126,151,151,151,186,186,262,262,272,292,52,0,0,34,51,51,75,102,102,116,130,142,142,142,142],"floor_reached":51,"playtime":5300,"items_purged":["Strike_P"],"score":1890,"play_id":"c2d58310-e6aa-48d1-adcc-fd2130f379dc","local_time":"20200609212849","is_ascension_mode":true,"campfire_choices":[{"data":"Consecrate","floor":6.0,"key":"SMITH"},{"data":"CrushJoints","floor":12.0,"key":"SMITH"},{"data":"ReachHeaven","floor":15.0,"key":"SMITH"},{"floor":24,"key":"REST"},{"data":"Ghostly","floor":27,"key":"SMITH"},{"data":"Ghostly","floor":30,"key":"SMITH"},{"floor":32,"key":"REST"},{"data":"LikeWater","floor":42,"key":"SMITH"},{"floor":45,"key":"RECALL"},{"floor":49,"key":"REST"}],"neow_cost":"NONE","seed_source_timestamp":382910970121738,"circlet_count":0,"master_deck":["AscendersBane","Defend_P","Defend_P+1","Defend_P+1","Defend_P+1","Eruption","Vigilance+1","Consecrate+1","EmptyFist+1","LikeWater+1","ReachHeaven+1","CrushJoints+1","ThirdEye","DevaForm","MasterReality","Tantrum+1","Adaptation","FlurryOfBlows","ClearTheMind","SandsOfTime","Ghostly+1","Ghostly+1","Ghostly+1","ConjureBlade","LikeWater+1","EmptyBody+1"],"special_seed":0,"relics":["HolyWater","PreservedInsect","War Paint","HornCleat","Bottled Lightning","Calipers","FossilizedHelix","StrikeDummy","Smiling Mask","Busted Crown","Red Mask","Toy Ornithopter","Happy Flower"],"potions_floor_usage":[18,20,23,25,31,33,37,46,46,48,50],"damage_taken":[{"damage":0.0,"enemies":"Jaw Worm","floor":1.0,"turns":3.0},{"damage":3.0,"enemies":"2 Louse","floor":2.0,"turns":3.0},{"damage":0.0,"enemies":"Cultist","floor":4.0,"turns":3.0},{"damage":21.0,"enemies":"Lagavulin","floor":7.0,"turns":8.0},{"damage":7.0,"enemies":"Looter","floor":8.0,"turns":3.0},{"damage":0.0,"enemies":"Gremlin Nob","floor":10.0,"turns":3.0},{"damage":0.0,"enemies":"Lots of Slimes","floor":11.0,"turns":3.0},{"damage":0.0,"enemies":"3 Louse","floor":13.0,"turns":3.0},{"damage":2.0,"enemies":"Exordium Wildlife","floor":14.0,"turns":3.0},{"damage":0.0,"enemies":"Slime Boss","floor":16.0,"turns":3.0},{"damage":22,"enemies":"Chosen","floor":18,"turns":5},{"damage":5,"enemies":"Shell Parasite","floor":20,"turns":6},{"damage":16,"enemies":"Gremlin Leader","floor":23,"turns":5},{"damage":15,"enemies":"Slavers","floor":25,"turns":4},{"damage":0,"enemies":"Book of Stabbing","floor":28,"turns":4},{"damage":0,"enemies":"Gremlin Leader","floor":31,"turns":4},{"damage":0,"enemies":"Collector","floor":33,"turns":7},{"damage":0,"enemies":"3 Shapes","floor":35,"turns":5},{"damage":1,"enemies":"3 Darklings","floor":36,"turns":5},{"damage":0,"enemies":"Giant Head","floor":40,"turns":7},{"damage":0,"enemies":"Sphere and 2 Shapes","floor":41,"turns":5},{"damage":27,"enemies":"Nemesis","floor":44,"turns":7},{"damage":0,"enemies":"Transient","floor":46,"turns":6},{"damage":0,"enemies":"Jaw Worm Horde","floor":47,"turns":6},{"damage":0,"enemies":"Maw","floor":48,"turns":9},{"damage":19,"enemies":"Donu and Deca","floor":50,"turns":9},{"damage":27,"enemies":"Awakened One","floor":51,"turns":6}],"seed_played":"5686546492729450790","potions_obtained":[{"floor":4.0,"key":"Regen Potion"},{"floor":8.0,"key":"Explosive Potion"},{"floor":10.0,"key":"AttackPotion"},{"floor":13.0,"key":"FearPotion"},{"floor":14.0,"key":"Ambrosia"},{"floor":16,"key":"ColorlessPotion"},{"floor":18,"key":"SteroidPotion"},{"floor":23,"key":"SpeedPotion"},{"floor":28,"key":"Fire Potion"},{"floor":31,"key":"Explosive Potion"},{"floor":47,"key":"SkillPotion"},{"floor":48,"key":"Strength Potion"}],"is_trial":false,"path_per_floor":["M","M","?","M","?","R","E","M","T","E","M","R","M","M","R","B",null,"M","?","M","$","?","E","R","E","T","R","E","?","R","E","R","B",null,"M","M","$","?","?","E","M","R","T","E","R","M","M","M","R","B","B"],"character_chosen":"WATCHER","items_purchased":["DuplicationPotion","SandsOfTime","Fruit Juice","Explosive Potion","LikeWater"],"campfire_rested":3,"item_purchase_floors":[21,21,37,37,37],"current_hp_per_floor":[61,58,58,58,38,38,32,25,25,25,25,25,25,23,23,23,57,35,35,30,30,30,14,24,9,9,9,9,9,9,9,19,19,30,30,29,34,34,34,34,34,34,34,7,7,17,17,22,33,19,0],"gold":142,"neow_bonus":"UPGRADE_CARD","is_prod":false,"is_daily":false,"chose_seed":false,"campfire_upgraded":6,"win_rate":0,"timestamp":1591763329,"path_taken":["M","M","?","M","?","R","E","M","T","E","M","R","M","M","R","BOSS","BOSS","M","?","M","$","?","E","R","E","T","R","E","?","R","E","R","BOSS","M","M","$","?","?","E","M","R","T","E","R","?","M","M","R","BOSS","BOSS"],"build_version":"2020-05-27","purchased_purges":1,"victory":false,"max_hp_per_floor":[68,68,68,68,68,68,68,68,68,68,68,68,68,68,68,68,68,68,68,68,68,34,34,34,34,34,34,34,34,34,34,34,34,34,34,34,39,39,39,39,39,39,39,39,39,39,39,39,39,39,39],"card_choices":[{"not_picked":["Evaluate","ClearTheMind"],"picked":"Consecrate","floor":1.0},{"not_picked":["SignatureMove","Indignation"],"picked":"EmptyFist","floor":2.0},{"not_picked":["Adaptation","Swivel"],"picked":"LikeWater","floor":4.0},{"not_picked":["Wireheading","ThirdEye"],"picked":"ReachHeaven","floor":7.0},{"not_picked":["WreathOfFlame","Prostrate","FlurryOfBlows"],"picked":"SKIP","floor":8.0},{"not_picked":["Consecrate","Study","Collect"],"picked":"SKIP","floor":10.0},{"not_picked":["Halt","InnerPeace"],"picked":"CrushJoints","floor":11.0},{"not_picked":["Study","Protect"],"picked":"ThirdEye","floor":13.0},{"not_picked":["ForeignInfluence","ClearTheMind"],"picked":"DevaForm","floor":14.0},{"not_picked":["Alpha","Establishment"],"picked":"MasterReality","floor":16},{"not_picked":["Halt","Swivel"],"picked":"Tantrum+1","floor":18},{"not_picked":["Tantrum","EmptyFist"],"picked":"ClearTheMind","floor":20},{"not_picked":["JustLucky","Crescendo","Study"],"picked":"SKIP","floor":23},{"not_picked":["Perseverance","Evaluate","Protect"],"picked":"SKIP","floor":25},{"not_picked":["JustLucky","SandsOfTime","SignatureMove"],"picked":"SKIP","floor":28},{"not_picked":["Nirvana","Crescendo","Blasphemy"],"picked":"SKIP","floor":31},{"not_picked":["Brilliance","Alpha"],"picked":"ConjureBlade","floor":33},{"not_picked":["FlyingSleeves"],"picked":"SKIP","floor":35},{"not_picked":["Evaluate"],"picked":"SKIP","floor":36},{"not_picked":["ThirdEye"],"picked":"SKIP","floor":40},{"not_picked":["Crescendo+1"],"picked":"SKIP","floor":41},{"not_picked":[],"picked":"EmptyBody+1","floor":44},{"not_picked":["EmptyFist"],"picked":"SKIP","floor":46},{"not_picked":["EmptyMind"],"picked":"SKIP","floor":47},{"not_picked":["ClearTheMind"],"picked":"SKIP","floor":48}],"player_experience":2487788,"relics_obtained":[{"floor":7.0,"key":"PreservedInsect"},{"floor":9.0,"key":"War Paint"},{"floor":10.0,"key":"HornCleat"},{"floor":23,"key":"Bottled Lightning"},{"floor":25,"key":"Calipers"},{"floor":26,"key":"FossilizedHelix"},{"floor":28,"key":"StrikeDummy"},{"floor":31,"key":"Smiling Mask"},{"floor":40,"key":"Toy Ornithopter"},{"floor":44,"key":"Happy Flower"}],"event_choices":[{"cards_removed":["Strike_P"],"damage_healed":0.0,"max_hp_gain":0.0,"max_hp_loss":0.0,"gold_gain":0.0,"event_name":"The Cleric","player_choice":"Card Removal","floor":3.0,"gold_loss":75.0,"damage_taken":0.0},{"damage_healed":0.0,"max_hp_gain":0.0,"max_hp_loss":0.0,"gold_gain":0.0,"event_name":"Shining Light","player_choice":"Entered Light","floor":5.0,"gold_loss":0.0,"damage_taken":20.0,"cards_upgraded":["Defend_P","EmptyFist"]},{"damage_healed":0,"gold_gain":0,"cards_transformed":["Strike_P","Strike_P"],"player_choice":"Became Test Subject","damage_taken":0,"max_hp_gain":0,"max_hp_loss":0,"event_name":"Drug Dealer","floor":19,"gold_loss":0,"cards_obtained":["Adaptation","FlurryOfBlows"]},{"damage_healed":0,"gold_gain":0,"player_choice":"Became a Ghost","damage_taken":0,"max_hp_gain":0,"max_hp_loss":34,"event_name":"Ghosts","floor":22,"gold_loss":0,"cards_obtained":["Ghostly","Ghostly","Ghostly"]},{"damage_healed":0,"gold_gain":0,"player_choice":"Upgraded","damage_taken":0,"max_hp_gain":0,"max_hp_loss":0,"event_name":"Upgrade Shrine","floor":29,"gold_loss":0,"cards_upgraded":["Ghostly"]},{"damage_healed":0,"gold_gain":0,"player_choice":"Paid","damage_taken":0,"relics_obtained":["Red Mask"],"max_hp_gain":0,"max_hp_loss":0,"event_name":"Tomb of Lord Red Mask","floor":38,"gold_loss":52},{"damage_healed":0,"gold_gain":0,"player_choice":"Upgraded","damage_taken":0,"max_hp_gain":0,"max_hp_loss":0,"event_name":"Upgrade Shrine","floor":39,"gold_loss":0,"cards_upgraded":["LikeWater"]}],"is_beta":true,"boss_relics":[{"not_picked":["Runic Pyramid","SlaversCollar"],"picked":"HolyWater"},{"not_picked":["Pandora\u0027s Box","Velvet Choker"],"picked":"Busted Crown"}],"items_purged_floors":[21],"is_endless":false,"potions_floor_spawned":[4,8,10,13,14,16,18,23,28,31,40,41,47,48],"killed_by":"Awakened One","ascension_level":20}