{"gold_per_floor":[215,215,230,242,242,242,242,261,261,186,197,227,227,242,242,320,320,333,346,358,358,358,358,378,378],"floor_reached":25,"playtime":1926,"items_purged":["Strike_P"],"score":510,"play_id":"e2773642-6de6-4352-8165-847adc754029","local_time":"20200605205124","is_ascension_mode":true,"campfire_choices":[{"data":"Wallop","floor":6.0,"key":"SMITH"},{"data":"SashWhip","floor":15,"key":"SMITH"},{"floor":23,"key":"REST"}],"neow_cost":"NONE","seed_source_timestamp":249135683322231,"circlet_count":0,"master_deck":["AscendersBane","Strike_P","Defend_P","Defend_P","Defend_P+1","Defend_P","Eruption+1","Vigilance","EmptyFist+1","Wallop+1","FlyingSleeves+1","Meditate+1","EmptyBody","FlurryOfBlows","SashWhip+1","LessonLearned","Wireheading","CutThroughFate+1","Decay","CarveReality"],"special_seed":0,"relics":["PureWater","Eternal Feather","Akabeko","Gremlin Horn","Empty Cage"],"potions_floor_usage":[16,19,20],"damage_taken":[{"damage":3.0,"enemies":"Small Slimes","floor":1.0,"turns":5.0},{"damage":6.0,"enemies":"2 Louse","floor":3.0,"turns":3.0},{"damage":0.0,"enemies":"Cultist","floor":4.0,"turns":3.0},{"damage":0.0,"enemies":"Looter","floor":8.0,"turns":2.0},{"damage":0.0,"enemies":"Large Slime","floor":11.0,"turns":3.0},{"damage":5.0,"enemies":"3 Sentries","floor":12.0,"turns":6.0},{"damage":0,"enemies":"Blue Slaver","floor":14,"turns":1},{"damage":0,"enemies":"Slime Boss","floor":16,"turns":5},{"damage":14,"enemies":"Spheric Guardian","floor":18,"turns":4},{"damage":3,"enemies":"Chosen","floor":19,"turns":5},{"damage":28,"enemies":"Snake Plant","floor":20,"turns":5},{"damage":19,"enemies":"Snecko","floor":24,"turns":7},{"damage":30,"enemies":"Chosen and Byrds","floor":25,"turns":7}],"seed_played":"6933365915998317780","potions_obtained":[{"floor":1.0,"key":"EssenceOfSteel"},{"floor":8.0,"key":"PowerPotion"},{"floor":11.0,"key":"DistilledChaos"},{"floor":18,"key":"AttackPotion"}],"is_trial":false,"path_per_floor":["M","?","M","M","?","R","?","M","T","$","M","E","?","M","R","B",null,"M","M","M","?","?","R","M","M"],"character_chosen":"WATCHER","items_purchased":[],"campfire_rested":1,"item_purchase_floors":[],"current_hp_per_floor":[58,23,17,17,17,23,23,23,23,23,23,18,18,18,27,27,58,44,41,13,13,13,42,23,0],"gold":378,"neow_bonus":"HUNDRED_GOLD","is_prod":false,"is_daily":false,"chose_seed":false,"campfire_upgraded":2,"win_rate":0,"timestamp":1591415484,"path_taken":["M","?","M","M","?","R","?","?","T","$","M","E","?","M","R","BOSS","M","M","M","?","?","R","M","M"],"build_version":"2020-05-27","purchased_purges":1,"victory":false,"max_hp_per_floor":[68,68,68,68,68,68,68,68,68,68,68,68,68,68,68,68,68,68,68,68,68,68,68,68,68],"card_choices":[{"not_picked":["LikeWater","WaveOfTheHand"],"picked":"EmptyFist","floor":1.0},{"not_picked":["Weave","SignatureMove"],"picked":"Wallop","floor":3.0},{"not_picked":["FlurryOfBlows","MentalFortress"],"picked":"FlyingSleeves","floor":4.0},{"not_picked":["EmptyMind","PathToVictory"],"picked":"Meditate","floor":8.0},{"not_picked":["Crescendo","Nirvana"],"picked":"EmptyBody","floor":11.0},{"not_picked":["Indignation","JustLucky"],"picked":"FlurryOfBlows","floor":12.0},{"not_picked":["Nirvana","Consecrate"],"picked":"SashWhip","floor":14},{"not_picked":["DeusExMachina","Establishment"],"picked":"LessonLearned","floor":16},{"not_picked":["Vengeance","CutThroughFate"],"picked":"Wireheading","floor":18},{"not_picked":["Evaluate","Vengeance"],"picked":"CutThroughFate","floor":19},{"not_picked":["FlyingSleeves","JustLucky","BattleHymn"],"picked":"SKIP","floor":20},{"not_picked":["WindmillStrike","Wallop"],"picked":"CarveReality","floor":24}],"player_experience":2456314,"relics_obtained":[{"floor":9.0,"key":"Akabeko"},{"floor":12.0,"key":"Gremlin Horn"}],"event_choices":[{"damage_healed":0.0,"max_hp_gain":0.0,"max_hp_loss":0.0,"gold_gain":0.0,"event_name":"Scrap Ooze","player_choice":"Success","floor":2.0,"gold_loss":0.0,"damage_taken":35.0,"relics_obtained":["Eternal Feather"]},{"damage_healed":0.0,"max_hp_gain":0.0,"max_hp_loss":0.0,"gold_gain":0.0,"event_name":"Living Wall","player_choice":"Grow","floor":5.0,"gold_loss":0.0,"damage_taken":0.0,"cards_upgraded":["EmptyFist"]},{"damage_healed":0.0,"max_hp_gain":0.0,"max_hp_loss":0.0,"gold_gain":0.0,"event_name":"Upgrade Shrine","player_choice":"Upgraded","floor":7.0,"gold_loss":0.0,"damage_taken":0.0,"cards_upgraded":["FlyingSleeves"]},{"damage_healed":0.0,"max_hp_gain":0.0,"max_hp_loss":0.0,"gold_gain":0.0,"event_name":"Shining Light","player_choice":"Ignored","floor":13.0,"gold_loss":0.0,"damage_taken":0.0},{"damage_healed":0,"gold_gain":0,"player_choice":"Ignored","damage_taken":0,"max_hp_gain":0,"max_hp_loss":0,"event_name":"The Mausoleum","floor":21,"gold_loss":0},{"damage_healed":0,"gold_gain":0,"player_choice":"Smashed Altar","damage_taken":0,"max_hp_gain":0,"max_hp_loss":0,"event_name":"Forgotten Altar","floor":22,"gold_loss":0,"cards_obtained":["Decay"]}],"is_beta":true,"boss_relics":[{"not_picked":["Velvet Choker","Calling Bell"],"picked":"Empty Cage"}],"items_purged_floors":[10],"is_endless":false,"potions_floor_spawned":[1,8,11,12,18],"killed_by":"Chosen and Byrds","ascension_level":20}