{"gold_per_floor":[119,137,150,150,73,108,122,122,122,136,151,151,177,192,192,270,270,307,307,5,5,5,5],"floor_reached":23,"playtime":1770,"items_purged":["Strike_P"],"score":402,"play_id":"8f94f711-f1f5-4d84-bd06-2a37603df42c","local_time":"20200601235846","is_ascension_mode":true,"campfire_choices":[{"data":"Wallop","floor":8,"key":"SMITH"},{"data":"EmptyFist","floor":12,"key":"SMITH"},{"data":"SandsOfTime","floor":15,"key":"SMITH"}],"neow_cost":"NONE","seed_source_timestamp":63332513634069,"circlet_count":0,"master_deck":["AscendersBane","Strike_P+1","Strike_P+1","Defend_P+1","Defend_P+1","Defend_P+1","Defend_P+1","Eruption+1","Vigilance+1","CutThroughFate","LikeWater","Wallop+1","Vengeance","FearNoEvil","EmptyFist+1","SandsOfTime+1","ThirdEye","MasterReality","Wish","Adaptation","RitualDagger"],"relics":["PureWater","Omamori","War Paint","Question Card","Philosopher\u0027s Stone","Strange Spoon"],"potions_floor_usage":[6,7,16,16,18,23,23],"damage_taken":[{"damage":0,"enemies":"2 Louse","floor":1,"turns":2},{"damage":5,"enemies":"Cultist","floor":2,"turns":5},{"damage":0,"enemies":"Jaw Worm","floor":3,"turns":3},{"damage":6,"enemies":"Lagavulin","floor":6,"turns":5},{"damage":5,"enemies":"2 Fungi Beasts","floor":7,"turns":4},{"damage":0,"enemies":"Exordium Wildlife","floor":10,"turns":5},{"damage":1,"enemies":"Exordium Thugs","floor":11,"turns":4},{"damage":16,"enemies":"Gremlin Nob","floor":13,"turns":4},{"damage":0,"enemies":"3 Louse","floor":14,"turns":2},{"damage":24,"enemies":"Slime Boss","floor":16,"turns":7},{"damage":19,"enemies":"Shell Parasite","floor":18,"turns":4},{"damage":45,"enemies":"Gremlin Leader","floor":23,"turns":4}],"seed_played":"-7033276699858519650","potions_obtained":[{"floor":2,"key":"LiquidMemories"},{"floor":3,"key":"LiquidMemories"},{"floor":7,"key":"Strength Potion"},{"floor":13,"key":"BlessingOfTheForge"},{"floor":16,"key":"Ancient Potion"},{"floor":18,"key":"Regen Potion"}],"is_trial":false,"path_per_floor":["M","M","M","?","$","E","M","R","T","M","M","R","E","M","R","B",null,"M","?","$","?","?","E"],"character_chosen":"WATCHER","items_purchased":["FearNoEvil","Strange Spoon","Block Potion"],"campfire_rested":0,"item_purchase_floors":[5,20,20],"current_hp_per_floor":[61,56,56,56,56,50,45,45,45,45,44,44,28,28,28,4,52,33,27,27,27,27,0],"gold":5,"neow_bonus":"UPGRADE_CARD","is_prod":false,"is_daily":false,"chose_seed":false,"campfire_upgraded":3,"win_rate":0,"timestamp":1591081126,"path_taken":["M","M","M","?","$","E","M","R","T","?","M","R","E","M","R","BOSS","M","?","$","?","?","E"],"build_version":"2020-05-27","purchased_purges":1,"victory":false,"max_hp_per_floor":[68,68,68,68,68,68,68,68,68,68,68,68,68,68,68,68,68,68,68,68,68,68,68],"card_choices":[{"not_picked":["FlyingSleeves","Prostrate"],"picked":"CutThroughFate","floor":1},{"not_picked":["Prostrate","Protect"],"picked":"LikeWater","floor":2},{"not_picked":["FlurryOfBlows","Protect"],"picked":"Wallop","floor":3},{"not_picked":["Sanctity","FollowUp"],"picked":"EmptyFist","floor":6},{"not_picked":["Prostrate","JustLucky","Vengeance"],"picked":"SKIP","floor":7},{"not_picked":["FollowUp","JustLucky","CrushJoints"],"picked":"SKIP","floor":10},{"not_picked":["Wireheading","ThirdEye"],"picked":"SandsOfTime","floor":11},{"not_picked":["CarveReality","Swivel"],"picked":"ThirdEye","floor":13},{"not_picked":["CutThroughFate","EmptyFist","Swivel"],"picked":"MasterReality","floor":14},{"not_picked":["Vault","Brilliance","SpiritShield"],"picked":"Wish","floor":16},{"not_picked":["CutThroughFate","Tantrum","MentalFortress"],"picked":"Adaptation","floor":18}],"player_experience":2439189,"relics_obtained":[{"floor":6,"key":"Omamori"},{"floor":9,"key":"War Paint"},{"floor":13,"key":"Question Card"}],"event_choices":[{"damage_healed":0,"gold_gain":0,"cards_transformed":["Strike_P"],"player_choice":"Transformed","damage_taken":0,"max_hp_gain":0,"max_hp_loss":0,"event_name":"Transmorgrifier","floor":4,"gold_loss":0,"cards_obtained":["Vengeance"]},{"damage_healed":0,"gold_gain":0,"player_choice":"Joined the Cult","damage_taken":6,"max_hp_gain":0,"max_hp_loss":0,"event_name":"Nest","floor":19,"gold_loss":0,"cards_obtained":["RitualDagger"]},{"damage_healed":0,"gold_gain":0,"player_choice":"Simplicity","damage_taken":0,"max_hp_gain":0,"max_hp_loss":0,"event_name":"Back to Basics","floor":21,"gold_loss":0,"cards_upgraded":["Strike_P","Strike_P","Defend_P","Defend_P","Defend_P"]},{"damage_healed":0,"gold_gain":0,"player_choice":"Ignored","damage_taken":0,"max_hp_gain":0,"max_hp_loss":0,"event_name":"Vampires","floor":22,"gold_loss":0}],"is_beta":true,"boss_relics":[{"not_picked":["Runic Dome","Velvet Choker"],"picked":"Philosopher\u0027s Stone"}],"items_purged_floors":[20],"is_endless":false,"potions_floor_spawned":[2,3,7,13,16,18],"killed_by":"Gremlin Leader","ascension_level":20}