{"gold_per_floor":[110,110,126,144,144,144,175,175,228,262,262,296,311,46,46,121,121,137,157,34,50,50,50,79,98,121,121,46,46,46,61,61,137,137,157,20,20,34,45,74,74,92,117,117,117,134,146,172,172,172,172],"floor_reached":51,"playtime":6615,"items_purged":["ConjureBlade"],"score":1590,"play_id":"5a8779d6-0aed-437f-b8c5-a80ec145414f","local_time":"20200606211445","is_ascension_mode":true,"campfire_choices":[{"data":"CarveReality","floor":6.0,"key":"SMITH"},{"data":"Eruption","floor":8.0,"key":"SMITH"},{"data":"FlyingSleeves","floor":15.0,"key":"SMITH"},{"floor":23.0,"key":"REST"},{"floor":30.0,"key":"REST"},{"data":"Omniscience","floor":32.0,"key":"SMITH"},{"floor":41.0,"key":"RECALL"},{"floor":45.0,"key":"REST"},{"floor":49.0,"key":"REST"}],"neow_cost":"NONE","seed_source_timestamp":0,"circlet_count":0,"master_deck":["AscendersBane","Eruption+1","Vigilance","CarveReality+1","CrushJoints+1","Halt","ThirdEye","FlyingSleeves+1","Devotion+1","Worship","Scrawl","DevaForm+1","Omniscience+1","WaveOfTheHand","CarveReality","MentalFortress+1","Wallop","Meditate+1","LikeWater+1","DeceiveReality","Study+1","Protect","Fasting2+1","Sanctity","Omniscience","ClearTheMind","Protect","ThirdEye+1","FearNoEvil+1","Fasting2+1","CutThroughFate+1","Omniscience"],"special_seed":0,"relics":["PureWater","Bag of Preparation","Boot","Bronze Scales","Regal Pillow","Potion Belt","Frozen Egg 2","Pandora\u0027s Box","Dream Catcher","Akabeko","Philosopher\u0027s Stone","Incense Burner","InkBottle","Damaru"],"potions_floor_usage":[],"damage_taken":[{"damage":0.0,"enemies":"2 Louse","floor":1.0,"turns":2.0},{"damage":2.0,"enemies":"Jaw Worm","floor":3.0,"turns":3.0},{"damage":0.0,"enemies":"Small Slimes","floor":4.0,"turns":4.0},{"damage":0.0,"enemies":"Lagavulin","floor":7.0,"turns":2.0},{"damage":0.0,"enemies":"3 Sentries","floor":10.0,"turns":4.0},{"damage":18.0,"enemies":"Lagavulin","floor":12.0,"turns":6.0},{"damage":0.0,"enemies":"Blue Slaver","floor":13.0,"turns":2.0},{"damage":18.0,"enemies":"Hexaghost","floor":16.0,"turns":8.0},{"damage":13.0,"enemies":"Shell Parasite","floor":18.0,"turns":4.0},{"damage":10.0,"enemies":"2 Thieves","floor":19.0,"turns":3.0},{"damage":12.0,"enemies":"Cultist and Chosen","floor":21.0,"turns":3.0},{"damage":40.0,"enemies":"Slavers","floor":24.0,"turns":6.0},{"damage":7.0,"enemies":"Centurion and Healer","floor":25.0,"turns":7.0},{"damage":5.0,"enemies":"3 Cultists","floor":31.0,"turns":4.0},{"damage":7.0,"enemies":"Automaton","floor":33.0,"turns":5.0},{"damage":0.0,"enemies":"3 Shapes","floor":35.0,"turns":8.0},{"damage":9.0,"enemies":"3 Darklings","floor":38.0,"turns":5.0},{"damage":1.0,"enemies":"Transient","floor":39.0,"turns":6.0},{"damage":0.0,"enemies":"Giant Head","floor":40.0,"turns":5.0},{"damage":11.0,"enemies":"Jaw Worm Horde","floor":42.0,"turns":3.0},{"damage":0.0,"enemies":"Writhing Mass","floor":46.0,"turns":8.0},{"damage":7.0,"enemies":"3 Darklings","floor":47.0,"turns":7.0},{"damage":37.0,"enemies":"Nemesis","floor":48.0,"turns":7.0},{"damage":35.0,"enemies":"Awakened One","floor":50.0,"turns":12.0},{"damage":44,"enemies":"Time Eater","floor":51,"turns":8}],"seed_played":"-4901293781587169486","potions_obtained":[{"floor":3.0,"key":"Explosive Potion"},{"floor":7.0,"key":"Swift Potion"},{"floor":10.0,"key":"EntropicBrew"},{"floor":18.0,"key":"Strength Potion"},{"floor":25.0,"key":"Fire Potion"},{"floor":29.0,"key":"Strength Potion"},{"floor":29.0,"key":"Ancient Potion"},{"floor":31.0,"key":"CultistPotion"},{"floor":38.0,"key":"SteroidPotion"},{"floor":46.0,"key":"Ancient Potion"},{"floor":48.0,"key":"SteroidPotion"}],"is_trial":false,"path_per_floor":["M","?","M","M","?","R","E","R","T","E","?","E","M","$","R","B",null,"M","M","$","M","?","R","E","M","T","?","$","?","R","M","R","B",null,"M","$","?","M","M","E","R","M","T","$","R","M","M","E","R","B","B"],"character_chosen":"WATCHER","items_purchased":["Frozen Egg 2","LikeWater+1","DeceiveReality","LiquidMemories","Protect"],"campfire_rested":4,"item_purchase_floors":[14,20,20,36,36],"current_hp_per_floor":[61,61,59,59,59,59,59,59,59,59,64,46,46,46,46,28,62,49,39,39,27,27,63,23,16,16,16,16,16,52,47,47,40,65,65,65,65,56,55,55,55,44,44,44,73,73,66,29,65,30,0],"gold":172,"neow_bonus":"RANDOM_COMMON_RELIC","is_prod":false,"is_daily":false,"chose_seed":false,"campfire_upgraded":4,"win_rate":0,"timestamp":1591503285,"path_taken":["M","?","M","M","?","R","E","R","T","E","?","E","M","?","R","BOSS","M","M","$","?","?","R","E","M","T","?","$","?","R","?","R","BOSS","M","$","?","M","?","E","R","M","T","?","R","M","M","E","R","BOSS","BOSS"],"build_version":"2020-05-27","purchased_purges":1,"victory":false,"max_hp_per_floor":[68,68,68,68,68,68,68,68,68,68,73,73,73,73,73,73,73,73,73,73,73,73,73,73,73,73,73,73,73,73,73,73,73,73,73,73,73,73,73,73,73,73,73,73,73,73,73,73,73,73,73],"card_choices":[{"not_picked":["PathToVictory","FlyingSleeves"],"picked":"CarveReality","floor":1.0},{"not_picked":["Indignation","FlurryOfBlows"],"picked":"CrushJoints","floor":3.0},{"not_picked":["Swivel","ClearTheMind"],"picked":"Halt","floor":4.0},{"not_picked":["Consecrate","FlurryOfBlows"],"picked":"EmptyBody","floor":7.0},{"not_picked":["EmptyBody","Nirvana"],"picked":"ThirdEye","floor":10.0},{"not_picked":["Swivel","Nirvana"],"picked":"FlyingSleeves","floor":12.0},{"not_picked":["SashWhip","JustLucky","Indignation"],"picked":"SKIP","floor":13.0},{"not_picked":["LessonLearned","Establishment+1"],"picked":"Devotion+1","floor":16.0},{"not_picked":["Perseverance","InnerPeace"],"picked":"Wallop","floor":18.0},{"not_picked":["SandsOfTime","ThirdEye"],"picked":"Meditate+1","floor":19.0},{"not_picked":["CutThroughFate","PathToVictory","ThirdEye"],"picked":"SKIP","floor":21.0},{"not_picked":["Evaluate","Crescendo"],"picked":"Study+1","floor":24.0},{"not_picked":["CrushJoints","Omniscience","Study+1"],"picked":"SKIP","floor":25.0},{"not_picked":["Swivel+1","EmptyFist"],"picked":"Fasting2+1","floor":30.0},{"not_picked":["CrushJoints","TalkToTheHand"],"picked":"Sanctity","floor":31.0},{"not_picked":["Ragnarok","Wish"],"picked":"Omniscience","floor":33.0},{"not_picked":["CrushJoints","JustLucky"],"picked":"ClearTheMind","floor":35.0},{"not_picked":["ClearTheMind+1","EmptyFist"],"picked":"ThirdEye+1","floor":38.0},{"not_picked":["Crescendo+1","MentalFortress+1","Evaluate"],"picked":"SKIP","floor":39.0},{"not_picked":["EmptyMind","Adaptation+1"],"picked":"FearNoEvil+1","floor":40.0},{"not_picked":["SandsOfTime","WreathOfFlame"],"picked":"Fasting2+1","floor":42.0},{"not_picked":["BowlingBash+1","Prostrate","InnerPeace"],"picked":"SKIP","floor":46.0},{"not_picked":["SashWhip","FollowUp"],"picked":"CutThroughFate+1","floor":47.0},{"not_picked":["CarveReality+1","Pray+1","WaveOfTheHand"],"picked":"SKIP","floor":48.0},{"not_picked":["EmptyBody","Halt+1"],"picked":"Omniscience","floor":49.0}],"player_experience":2459639,"relics_obtained":[{"floor":7.0,"key":"Boot"},{"floor":9.0,"key":"Bronze Scales"},{"floor":10.0,"key":"Regal Pillow"},{"floor":12.0,"key":"Potion Belt"},{"floor":24.0,"key":"Dream Catcher"},{"floor":26.0,"key":"Akabeko"},{"floor":40.0,"key":"InkBottle"},{"floor":48.0,"key":"Damaru"}],"event_choices":[{"damage_healed":0.0,"max_hp_gain":0.0,"max_hp_loss":0.0,"gold_gain":0.0,"event_name":"Liars Game","player_choice":"Ignored","floor":2.0,"gold_loss":0.0,"damage_taken":0.0},{"damage_healed":0.0,"max_hp_gain":0.0,"max_hp_loss":0.0,"gold_gain":0.0,"event_name":"Living Wall","player_choice":"Grow","floor":5.0,"gold_loss":0.0,"damage_taken":0.0,"cards_upgraded":["CrushJoints"]},{"damage_healed":0.0,"max_hp_gain":5.0,"max_hp_loss":0.0,"gold_gain":0.0,"event_name":"Big Fish","player_choice":"Donut","floor":11.0,"gold_loss":0.0,"damage_taken":0.0},{"damage_healed":0.0,"max_hp_gain":0.0,"max_hp_loss":0.0,"gold_gain":0.0,"event_name":"The Mausoleum","player_choice":"Ignored","floor":22.0,"gold_loss":0.0,"damage_taken":0.0},{"damage_healed":0.0,"max_hp_gain":0.0,"max_hp_loss":0.0,"gold_gain":0.0,"event_name":"The Library","player_choice":"Read","floor":27.0,"gold_loss":0.0,"damage_taken":0.0,"cards_obtained":["Protect"]},{"damage_healed":0.0,"max_hp_gain":0.0,"max_hp_loss":0.0,"gold_gain":0.0,"event_name":"Lab","player_choice":"Got Potions","floor":29.0,"gold_loss":0.0,"damage_taken":0.0},{"cards_removed":["EmptyBody"],"damage_healed":0.0,"max_hp_gain":0.0,"max_hp_loss":0.0,"gold_gain":0.0,"event_name":"WeMeetAgain","player_choice":"Gave Card","floor":37.0,"gold_loss":0.0,"damage_taken":0.0,"relics_obtained":["Incense Burner"]}],"is_beta":true,"boss_relics":[{"not_picked":["Runic Pyramid","Velvet Choker"],"picked":"Pandora\u0027s Box"},{"not_picked":["SlaversCollar","Coffee Dripper"],"picked":"Philosopher\u0027s Stone"}],"items_purged_floors":[28],"is_endless":false,"potions_floor_spawned":[3,7,10,18,25,31,38,46,48],"killed_by":"Time Eater","ascension_level":20}