{"gold_per_floor":[214,229,249,269,13,43,43,43,66,92,158,168,185,6,6,84,84,99,114,131,131,142,48,81,81,81,81,93,120,120,146,146,227,227,254,266,291,113,133,171,171,205,254,16,16,43,43,64,64,64,64,64,64,10,44,44],"floor_reached":56,"playtime":6122,"items_purged":["Strike_P","Strike_P","Strike_P","Strike_P"],"score":2158,"play_id":"5c372994-5195-48a5-a3b1-cd5524de81ba","local_time":"20200608223306","is_ascension_mode":true,"campfire_choices":[{"data":"EmptyFist","floor":8.0,"key":"SMITH"},{"data":"Apotheosis","floor":15.0,"key":"SMITH"},{"floor":25.0,"key":"RECALL"},{"floor":27.0,"key":"REST"},{"floor":30.0,"key":"REST"},{"floor":32.0,"key":"REST"},{"floor":41.0,"key":"REST"},{"floor":47.0,"key":"REST"},{"floor":49.0,"key":"REST"},{"floor":53.0,"key":"REST"}],"neow_cost":"NONE","seed_source_timestamp":338282695880868,"circlet_count":0,"master_deck":["AscendersBane","Defend_P","Defend_P","Defend_P+1","Eruption","Vigilance","TalkToTheHand","CutThroughFate","FlyingSleeves","EmptyFist+1","Conclude+1","MentalFortress","Protect","CutThroughFate","Apotheosis+1","Prostrate","Devotion","SashWhip","WaveOfTheHand","Meditate","FearNoEvil","TalkToTheHand","DevaForm","CrushJoints+1","Adaptation","Wireheading","TalkToTheHand+1","Sanctity","WheelKick","TalkToTheHand","Flash of Steel","Fasting2","FlyingSleeves+1","Prostrate+1","Wallop"],"special_seed":0,"relics":["PureWater","Membership Card","Bag of Marbles","Anchor","Damaru","Fusion Hammer","Shuriken","Letter Opener","Bottled Lightning","Regal Pillow","CeramicFish","VioletLotus","Medical Kit","Oddly Smooth Stone","Vajra","Bronze Scales","Sundial"],"potions_floor_usage":[56],"damage_taken":[{"damage":0.0,"enemies":"Cultist","floor":1.0,"turns":2.0},{"damage":0.0,"enemies":"2 Louse","floor":2.0,"turns":3.0},{"damage":2.0,"enemies":"Jaw Worm","floor":3.0,"turns":5.0},{"damage":16.0,"enemies":"Lots of Slimes","floor":4.0,"turns":4.0},{"damage":2.0,"enemies":"3 Sentries","floor":6.0,"turns":3.0},{"damage":9.0,"enemies":"Lagavulin","floor":10.0,"turns":5.0},{"damage":0.0,"enemies":"2 Fungi Beasts","floor":12.0,"turns":1.0},{"damage":0.0,"enemies":"Gremlin Gang","floor":13.0,"turns":4.0},{"damage":0.0,"enemies":"Hexaghost","floor":16.0,"turns":6.0},{"damage":6.0,"enemies":"Spheric Guardian","floor":18.0,"turns":4.0},{"damage":0.0,"enemies":"2 Thieves","floor":19.0,"turns":1.0},{"damage":0.0,"enemies":"Centurion and Healer","floor":20.0,"turns":4.0},{"damage":0.0,"enemies":"3 Cultists","floor":22.0,"turns":3.0},{"damage":15.0,"enemies":"Slavers","floor":24.0,"turns":4.0},{"damage":8.0,"enemies":"Shelled Parasite and Fungi","floor":28.0,"turns":3.0},{"damage":0.0,"enemies":"Gremlin Leader","floor":29.0,"turns":5.0},{"damage":8.0,"enemies":"Book of Stabbing","floor":31.0,"turns":5.0},{"damage":4.0,"enemies":"Collector","floor":33.0,"turns":8.0},{"damage":2.0,"enemies":"3 Shapes","floor":35.0,"turns":6.0},{"damage":0.0,"enemies":"Orb Walker","floor":36.0,"turns":2.0},{"damage":17.0,"enemies":"Spire Growth","floor":37.0,"turns":5.0},{"damage":11.0,"enemies":"Writhing Mass","floor":39.0,"turns":6.0},{"damage":9.0,"enemies":"Nemesis","floor":40.0,"turns":7.0},{"damage":0.0,"enemies":"Giant Head","floor":42.0,"turns":7.0},{"damage":5.0,"enemies":"Transient","floor":46.0,"turns":6.0},{"damage":28.0,"enemies":"3 Darklings","floor":48.0,"turns":3.0},{"damage":17.0,"enemies":"Time Eater","floor":50.0,"turns":10.0},{"damage":42.0,"enemies":"Awakened One","floor":51.0,"turns":8.0},{"damage":24.0,"enemies":"Shield and Spear","floor":55.0,"turns":5.0},{"damage":46,"enemies":"The Heart","floor":56,"turns":5}],"seed_played":"-7008000121301153064","potions_obtained":[{"floor":2.0,"key":"Energy Potion"},{"floor":4.0,"key":"StancePotion"},{"floor":13.0,"key":"Strength Potion"},{"floor":22.0,"key":"Dexterity Potion"},{"floor":24.0,"key":"Ambrosia"},{"floor":29.0,"key":"SpeedPotion"},{"floor":33.0,"key":"DuplicationPotion"},{"floor":46.0,"key":"Dexterity Potion"},{"floor":55.0,"key":"BottledMiracle"}],"is_trial":false,"path_per_floor":["M","M","M","M","$","E","?","R","T","E","?","M","M","$","R","B",null,"M","M","M","?","M","$","E","R","T","R","M","E","R","E","R","B",null,"M","M","M","$","M","E","R","E","T","$","?","M","R","M","R","B","B",null,"R","$","E","B"],"character_chosen":"WATCHER","items_purchased":["Membership Card","Conclude","MentalFortress","Apotheosis","Prostrate","CrushJoints","Meditate","Medical Kit","Wireheading","TalkToTheHand","Flash of Steel","Bronze Scales","Fasting2","Block Potion","Block Potion"],"campfire_rested":7,"item_purchase_floors":[5,5,5,14,14,14,23,38,38,44,44,44,44,54,54],"current_hp_per_floor":[61,61,59,43,43,41,21,21,21,12,12,12,12,12,12,12,54,48,48,48,48,48,48,33,33,33,53,45,45,68,60,68,64,67,65,65,48,48,37,28,63,63,63,63,63,58,68,40,68,51,9,53,68,68,44,0],"gold":44,"neow_bonus":"HUNDRED_GOLD","is_prod":false,"is_daily":false,"chose_seed":false,"campfire_upgraded":2,"win_rate":0,"timestamp":1591680786,"path_taken":["M","M","M","M","$","E","?","R","T","E","?","M","M","?","R","BOSS","M","?","M","?","M","$","E","R","T","R","M","E","R","E","R","BOSS","M","?","M","$","M","E","R","E","T","$","?","M","R","M","R","BOSS","BOSS","R","$","E","BOSS"],"build_version":"2020-05-27","purchased_purges":4,"victory":false,"max_hp_per_floor":[68,68,68,68,68,68,68,68,68,68,68,68,68,68,68,68,68,68,68,68,68,68,68,68,68,68,68,68,68,68,68,68,68,68,68,68,68,68,68,68,68,68,68,68,68,68,68,68,68,68,68,68,68,68,68,68],"card_choices":[{"not_picked":["ClearTheMind","Protect"],"picked":"TalkToTheHand","floor":1.0},{"not_picked":["Sanctity","MentalFortress"],"picked":"CutThroughFate","floor":2.0},{"not_picked":["ClearTheMind","DeceiveReality"],"picked":"FlyingSleeves","floor":3.0},{"not_picked":["Wireheading","FlurryOfBlows"],"picked":"EmptyFist","floor":4.0},{"not_picked":["Omniscience","EmptyFist"],"picked":"Protect","floor":6.0},{"not_picked":["Perseverance","Nirvana"],"picked":"CutThroughFate","floor":10.0},{"not_picked":["Evaluate","Crescendo","WindmillStrike"],"picked":"SKIP","floor":12.0},{"not_picked":["Fasting2","ForeignInfluence","WreathOfFlame"],"picked":"SKIP","floor":13.0},{"not_picked":["Judgement","SpiritShield"],"picked":"Devotion","floor":16.0},{"not_picked":["EmptyFist","Crescendo"],"picked":"SashWhip","floor":18.0},{"not_picked":["Vengeance","ClearTheMind"],"picked":"WaveOfTheHand","floor":19.0},{"not_picked":["Study","SashWhip","Pray"],"picked":"SKIP","floor":20.0},{"not_picked":["Nirvana","WreathOfFlame","EmptyFist"],"picked":"SKIP","floor":22.0},{"not_picked":["Pray","CutThroughFate","SashWhip"],"picked":"SKIP","floor":24.0},{"not_picked":["Protect","Judgement"],"picked":"FearNoEvil","floor":28.0},{"not_picked":["FollowUp","MentalFortress"],"picked":"TalkToTheHand","floor":29.0},{"not_picked":["Prostrate","Collect","ThirdEye"],"picked":"SKIP","floor":31.0},{"not_picked":["Vault","Scrawl"],"picked":"DevaForm","floor":33.0},{"not_picked":["Consecrate","Pray"],"picked":"CrushJoints+1","floor":35.0},{"not_picked":["FollowUp","EmptyFist","PathToVictory"],"picked":"SKIP","floor":36.0},{"not_picked":["FlyingSleeves","Wallop"],"picked":"Adaptation","floor":37.0},{"not_picked":["Wireheading","Consecrate"],"picked":"TalkToTheHand+1","floor":39.0},{"not_picked":["InnerPeace","EmptyBody"],"picked":"Sanctity","floor":40.0},{"not_picked":["Perseverance+1","Protect+1"],"picked":"WheelKick","floor":42.0},{"not_picked":["CrushJoints","SignatureMove"],"picked":"FlyingSleeves+1","floor":46.0},{"not_picked":["CrushJoints+1","MentalFortress"],"picked":"Prostrate+1","floor":48.0},{"not_picked":["CarveReality+1","CutThroughFate+1"],"picked":"Wallop","floor":55.0}],"player_experience":2481010,"relics_obtained":[{"floor":6.0,"key":"Bag of Marbles"},{"floor":9.0,"key":"Anchor"},{"floor":10.0,"key":"Damaru"},{"floor":24.0,"key":"Letter Opener"},{"floor":26.0,"key":"Bottled Lightning"},{"floor":29.0,"key":"Regal Pillow"},{"floor":31.0,"key":"CeramicFish"},{"floor":40.0,"key":"Oddly Smooth Stone"},{"floor":42.0,"key":"Vajra"},{"floor":55.0,"key":"Sundial"}],"event_choices":[{"damage_healed":0.0,"max_hp_gain":0.0,"max_hp_loss":0.0,"gold_gain":0.0,"event_name":"Shining Light","player_choice":"Entered Light","floor":7.0,"gold_loss":0.0,"damage_taken":20.0,"cards_upgraded":["Defend_P","Conclude"]},{"damage_healed":0.0,"max_hp_gain":0.0,"max_hp_loss":0.0,"gold_gain":66.0,"event_name":"Golden Wing","player_choice":"Gained Gold","floor":11.0,"gold_loss":0.0,"damage_taken":0.0},{"cards_removed":["CrushJoints"],"damage_healed":0.0,"max_hp_gain":0.0,"max_hp_loss":0.0,"gold_gain":0.0,"event_name":"WeMeetAgain","player_choice":"Gave Card","floor":21.0,"gold_loss":0.0,"damage_taken":0.0,"relics_obtained":["Shuriken"]},{"cards_removed":["Defend_P"],"damage_healed":0.0,"max_hp_gain":0.0,"max_hp_loss":0.0,"gold_gain":0.0,"event_name":"Wheel of Change","player_choice":"Card Removal","floor":45.0,"gold_loss":0.0,"damage_taken":0.0}],"is_beta":true,"boss_relics":[{"not_picked":["HolyWater","Empty Cage"],"picked":"Fusion Hammer"},{"not_picked":["Snecko Eye","Pandora\u0027s Box"],"picked":"VioletLotus"}],"items_purged_floors":[14,23,38,44],"is_endless":false,"potions_floor_spawned":[2,4,13,22,24,29,33,39,46,48,55],"killed_by":"The Heart","ascension_level":20}