{"gold_per_floor":[112,132,142,142,142,173,173,42,42,77,77,103,178,190,190,265,265,281,298,105,105,118,136,170,90,113,125,166,178,199,222,234,329,341,377,389,417,62,91,41,41,70,70,70,85,116,130,168,168,168,168],"floor_reached":51,"playtime":6099,"items_purged":["Strike_P","Strike_P+1"],"score":1759,"play_id":"eee98d6b-5baa-482e-8774-745b923f54f7","local_time":"20200601221246","is_ascension_mode":true,"campfire_choices":[{"data":"SandsOfTime","floor":7.0,"key":"SMITH"},{"data":"SpiritShield","floor":11.0,"key":"SMITH"},{"data":"LikeWater","floor":15,"key":"SMITH"},{"floor":27,"key":"REST"},{"floor":29,"key":"REST"},{"floor":32,"key":"RECALL"},{"floor":41,"key":"REST"},{"floor":49,"key":"REST"}],"neow_cost":"NONE","seed_source_timestamp":52585449728050,"circlet_count":0,"master_deck":["AscendersBane","Defend_P+1","Defend_P+1","Defend_P+1","Eruption+1","Vigilance+1","Crescendo+1","SandsOfTime+1","Meditate+1","TalkToTheHand+1","LessonLearned+1","BattleHymn+1","SpiritShield+1","LikeWater+1","SpiritShield+1","CrushJoints+1","TalkToTheHand","Protect+1","DevaForm+1","Vault+1","EmptyBody+1","TalkToTheHand+1","Sanctity+1","Establishment","Protect+1"],"special_seed":0,"relics":["PureWater","The Courier","Blue Candle","Fusion Hammer","Medical Kit","Nloth\u0027s Gift","CeramicFish","MawBank","Potion Belt","Empty Cage","DollysMirror","Mango","Meat on the Bone","CloakClasp","Smiling Mask"],"potions_floor_usage":[16,16,18,28,33,44,46,48,51,51],"damage_taken":[{"damage":1.0,"enemies":"Small Slimes","floor":1.0,"turns":4.0},{"damage":2.0,"enemies":"Jaw Worm","floor":2.0,"turns":6.0},{"damage":0.0,"enemies":"Cultist","floor":3.0,"turns":2.0},{"damage":14.0,"enemies":"Lagavulin","floor":6.0,"turns":7.0},{"damage":0.0,"enemies":"Gremlin Nob","floor":10.0,"turns":3.0},{"damage":0.0,"enemies":"Lagavulin","floor":12.0,"turns":4.0},{"damage":10,"enemies":"Large Slime","floor":14,"turns":7},{"damage":0,"enemies":"Slime Boss","floor":16,"turns":7},{"damage":6,"enemies":"Shell Parasite","floor":18,"turns":4},{"damage":1,"enemies":"Spheric Guardian","floor":19,"turns":6},{"damage":3,"enemies":"Centurion and Healer","floor":22,"turns":5},{"damage":2,"enemies":"Snecko","floor":23,"turns":3},{"damage":6,"enemies":"Book of Stabbing","floor":24,"turns":7},{"damage":31,"enemies":"Gremlin Leader","floor":28,"turns":6},{"damage":3,"enemies":"Cultist and Chosen","floor":31,"turns":4},{"damage":10,"enemies":"Champ","floor":33,"turns":12},{"damage":0,"enemies":"3 Shapes","floor":35,"turns":6},{"damage":0,"enemies":"Orb Walker","floor":37,"turns":7},{"damage":5,"enemies":"Writhing Mass","floor":39,"turns":7},{"damage":2,"enemies":"Spire Growth","floor":42,"turns":9},{"damage":0,"enemies":"Jaw Worm Horde","floor":44,"turns":1},{"damage":16,"enemies":"Maw","floor":45,"turns":10},{"damage":52,"enemies":"Reptomancer","floor":46,"turns":6},{"damage":8,"enemies":"Spire Growth","floor":47,"turns":8},{"damage":0,"enemies":"Giant Head","floor":48,"turns":11},{"damage":10,"enemies":"Time Eater","floor":50,"turns":11},{"damage":62,"enemies":"Awakened One","floor":51,"turns":16}],"seed_played":"6331898273653469174","potions_obtained":[{"floor":2.0,"key":"Fire Potion"},{"floor":6.0,"key":"DuplicationPotion"},{"floor":10.0,"key":"DistilledChaos"},{"floor":14,"key":"ColorlessPotion"},{"floor":16,"key":"Fire Potion"},{"floor":19,"key":"Weak Potion"},{"floor":23,"key":"SmokeBomb"},{"floor":28,"key":"Regen Potion"},{"floor":33,"key":"BlessingOfTheForge"},{"floor":35,"key":"ColorlessPotion"},{"floor":37,"key":"FearPotion"},{"floor":47,"key":"DuplicationPotion"},{"floor":48,"key":"LiquidMemories"}],"is_trial":false,"path_per_floor":["M","M","M","?","?","E","R","$","T","E","R","E","?","M","R","B",null,"M","M","$","?","M","M","E","$","T","R","E","R","?","M","R","B",null,"M","?","M","$","M","?","R","M","T","M","M","E","M","E","R","B","B"],"character_chosen":"WATCHER","items_purchased":["LessonLearned","BattleHymn","Medical Kit","DollysMirror","Mango"],"campfire_rested":4,"item_purchase_floors":[8,8,20,38,38],"current_hp_per_floor":[60,58,58,58,63,49,49,49,49,49,49,49,38,28,28,28,62,56,55,55,55,52,50,44,44,44,65,34,55,55,52,52,57,69,69,69,69,83,78,78,87,85,85,85,69,29,33,45,71,61,0],"gold":168,"neow_bonus":"UPGRADE_CARD","is_prod":false,"is_daily":false,"chose_seed":false,"campfire_upgraded":3,"win_rate":0,"timestamp":1591074766,"path_taken":["M","M","M","?","?","E","R","$","T","E","R","E","?","M","R","BOSS","M","M","$","?","?","M","E","$","T","R","E","R","?","M","R","BOSS","M","?","?","$","M","?","R","M","T","M","M","E","?","E","R","BOSS","BOSS"],"build_version":"2020-05-27","purchased_purges":2,"victory":false,"max_hp_per_floor":[68,68,68,68,73,73,73,73,73,73,73,73,73,73,73,73,73,73,73,73,73,73,73,73,73,73,73,73,73,73,73,73,73,73,73,73,73,87,87,87,87,87,87,87,87,87,87,87,87,87,87],"card_choices":[{"not_picked":["PathToVictory","EmptyBody"],"picked":"Crescendo","floor":1.0},{"not_picked":["WreathOfFlame","Protect"],"picked":"SandsOfTime","floor":2.0},{"not_picked":["WindmillStrike","EmptyFist"],"picked":"Meditate","floor":3.0},{"not_picked":["WindmillStrike","ClearTheMind"],"picked":"TalkToTheHand","floor":6.0},{"not_picked":["Worship","FlyingSleeves"],"picked":"SpiritShield","floor":10.0},{"not_picked":["FearNoEvil","Evaluate","Swivel"],"picked":"SKIP","floor":12.0},{"not_picked":["DeceiveReality","Worship"],"picked":"LikeWater","floor":14},{"not_picked":["Alpha","DeusExMachina"],"picked":"SpiritShield","floor":16},{"not_picked":["WheelKick","FollowUp","JustLucky"],"picked":"SKIP","floor":18},{"not_picked":["Crescendo","SashWhip+1"],"picked":"CrushJoints+1","floor":19},{"not_picked":["DeusExMachina","Consecrate"],"picked":"TalkToTheHand","floor":22},{"not_picked":["Swivel","Halt"],"picked":"Protect","floor":23},{"not_picked":["InnerPeace","CrushJoints","ForeignInfluence"],"picked":"SKIP","floor":24},{"not_picked":["DeusExMachina","Perseverance","BowlingBash"],"picked":"SKIP","floor":28},{"not_picked":["EmptyMind","CrushJoints","EmptyFist"],"picked":"SKIP","floor":31},{"not_picked":["Judgement","Scrawl"],"picked":"Vault","floor":33},{"not_picked":["FlurryOfBlows","CrushJoints"],"picked":"EmptyBody+1","floor":35},{"not_picked":["FollowUp","WheelKick+1","JustLucky"],"picked":"SKIP","floor":37},{"not_picked":["PathToVictory+1","Blasphemy"],"picked":"Sanctity","floor":39},{"not_picked":["Prostrate+1","PathToVictory"],"picked":"Establishment","floor":42},{"not_picked":["CutThroughFate","ForeignInfluence","Pray"],"picked":"SKIP","floor":45},{"not_picked":["SignatureMove","FlyingSleeves+1","Tantrum"],"picked":"SKIP","floor":46},{"not_picked":["PathToVictory","Wish","ForeignInfluence"],"picked":"SKIP","floor":47},{"not_picked":["ConjureBlade","EmptyFist+1"],"picked":"Protect+1","floor":48}],"player_experience":2433090,"relics_obtained":[{"floor":6.0,"key":"The Courier"},{"floor":10.0,"key":"Juzu Bracelet"},{"floor":12.0,"key":"Blue Candle"},{"floor":24,"key":"CeramicFish"},{"floor":26,"key":"MawBank"},{"floor":28,"key":"Potion Belt"},{"floor":43,"key":"Meat on the Bone"},{"floor":46,"key":"CloakClasp"},{"floor":48,"key":"Smiling Mask"}],"event_choices":[{"damage_healed":0.0,"max_hp_gain":0.0,"max_hp_loss":0.0,"gold_gain":0.0,"event_name":"Liars Game","player_choice":"Ignored","floor":4.0,"gold_loss":0.0,"damage_taken":0.0},{"damage_healed":0.0,"max_hp_gain":5.0,"max_hp_loss":0.0,"gold_gain":0.0,"event_name":"Big Fish","player_choice":"Donut","floor":5.0,"gold_loss":0.0,"damage_taken":0.0},{"damage_healed":0.0,"max_hp_gain":0.0,"max_hp_loss":0.0,"gold_gain":75.0,"event_name":"World of Goop","player_choice":"Gather Gold","floor":13.0,"gold_loss":0.0,"damage_taken":11.0},{"damage_healed":0,"gold_gain":0,"player_choice":"Traded Relic","damage_taken":0,"relics_obtained":["Nloth\u0027s Gift"],"max_hp_gain":0,"max_hp_loss":0,"event_name":"N\u0027loth","floor":21,"relics_lost":["Juzu Bracelet"],"gold_loss":0},{"damage_healed":0,"gold_gain":0,"player_choice":"Read","damage_taken":0,"max_hp_gain":0,"max_hp_loss":0,"event_name":"The Library","floor":30,"gold_loss":0,"cards_obtained":["DevaForm"]},{"cards_removed":["Defend_P"],"damage_healed":0,"gold_gain":0,"player_choice":"Offered Basic","damage_taken":0,"max_hp_gain":0,"max_hp_loss":0,"event_name":"Bonfire Elementals","floor":36,"gold_loss":0},{"damage_healed":0,"gold_gain":0,"player_choice":"Upgrade","damage_taken":0,"max_hp_gain":0,"max_hp_loss":0,"event_name":"Designer","floor":40,"gold_loss":50,"cards_upgraded":["Meditate"]}],"is_beta":true,"boss_relics":[{"not_picked":["Pandora\u0027s Box","SlaversCollar"],"picked":"Fusion Hammer"},{"not_picked":["Velvet Choker","Philosopher\u0027s Stone"],"picked":"Empty Cage"}],"items_purged_floors":[20,25],"is_endless":false,"potions_floor_spawned":[2,6,10,14,16,19,23,28,33,35,37,47,48],"killed_by":"Awakened One","ascension_level":20}