{"gold_per_floor":[111,111,122,122,141,169,187,220,243,243,271,6,21,39,39,117,117,77,77,77,0,0,0,0,0,0,0,0,0],"floor_reached":29,"playtime":1399,"items_purged":["Strike_P"],"score":802,"play_id":"1c0f0da4-e665-4493-b984-22d063056609","local_time":"20200605212834","is_ascension_mode":true,"campfire_choices":[{"data":"Conclude","floor":10,"key":"SMITH"},{"data":"WheelKick","floor":15,"key":"SMITH"},{"floor":24,"key":"REST"}],"neow_cost":"NONE","seed_source_timestamp":251942505533007,"circlet_count":0,"master_deck":["AscendersBane","Strike_P","Strike_P+1","Strike_P","Defend_P","Defend_P","Defend_P","Defend_P","Eruption+1","Vigilance","Conclude+1","Meditate","ReachHeaven","Tantrum","EmptyBody","Vault","ClearTheMind","WheelKick+1","Blasphemy","Necronomicurse","LikeWater","ThirdEye+1","LessonLearned","Establishment","Prostrate+1"],"relics":["PureWater","WarpedTongs","PreservedInsect","Bronze Scales","Juzu Bracelet","Strawberry","Orichalcum","Ectoplasm","Necronomicon","Damaru","Eternal Feather","Toxic Egg 2","Art of War"],"potions_floor_usage":[23,27],"damage_taken":[{"damage":11,"enemies":"Jaw Worm","floor":1,"turns":5},{"damage":1,"enemies":"Cultist","floor":3,"turns":3},{"damage":0,"enemies":"2 Louse","floor":5,"turns":1},{"damage":2,"enemies":"3 Sentries","floor":6,"turns":4},{"damage":0,"enemies":"Exordium Wildlife","floor":7,"turns":1},{"damage":3,"enemies":"Gremlin Nob","floor":8,"turns":3},{"damage":0,"enemies":"3 Sentries","floor":11,"turns":2},{"damage":3,"enemies":"Looter","floor":13,"turns":3},{"damage":0,"enemies":"Red Slaver","floor":14,"turns":3},{"damage":0,"enemies":"Slime Boss","floor":16,"turns":4},{"damage":17,"enemies":"2 Thieves","floor":18,"turns":2},{"damage":11,"enemies":"Slavers","floor":23,"turns":2},{"damage":0,"enemies":"Book of Stabbing","floor":25,"turns":2},{"damage":10,"enemies":"Slavers","floor":27,"turns":2},{"damage":1,"enemies":"Shell Parasite","floor":28,"turns":3},{"damage":13,"enemies":"Snecko","floor":29,"turns":2}],"seed_played":"-4058651798549054813","potions_obtained":[{"floor":6,"key":"Strength Potion"},{"floor":7,"key":"ColorlessPotion"},{"floor":11,"key":"Dexterity Potion"},{"floor":23,"key":"DistilledChaos"}],"is_trial":false,"path_per_floor":["M","?","M","?","M","E","M","E","T","R","E","$","M","M","R","B",null,"M","?","?","$","?","E","R","E","T","E","M","M"],"character_chosen":"WATCHER","items_purchased":["Orichalcum","ClearTheMind","LikeWater"],"campfire_rested":1,"item_purchase_floors":[12,12,21],"current_hp_per_floor":[50,50,49,49,49,47,47,44,44,44,51,51,48,48,48,48,68,51,45,24,24,13,2,24,24,24,14,13,0],"gold":0,"neow_bonus":"UPGRADE_CARD","is_prod":false,"is_daily":false,"chose_seed":false,"campfire_upgraded":2,"win_rate":0,"timestamp":1591417714,"path_taken":["M","?","?","?","M","E","?","E","T","R","E","?","M","M","R","BOSS","M","?","?","$","?","E","R","E","T","E","M","M"],"build_version":"2020-05-27","purchased_purges":1,"victory":false,"max_hp_per_floor":[68,68,68,68,68,68,68,68,68,68,75,75,75,75,75,75,75,75,75,75,75,75,75,75,75,75,75,75,75],"card_choices":[{"not_picked":["PathToVictory","EmptyFist"],"picked":"Conclude","floor":1},{"not_picked":["Prostrate","Study"],"picked":"Meditate","floor":3},{"not_picked":["Swivel","Prostrate","Consecrate"],"picked":"SKIP","floor":5},{"not_picked":["PathToVictory","SashWhip"],"picked":"ReachHeaven","floor":6},{"not_picked":["PathToVictory","CutThroughFate"],"picked":"Tantrum","floor":7},{"not_picked":["Collect","Indignation"],"picked":"EmptyBody","floor":8},{"not_picked":["Consecrate","ReachHeaven"],"picked":"Vault","floor":11},{"not_picked":["Perseverance","FlurryOfBlows"],"picked":"WheelKick","floor":13},{"not_picked":["Consecrate","ClearTheMind","Tantrum"],"picked":"SKIP","floor":14},{"not_picked":["Wish","ConjureBlade"],"picked":"Blasphemy","floor":16},{"not_picked":["Crescendo","BowlingBash","FlyingSleeves"],"picked":"SKIP","floor":18},{"not_picked":["JustLucky","BowlingBash"],"picked":"ThirdEye+1","floor":23},{"not_picked":["Evaluate","Prostrate+1"],"picked":"LessonLearned","floor":25},{"not_picked":["EmptyFist","Nirvana"],"picked":"Establishment","floor":27},{"not_picked":["CutThroughFate","Consecrate"],"picked":"Prostrate+1","floor":28}],"player_experience":2458240,"relics_obtained":[{"floor":6,"key":"PreservedInsect"},{"floor":8,"key":"Bronze Scales"},{"floor":9,"key":"Juzu Bracelet"},{"floor":11,"key":"Strawberry"},{"floor":20,"key":"Necronomicon"},{"floor":23,"key":"Damaru"},{"floor":25,"key":"Eternal Feather"},{"floor":26,"key":"Toxic Egg 2"},{"floor":27,"key":"Art of War"}],"event_choices":[{"damage_healed":0,"gold_gain":0,"player_choice":"Rummage","damage_taken":0,"relics_obtained":["WarpedTongs"],"max_hp_gain":0,"max_hp_loss":0,"event_name":"Accursed Blacksmith","floor":2,"gold_loss":0,"cards_obtained":["Pain"]},{"cards_removed":["Pain"],"damage_healed":0,"gold_gain":0,"player_choice":"Removed Curses","damage_taken":0,"max_hp_gain":0,"max_hp_loss":0,"event_name":"Fountain of Cleansing","floor":4,"gold_loss":0},{"damage_healed":0,"gold_gain":0,"player_choice":"","damage_taken":6,"max_hp_gain":0,"max_hp_loss":0,"event_name":"Knowing Skull","floor":19,"potions_obtained":[],"gold_loss":0,"cards_obtained":[]},{"damage_healed":0,"gold_gain":0,"player_choice":"Obtained Book","damage_taken":21,"max_hp_gain":0,"max_hp_loss":0,"event_name":"Cursed Tome","floor":20,"gold_loss":0},{"damage_healed":0,"gold_gain":0,"player_choice":"Damaged","damage_taken":11,"max_hp_gain":0,"max_hp_loss":0,"event_name":"Wheel of Change","floor":22,"gold_loss":0}],"is_beta":true,"boss_relics":[{"not_picked":["Velvet Choker","Pandora\u0027s Box"],"picked":"Ectoplasm"}],"items_purged_floors":[12],"is_endless":false,"potions_floor_spawned":[6,7,11,23,25],"killed_by":"Snecko","ascension_level":20}