{"gold_per_floor":[119,139,139,152,3,3,30,49,76,95,111,111,61,93,93,171,171,187,187,22,34,84,84,110,125,125,125],"floor_reached":27,"playtime":2279,"items_purged":["Pain","Strike_P"],"score":536,"play_id":"24fab67b-40d2-45d4-8563-60969ceae0d1","local_time":"20200607231936","is_ascension_mode":true,"campfire_choices":[{"data":"CrushJoints","floor":6,"key":"SMITH"},{"data":"BowlingBash","floor":12,"key":"SMITH"},{"data":"FlyingSleeves","floor":15,"key":"SMITH"},{"floor":23,"key":"REST"}],"neow_cost":"NONE","seed_source_timestamp":294270513887419,"circlet_count":0,"master_deck":["AscendersBane","Strike_P","Strike_P","Strike_P","Defend_P","Defend_P","Defend_P","Defend_P","Eruption","Vigilance","EmptyFist","CrushJoints+1","BowlingBash+1","TalkToTheHand","Protect","FlyingSleeves+1","Devotion","Devotion","Prostrate","Decay"],"relics":["PureWater","WarpedTongs","Blood Vial","Smiling Mask","Orichalcum","Cursed Key","Nilry\u0027s Codex","Membership Card","Torii"],"potions_floor_usage":[10,18,24,24,27],"damage_taken":[{"damage":5,"enemies":"Small Slimes","floor":1,"turns":4},{"damage":0,"enemies":"Cultist","floor":2,"turns":3},{"damage":0,"enemies":"2 Louse","floor":4,"turns":1},{"damage":15,"enemies":"Lagavulin","floor":7,"turns":5},{"damage":0,"enemies":"Large Slime","floor":8,"turns":3},{"damage":0,"enemies":"Red Slaver","floor":10,"turns":3},{"damage":1,"enemies":"2 Fungi Beasts","floor":11,"turns":4},{"damage":0,"enemies":"Gremlin Nob","floor":14,"turns":2},{"damage":34,"enemies":"Slime Boss","floor":16,"turns":7},{"damage":7,"enemies":"2 Thieves","floor":18,"turns":4},{"damage":24,"enemies":"3 Byrds","floor":21,"turns":6},{"damage":15,"enemies":"Book of Stabbing","floor":24,"turns":6},{"damage":12,"enemies":"Shelled Parasite and Fungi","floor":25,"turns":4},{"damage":21,"enemies":"Gremlin Leader","floor":27,"turns":2}],"seed_played":"4257735007369752012","potions_obtained":[{"floor":0,"key":"EntropicBrew"},{"floor":0,"key":"Block Potion"},{"floor":1,"key":"FearPotion"},{"floor":2,"key":"Fruit Juice"},{"floor":10,"key":"Fire Potion"},{"floor":18,"key":"DuplicationPotion"},{"floor":25,"key":"SteroidPotion"}],"is_trial":false,"path_per_floor":["M","M","?","M","$","R","E","M","T","M","M","R","$","E","R","B",null,"M","?","$","M","?","R","E","M","T","E"],"character_chosen":"WATCHER","items_purchased":["TalkToTheHand","Membership Card"],"campfire_rested":1,"item_purchase_floors":[5,20],"current_hp_per_floor":[56,56,56,56,56,56,41,43,43,50,51,51,51,53,53,21,60,55,34,34,12,12,33,20,10,10,0],"gold":125,"neow_bonus":"THREE_SMALL_POTIONS","is_prod":false,"is_daily":false,"chose_seed":false,"campfire_upgraded":3,"win_rate":0,"timestamp":1591597176,"path_taken":["M","M","?","M","$","R","E","M","T","?","M","R","$","E","R","BOSS","M","?","$","M","?","R","E","M","T","E"],"build_version":"2020-05-27","purchased_purges":2,"victory":false,"max_hp_per_floor":[68,68,68,68,68,68,68,68,68,73,73,73,73,73,73,73,73,73,73,73,73,73,73,73,73,73,73],"card_choices":[{"not_picked":["JustLucky","BowlingBash"],"picked":"EmptyFist","floor":1},{"not_picked":["FlyingSleeves","BattleHymn"],"picked":"CrushJoints","floor":2},{"not_picked":["Fasting2","Crescendo"],"picked":"BowlingBash","floor":4},{"not_picked":["SashWhip","EmptyFist","FlurryOfBlows"],"picked":"SKIP","floor":7},{"not_picked":["ConjureBlade","FlurryOfBlows"],"picked":"Protect","floor":8},{"not_picked":["CrushJoints","Adaptation","EmptyBody"],"picked":"SKIP","floor":10},{"not_picked":["WaveOfTheHand","Fasting2"],"picked":"FlyingSleeves","floor":11},{"not_picked":["Wireheading","Conclude"],"picked":"Devotion","floor":14},{"not_picked":["ConjureBlade","Alpha"],"picked":"Devotion","floor":16},{"not_picked":["FollowUp","Collect","Crescendo"],"picked":"SKIP","floor":18},{"not_picked":["Crescendo","EmptyFist","CrushJoints+1"],"picked":"SKIP","floor":21},{"not_picked":["Blasphemy","FearNoEvil"],"picked":"Prostrate","floor":24},{"not_picked":["FollowUp","FlyingSleeves","Evaluate+1"],"picked":"SKIP","floor":25}],"player_experience":2478731,"relics_obtained":[{"floor":7,"key":"Blood Vial"},{"floor":9,"key":"Smiling Mask"},{"floor":14,"key":"Orichalcum"},{"floor":19,"key":"Nilry\u0027s Codex"},{"floor":24,"key":"Torii"}],"event_choices":[{"damage_healed":0,"gold_gain":0,"player_choice":"Rummage","damage_taken":0,"relics_obtained":["WarpedTongs"],"max_hp_gain":0,"max_hp_loss":0,"event_name":"Accursed Blacksmith","floor":3,"gold_loss":0,"cards_obtained":["Pain"]},{"damage_healed":0,"gold_gain":0,"player_choice":"Obtained Book","damage_taken":21,"max_hp_gain":0,"max_hp_loss":0,"event_name":"Cursed Tome","floor":19,"gold_loss":0},{"damage_healed":0,"gold_gain":50,"player_choice":"Stole From Cult","damage_taken":0,"max_hp_gain":0,"max_hp_loss":0,"event_name":"Nest","floor":22,"gold_loss":0}],"is_beta":true,"boss_relics":[{"not_picked":["Busted Crown","VioletLotus"],"picked":"Cursed Key"}],"items_purged_floors":[5,13],"is_endless":false,"potions_floor_spawned":[1,2,10,11,14,18,25],"killed_by":"Gremlin Leader","ascension_level":20}