{"gold_per_floor":[115,131,148,148,148,148,161,211,237,64,64,107,32,71,71,173,173,212,212,212,52,102,163,88,88,88,88,138,168,168,205,205,288,288,368,17,101,184,184,274,274,274,274,274,308,383,425,479,479,479,479,479,479,35,71,71],"floor_reached":57,"playtime":5642,"items_purged":["Strike_P"],"score":3249,"play_id":"4ee0575b-c25e-4b25-afb3-74fc6ca067b9","local_time":"20200613212042","is_ascension_mode":true,"campfire_choices":[{"data":"CarveReality","floor":6.0,"key":"SMITH"},{"floor":11.0,"key":"REST"},{"data":"WheelKick","floor":15.0,"key":"SMITH"},{"data":"Meditate","floor":25.0,"key":"SMITH"},{"floor":32.0,"key":"REST"},{"floor":41,"key":"RECALL"},{"floor":44,"key":"REST"},{"floor":49,"key":"REST"},{"floor":53,"key":"REST"}],"neow_cost":"NONE","seed_source_timestamp":497885844475320,"circlet_count":0,"master_deck":["AscendersBane","Strike_P+1","Strike_P+1","Defend_P+1","Defend_P+1","Defend_P+1","Defend_P+1","Eruption+1","Vigilance+1","CarveReality+1","CutThroughFate+1","Wish+1","FlyingSleeves+1","WheelKick+1","CutThroughFate+1","LessonLearned+1","Meditate+1","InnerPeace+1","DevaForm+1","Omniscience+1","InnerPeace+1","TalkToTheHand+1","WheelKick+1","Fasting2+1","Halt+1","Tantrum+1","Halt+1","MentalFortress","WaveOfTheHand"],"special_seed":0,"relics":["PureWater","PreservedInsect","Ancient Tea Set","Bag of Marbles","CeramicFish","Oddly Smooth Stone","Snecko Eye","Art of War","Ornamental Fan","Pear","Philosopher\u0027s Stone","CloakClasp","Mummified Hand","Potion Belt","Dead Branch","HornCleat","Whetstone"],"potions_floor_usage":[38,46,54,56,56,56,56],"damage_taken":[{"damage":15.0,"enemies":"Small Slimes","floor":1.0,"turns":8.0},{"damage":0.0,"enemies":"Cultist","floor":2.0,"turns":2.0},{"damage":0.0,"enemies":"2 Louse","floor":3.0,"turns":4.0},{"damage":0.0,"enemies":"Looter","floor":7.0,"turns":2.0},{"damage":20.0,"enemies":"3 Sentries","floor":8.0,"turns":6.0},{"damage":0.0,"enemies":"Gremlin Nob","floor":12.0,"turns":1.0},{"damage":15.0,"enemies":"3 Sentries","floor":14.0,"turns":3.0},{"damage":28.0,"enemies":"Hexaghost","floor":16.0,"turns":8.0},{"damage":0.0,"enemies":"3 Byrds","floor":18.0,"turns":1.0},{"damage":0.0,"enemies":"Gremlin Leader","floor":23.0,"turns":5.0},{"damage":18.0,"enemies":"Shell Parasite","floor":28.0,"turns":4.0},{"damage":7.0,"enemies":"Slavers","floor":29.0,"turns":2.0},{"damage":0.0,"enemies":"Book of Stabbing","floor":31.0,"turns":1.0},{"damage":0.0,"enemies":"Automaton","floor":33.0,"turns":8.0},{"damage":0.0,"enemies":"Orb Walker","floor":35.0,"turns":2.0},{"damage":0.0,"enemies":"3 Shapes","floor":37.0,"turns":4.0},{"damage":12,"enemies":"Maw","floor":38,"turns":7},{"damage":32,"enemies":"Nemesis","floor":40,"turns":5},{"damage":0,"enemies":"Giant Head","floor":45,"turns":4},{"damage":0,"enemies":"Writhing Mass","floor":46,"turns":6},{"damage":0,"enemies":"Nemesis","floor":47,"turns":1},{"damage":0,"enemies":"Jaw Worm Horde","floor":48,"turns":3},{"damage":2,"enemies":"Time Eater","floor":50,"turns":11},{"damage":12,"enemies":"Awakened One","floor":51,"turns":7},{"damage":0,"enemies":"Shield and Spear","floor":55,"turns":3},{"damage":0,"enemies":"The Heart","floor":56,"turns":6}],"seed_played":"-300018461488333810","potions_obtained":[{"floor":1.0,"key":"LiquidBronze"},{"floor":3.0,"key":"LiquidMemories"},{"floor":8.0,"key":"Energy Potion"},{"floor":12.0,"key":"EssenceOfSteel"},{"floor":28.0,"key":"Regen Potion"},{"floor":29.0,"key":"Swift Potion"},{"floor":33.0,"key":"Fire Potion"},{"floor":35.0,"key":"SpeedPotion"},{"floor":38,"key":"SteroidPotion"},{"floor":40,"key":"LiquidMemories"},{"floor":46,"key":"Fruit Juice"},{"floor":47,"key":"Ancient Potion"}],"is_trial":false,"path_per_floor":["M","M","M","?","?","R","M","E","T","$","R","E","$","E","R","B",null,"M","?","?","$","?","E","?","R","T","$","M","E","?","E","R","B",null,"M","$","M","M","?","E","R","?","T","R","E","M","E","M","R","B","B",null,"R","$","E","B",null],"character_chosen":"WATCHER","items_purchased":["Bag of Marbles","LessonLearned","CloakClasp","TalkToTheHand","MentalFortress","PowerPotion","HornCleat","Strength Potion"],"campfire_rested":5,"item_purchase_floors":[10,21,36,36,54,54,54,54],"current_hp_per_floor":[46,46,46,46,46,46,46,26,26,26,46,46,46,31,31,3,52,52,52,52,52,52,52,52,52,52,52,34,27,21,31,54,69,76,76,76,76,64,64,32,32,32,32,54,54,54,54,54,74,72,60,71,74,79,79,79],"gold":71,"neow_bonus":"UPGRADE_CARD","is_prod":false,"is_daily":false,"chose_seed":false,"campfire_upgraded":3,"win_rate":0,"timestamp":1592108442,"path_taken":["M","M","M","?","?","R","?","E","T","?","R","E","$","E","R","BOSS","M","?","?","$","?","E","?","R","T","?","M","E","?","E","R","BOSS","M","$","M","?","?","E","R","?","T","R","E","M","E","M","R","BOSS","BOSS","R","$","E","BOSS"],"build_version":"2020-05-27","purchased_purges":1,"victory":true,"max_hp_per_floor":[68,68,68,68,68,68,68,68,68,68,68,68,68,68,68,68,68,68,68,68,68,68,68,68,68,68,68,68,68,68,78,78,78,78,78,78,78,78,78,78,78,74,74,74,74,74,74,74,74,74,74,74,74,79,79,79],"card_choices":[{"not_picked":["FlurryOfBlows","Weave"],"picked":"CarveReality","floor":1.0},{"not_picked":["Indignation","ThirdEye"],"picked":"CutThroughFate","floor":2.0},{"not_picked":["EmptyBody","FlurryOfBlows"],"picked":"EmptyFist","floor":3.0},{"not_picked":["Swivel","Perseverance"],"picked":"FlyingSleeves","floor":7.0},{"not_picked":["FlurryOfBlows","FlyingSleeves","Sanctity"],"picked":"SKIP","floor":8.0},{"not_picked":["Fasting2","FlurryOfBlows"],"picked":"WheelKick","floor":12.0},{"not_picked":["ForeignInfluence","Omniscience"],"picked":"CutThroughFate","floor":14.0},{"not_picked":["Evaluate","Study+1","CarveReality"],"picked":"SKIP","floor":18.0},{"not_picked":["BowlingBash","EmptyBody"],"picked":"Meditate","floor":23.0},{"not_picked":["ThirdEye","FollowUp"],"picked":"InnerPeace","floor":28.0},{"not_picked":["EmptyFist","Wireheading","CutThroughFate"],"picked":"SKIP","floor":29.0},{"not_picked":["Swivel","FollowUp"],"picked":"DevaForm","floor":31.0},{"not_picked":["Judgement","Alpha"],"picked":"Omniscience","floor":33.0},{"not_picked":["Pray","CrushJoints"],"picked":"InnerPeace","floor":35.0},{"not_picked":["WaveOfTheHand","Conclude"],"picked":"WheelKick","floor":37},{"not_picked":["Prostrate","Adaptation"],"picked":"Fasting2","floor":38},{"not_picked":["Prostrate+1","FlurryOfBlows","EmptyBody+1"],"picked":"SKIP","floor":40},{"not_picked":["Weave","EmptyFist+1"],"picked":"Halt+1","floor":45},{"not_picked":["Halt","CrushJoints","SandsOfTime"],"picked":"SKIP","floor":46},{"not_picked":["Scrawl","WreathOfFlame"],"picked":"Tantrum","floor":47},{"not_picked":["BattleHymn","CarveReality"],"picked":"Halt+1","floor":48},{"not_picked":["SashWhip","CrushJoints"],"picked":"WaveOfTheHand","floor":55}],"player_experience":2499195,"relics_obtained":[{"floor":8.0,"key":"PreservedInsect"},{"floor":9.0,"key":"Ancient Tea Set"},{"floor":12.0,"key":"CeramicFish"},{"floor":14.0,"key":"Oddly Smooth Stone"},{"floor":23.0,"key":"Art of War"},{"floor":26.0,"key":"Ornamental Fan"},{"floor":31.0,"key":"Pear"},{"floor":40,"key":"Mummified Hand"},{"floor":45,"key":"Potion Belt"},{"floor":47,"key":"Dead Branch"},{"floor":55,"key":"Whetstone"}],"event_choices":[{"damage_healed":0.0,"max_hp_gain":0.0,"max_hp_loss":0.0,"gold_gain":0.0,"event_name":"Living Wall","player_choice":"Grow","floor":4.0,"gold_loss":0.0,"damage_taken":0.0,"cards_upgraded":["EmptyFist"]},{"damage_healed":0.0,"max_hp_gain":0.0,"max_hp_loss":0.0,"gold_gain":0.0,"event_name":"Match and Keep!","player_choice":"1 cards matched","floor":5.0,"gold_loss":0.0,"damage_taken":0.0,"cards_obtained":["Wish"]},{"damage_healed":0.0,"max_hp_gain":0.0,"max_hp_loss":0.0,"gold_gain":0.0,"event_name":"Match and Keep!","player_choice":"1 cards matched","floor":5.0,"gold_loss":0.0,"damage_taken":0.0,"cards_obtained":["Wish"]},{"damage_healed":0.0,"max_hp_gain":0.0,"max_hp_loss":0.0,"gold_gain":0.0,"event_name":"Back to Basics","player_choice":"Simplicity","floor":19.0,"gold_loss":0.0,"damage_taken":0.0,"cards_upgraded":["Strike_P","Strike_P","Strike_P","Defend_P","Defend_P","Defend_P","Defend_P"]},{"damage_healed":0.0,"max_hp_gain":0.0,"max_hp_loss":0.0,"gold_gain":0.0,"event_name":"Vampires","player_choice":"Ignored","floor":20.0,"gold_loss":0.0,"damage_taken":0.0},{"damage_healed":0.0,"max_hp_gain":0.0,"max_hp_loss":0.0,"gold_gain":50.0,"event_name":"Nest","player_choice":"Stole From Cult","floor":22.0,"gold_loss":0.0,"damage_taken":0.0},{"cards_removed":["Strike_P"],"damage_healed":0.0,"max_hp_gain":0.0,"max_hp_loss":0.0,"gold_gain":0.0,"event_name":"Beggar","player_choice":"Gave Gold","floor":24.0,"gold_loss":75.0,"damage_taken":0.0},{"damage_healed":0.0,"max_hp_gain":0.0,"max_hp_loss":0.0,"gold_gain":0.0,"event_name":"Knowing Skull","player_choice":"","floor":30.0,"potions_obtained":[],"gold_loss":0.0,"damage_taken":6.0,"cards_obtained":[]},{"cards_removed":["EmptyFist"],"damage_healed":0,"gold_gain":0,"player_choice":"Removed Attack","damage_taken":0,"max_hp_gain":0,"max_hp_loss":0,"event_name":"Falling","floor":39,"gold_loss":0},{"damage_healed":0,"gold_gain":0,"player_choice":"Max HP","damage_taken":0,"max_hp_gain":0,"max_hp_loss":4,"event_name":"Winding Halls","floor":42,"gold_loss":0}],"is_beta":true,"boss_relics":[{"not_picked":["Runic Dome","Empty Cage"],"picked":"Snecko Eye"},{"not_picked":["Black Star","Runic Pyramid"],"picked":"Philosopher\u0027s Stone"}],"items_purged_floors":[13],"is_endless":false,"potions_floor_spawned":[1,3,8,12,28,29,31,33,35,38,40,46,47],"ascension_level":20}