{"gold_per_floor":[110,110,110,121,138,138,169,6,33,62,74,74,94,124,124,201,201,220,237,237,35,49,60,60,1,25,25,35,35,61,72,72,144,144,157,176,176,176,196,226,43,71,71,71,96,96,55,55,55,55],"floor_reached":50,"playtime":4807,"items_purged":["Pain","Strike_P"],"score":1236,"play_id":"c8b4a1ac-0a68-46d3-9a90-4a39f25ef148","local_time":"20200612211604","is_ascension_mode":true,"campfire_choices":[{"data":"BowlingBash","floor":6.0,"key":"SMITH"},{"data":"FlyingSleeves","floor":12.0,"key":"SMITH"},{"data":"MentalFortress","floor":15.0,"key":"SMITH"},{"data":"CrushJoints","floor":24.0,"key":"SMITH"},{"data":"SpiritShield","floor":27.0,"key":"SMITH"},{"floor":29.0,"key":"REST"},{"data":"Wireheading","floor":32.0,"key":"SMITH"},{"data":"Adaptation","floor":44.0,"key":"SMITH"},{"floor":49,"key":"RECALL"}],"neow_cost":"TEN_PERCENT_HP_LOSS","seed_source_timestamp":0,"circlet_count":0,"master_deck":["AscendersBane","Strike_P","Defend_P","Defend_P","Defend_P","Defend_P","Eruption","Vigilance","Establishment","Tantrum","CutThroughFate","BowlingBash+1","FlyingSleeves+1","Wireheading+1","Adaptation+1","MentalFortress+1","CrushJoints+1","DeceiveReality","CutThroughFate","SpiritShield+1","Halt","Protect","FearNoEvil","Omniscience","Protect","SashWhip+1","FearNoEvil"],"special_seed":0,"relics":["PureWater","Singing Bowl","Boot","Bag of Preparation","Centennial Puzzle","Orichalcum","Anchor","VioletLotus","WarpedTongs","Nunchaku","Yang","Coffee Dripper","Du-Vu Doll","Damaru","Pen Nib"],"potions_floor_usage":[45],"damage_taken":[{"damage":0.0,"enemies":"Cultist","floor":1.0,"turns":3.0},{"damage":8.0,"enemies":"2 Louse","floor":4.0,"turns":3.0},{"damage":0.0,"enemies":"Jaw Worm","floor":5.0,"turns":2.0},{"damage":0.0,"enemies":"Gremlin Nob","floor":7.0,"turns":2.0},{"damage":10.0,"enemies":"3 Sentries","floor":10.0,"turns":6.0},{"damage":0.0,"enemies":"Lots of Slimes","floor":11.0,"turns":2.0},{"damage":0.0,"enemies":"Red Slaver","floor":13.0,"turns":1.0},{"damage":13.0,"enemies":"Lagavulin","floor":14.0,"turns":6.0},{"damage":11.0,"enemies":"The Guardian","floor":16.0,"turns":9.0},{"damage":0.0,"enemies":"Spheric Guardian","floor":18.0,"turns":2.0},{"damage":14.0,"enemies":"3 Byrds","floor":19.0,"turns":4.0},{"damage":4.0,"enemies":"Snake Plant","floor":22.0,"turns":3.0},{"damage":8.0,"enemies":"3 Cultists","floor":23.0,"turns":4.0},{"damage":8.0,"enemies":"Centurion and Healer","floor":28.0,"turns":4.0},{"damage":0.0,"enemies":"Gremlin Leader","floor":30.0,"turns":5.0},{"damage":3.0,"enemies":"Snake Plant","floor":31.0,"turns":5.0},{"damage":37.0,"enemies":"Collector","floor":33.0,"turns":12.0},{"damage":4.0,"enemies":"3 Shapes","floor":35.0,"turns":6.0},{"damage":14.0,"enemies":"3 Darklings","floor":36.0,"turns":4.0},{"damage":27.0,"enemies":"Writhing Mass","floor":39.0,"turns":8.0},{"damage":3.0,"enemies":"Giant Head","floor":40.0,"turns":6.0},{"damage":2.0,"enemies":"Reptomancer","floor":42.0,"turns":7.0},{"damage":13,"enemies":"Nemesis","floor":45,"turns":5},{"damage":11,"enemies":"Awakened One","floor":50,"turns":2}],"seed_played":"2338682694901155975","potions_obtained":[{"floor":1.0,"key":"LiquidMemories"},{"floor":4.0,"key":"Swift Potion"},{"floor":10.0,"key":"Dexterity Potion"},{"floor":11.0,"key":"GamblersBrew"},{"floor":13.0,"key":"EssenceOfSteel"},{"floor":22.0,"key":"AttackPotion"},{"floor":30.0,"key":"LiquidBronze"},{"floor":31.0,"key":"Regen Potion"},{"floor":39.0,"key":"ColorlessPotion"},{"floor":42.0,"key":"FearPotion"}],"is_trial":false,"path_per_floor":["M","T","?","M","M","R","E","$","T","E","M","R","M","E","R","B",null,"M","M","?","$","M","M","R","$","T","R","M","R","E","M","R","B",null,"M","M","?","?","M","E","$","E","T","R","E","?","$","?","R","B"],"character_chosen":"WATCHER","items_purchased":["Bag of Preparation","DeceiveReality","CutThroughFate","Protect","DistilledChaos","FearNoEvil"],"campfire_rested":1,"item_purchase_floors":[8,21,21,25,41,47],"current_hp_per_floor":[61,61,54,46,46,46,46,46,46,38,38,38,38,25,25,16,54,54,42,42,42,38,30,30,30,30,30,24,45,45,44,44,22,60,56,44,46,46,21,18,18,18,18,18,7,7,7,7,7,0],"gold":55,"neow_bonus":"THREE_RARE_CARDS","is_prod":false,"is_daily":false,"chose_seed":false,"campfire_upgraded":7,"win_rate":0,"timestamp":1592021764,"path_taken":["M","?","?","M","M","R","E","$","T","E","M","R","M","E","R","BOSS","M","M","?","$","M","?","R","?","T","R","M","R","E","M","R","BOSS","M","?","?","?","M","E","$","E","T","R","E","?","$","?","R","BOSS"],"build_version":"2020-05-27","purchased_purges":2,"victory":false,"max_hp_per_floor":[62,62,62,62,62,62,62,62,62,64,64,64,64,64,64,66,66,66,68,68,68,68,68,68,68,68,68,70,70,70,72,72,72,72,72,74,76,76,78,78,78,80,80,80,82,82,82,82,82,82],"card_choices":[{"not_picked":["Ragnarok","Scrawl"],"picked":"Establishment","floor":0.0},{"not_picked":["FlurryOfBlows","Prostrate"],"picked":"Tantrum","floor":1.0},{"not_picked":["FlurryOfBlows","ConjureBlade"],"picked":"CutThroughFate","floor":4.0},{"not_picked":["Study","Wireheading"],"picked":"BowlingBash","floor":5.0},{"not_picked":["Evaluate","FollowUp"],"picked":"FlyingSleeves","floor":7.0},{"not_picked":["Vengeance","WreathOfFlame","Alpha"],"picked":"Singing Bowl","floor":10.0},{"not_picked":["EmptyBody","WreathOfFlame"],"picked":"Wireheading","floor":11.0},{"not_picked":["Evaluate","FlurryOfBlows"],"picked":"Adaptation","floor":13.0},{"not_picked":["ThirdEye","Crescendo"],"picked":"MentalFortress","floor":14.0},{"not_picked":["Blasphemy","Wish","Judgement"],"picked":"Singing Bowl","floor":16.0},{"not_picked":["FlyingSleeves","Crescendo"],"picked":"CrushJoints","floor":18.0},{"not_picked":["JustLucky","EmptyBody","Weave"],"picked":"Singing Bowl","floor":19.0},{"not_picked":["Evaluate","Tantrum"],"picked":"SpiritShield","floor":22.0},{"not_picked":["LikeWater","Crescendo"],"picked":"Halt","floor":23.0},{"not_picked":["Vengeance","Weave","Swivel"],"picked":"Singing Bowl","floor":28.0},{"not_picked":["CutThroughFate+1","SignatureMove"],"picked":"FearNoEvil","floor":30.0},{"not_picked":["PathToVictory","Evaluate+1","BowlingBash+1"],"picked":"Singing Bowl","floor":31.0},{"not_picked":["Scrawl","DeusExMachina"],"picked":"Omniscience","floor":33.0},{"not_picked":["Crescendo","ThirdEye"],"picked":"Protect","floor":35.0},{"not_picked":["JustLucky","FollowUp+1","Protect"],"picked":"Singing Bowl","floor":36.0},{"not_picked":["Mayhem","PanicButton","Good Instincts"],"picked":"Singing Bowl","floor":37.0},{"not_picked":["Vengeance+1","PathToVictory+1","Swivel"],"picked":"Singing Bowl","floor":39.0},{"not_picked":["Protect","PathToVictory"],"picked":"SashWhip+1","floor":40.0},{"not_picked":["CrushJoints","WheelKick","EmptyBody+1"],"picked":"Singing Bowl","floor":42.0},{"not_picked":["BowlingBash","WaveOfTheHand","Consecrate+1"],"picked":"Singing Bowl","floor":45}],"player_experience":2494388,"relics_obtained":[{"floor":2.0,"key":"Singing Bowl"},{"floor":7.0,"key":"Boot"},{"floor":9.0,"key":"Centennial Puzzle"},{"floor":10.0,"key":"Orichalcum"},{"floor":14.0,"key":"Anchor"},{"floor":26.0,"key":"Nunchaku"},{"floor":30.0,"key":"Yang"},{"floor":40.0,"key":"Du-Vu Doll"},{"floor":42.0,"key":"Damaru"},{"floor":45,"key":"Pen Nib"}],"event_choices":[{"cards_removed":["Strike_P"],"damage_healed":0.0,"max_hp_gain":0.0,"max_hp_loss":0.0,"gold_gain":0.0,"event_name":"Golden Wing","player_choice":"Card Removal","floor":3.0,"gold_loss":0.0,"damage_taken":7.0},{"damage_healed":0.0,"max_hp_gain":0.0,"max_hp_loss":0.0,"gold_gain":0.0,"event_name":"Accursed Blacksmith","player_choice":"Rummage","floor":20.0,"gold_loss":0.0,"damage_taken":0.0,"relics_obtained":["WarpedTongs"],"cards_obtained":["Pain"]},{"damage_healed":0.0,"max_hp_gain":0.0,"max_hp_loss":0.0,"gold_gain":0.0,"event_name":"SensoryStone","player_choice":"Memory 1","floor":37.0,"gold_loss":0.0,"damage_taken":0.0},{"damage_healed":0.0,"max_hp_gain":0.0,"max_hp_loss":0.0,"gold_gain":0.0,"event_name":"Tomb of Lord Red Mask","player_choice":"Ignored","floor":38.0,"gold_loss":0.0,"damage_taken":0.0},{"damage_healed":0,"gold_gain":0,"player_choice":"Ignored","damage_taken":0,"max_hp_gain":0,"max_hp_loss":0,"event_name":"Mysterious Sphere","floor":46,"gold_loss":0},{"cards_removed":["Strike_P"],"damage_healed":0,"gold_gain":0,"player_choice":"Purged","damage_taken":0,"max_hp_gain":0,"max_hp_loss":0,"event_name":"Purifier","floor":48,"gold_loss":0}],"is_beta":true,"boss_relics":[{"not_picked":["Velvet Choker","Pandora\u0027s Box"],"picked":"VioletLotus"},{"not_picked":["Snecko Eye","Calling Bell"],"picked":"Coffee Dripper"}],"items_purged_floors":[21,41],"is_endless":false,"potions_floor_spawned":[1,4,10,11,13,22,30,31,39,42],"killed_by":"Awakened One","ascension_level":20}