{"gold_per_floor":[117,174,188,202,202,202,238,28,81,81,119,132,173,191,191,287,287,310,124,148,173,187,187,221,221,221,221,259,259,297,297,297,393,393,408,433,446,779,82,82],"floor_reached":40,"playtime":3119,"items_purged":["Strike_P","Strike_P","Pain"],"score":1153,"play_id":"5352547e-d2d8-4397-aabc-2ae89c317dec","local_time":"20200808155043","is_ascension_mode":true,"campfire_choices":[{"data":"WheelKick","floor":6.0,"key":"SMITH"},{"data":"WheelKick","floor":10.0,"key":"SMITH"},{"data":"SashWhip","floor":15.0,"key":"SMITH"},{"data":"SpiritShield","floor":23,"key":"SMITH"},{"data":"Blasphemy","floor":25,"key":"SMITH"},{"floor":27,"key":"REST"},{"floor":32,"key":"REST"}],"neow_cost":"PERCENT_DAMAGE","seed_source_timestamp":890154892587129,"circlet_count":0,"master_deck":["AscendersBane","Strike_P","Strike_P","Defend_P","Defend_P","Defend_P","Defend_P","Eruption","Vigilance","WheelKick+1","MentalFortress","CutThroughFate","WheelKick+1","Prostrate","CutThroughFate","EmptyFist","SashWhip+1","SpiritShield+1","DeceiveReality","Wallop","Meditate","Blasphemy+1","Weave","TalkToTheHand","WheelKick+1","CrushJoints","TalkToTheHand"],"special_seed":0,"relics":["PureWater","StoneCalendar","Vajra","Bronze Scales","Art of War","Happy Flower","Cursed Key","Du-Vu Doll","The Courier","Potion Belt","Mango","Philosopher\u0027s Stone","OrangePellets","Dead Branch","Pantograph"],"potions_floor_usage":[20,24,24,33],"damage_taken":[{"damage":0.0,"enemies":"2 Louse","floor":1.0,"turns":3.0},{"damage":2.0,"enemies":"Small Slimes","floor":3.0,"turns":3.0},{"damage":0.0,"enemies":"Jaw Worm","floor":4.0,"turns":2.0},{"damage":8.0,"enemies":"Gremlin Nob","floor":7.0,"turns":3.0},{"damage":0.0,"enemies":"3 Sentries","floor":11.0,"turns":3.0},{"damage":0.0,"enemies":"Exordium Thugs","floor":12.0,"turns":2.0},{"damage":13.0,"enemies":"Lagavulin","floor":13.0,"turns":5.0},{"damage":1.0,"enemies":"Looter","floor":14.0,"turns":2.0},{"damage":0.0,"enemies":"Slime Boss","floor":16.0,"turns":4.0},{"damage":0.0,"enemies":"3 Byrds","floor":18.0,"turns":3.0},{"damage":2,"enemies":"Shell Parasite","floor":20,"turns":3},{"damage":0,"enemies":"Snecko","floor":21,"turns":4},{"damage":0,"enemies":"3 Cultists","floor":22,"turns":3},{"damage":24,"enemies":"Slavers","floor":24,"turns":6},{"damage":3,"enemies":"Gremlin Leader","floor":28,"turns":4},{"damage":30,"enemies":"Slavers","floor":30,"turns":5},{"damage":26,"enemies":"Automaton","floor":33,"turns":6},{"damage":18,"enemies":"3 Darklings","floor":35,"turns":3},{"damage":3,"enemies":"Orb Walker","floor":36,"turns":2},{"damage":28,"enemies":"Spire Growth","floor":37,"turns":4},{"damage":23,"enemies":"Reptomancer","floor":40,"turns":2}],"seed_played":"4701473056392996753","potions_obtained":[{"floor":1.0,"key":"ColorlessPotion"},{"floor":7.0,"key":"SteroidPotion"},{"floor":11.0,"key":"Explosive Potion"},{"floor":18.0,"key":"BlessingOfTheForge"},{"floor":22,"key":"Regen Potion"},{"floor":30,"key":"BlessingOfTheForge"},{"floor":33,"key":"LiquidBronze"},{"floor":36,"key":"GamblersBrew"}],"is_trial":false,"path_per_floor":["M","?","M","M","?","R","E","$","T","R","E","M","E","M","R","B",null,"M","$","M","M","M","R","E","R","T","R","E","?","E","?","R","B",null,"M","M","M","?","$","E"],"character_chosen":"WATCHER","items_purchased":["Prostrate","Fruit Juice","Wallop","OrangePellets","Dead Branch","Pantograph"],"campfire_rested":2,"item_purchase_floors":[8,8,19,39,39,39],"current_hp_per_floor":[43,43,41,41,41,41,33,33,33,33,38,38,25,24,24,24,56,56,56,54,54,54,54,45,45,45,65,62,62,46,46,70,44,72,54,51,23,23,23,0],"gold":82,"neow_bonus":"ONE_RARE_RELIC","is_prod":false,"is_daily":false,"chose_seed":false,"campfire_upgraded":5,"win_rate":0,"timestamp":1596927043,"path_taken":["M","?","M","M","?","R","E","?","T","R","E","M","E","M","R","BOSS","M","$","M","M","M","R","E","R","T","R","E","?","E","?","R","BOSS","M","?","M","?","$","E"],"build_version":"2020-07-30","purchased_purges":3,"victory":false,"max_hp_per_floor":[68,68,68,68,62,62,62,62,62,62,67,67,67,67,67,67,67,67,67,67,67,67,67,67,67,67,67,67,67,81,81,81,81,81,81,81,81,81,81,81],"card_choices":[{"not_picked":["Nirvana","EmptyFist"],"picked":"WheelKick","floor":1.0},{"not_picked":["ClearTheMind","Consecrate"],"picked":"MentalFortress","floor":3.0},{"not_picked":["EmptyFist","ThirdEye"],"picked":"CutThroughFate","floor":4.0},{"not_picked":["BattleHymn","SashWhip"],"picked":"WheelKick","floor":7.0},{"not_picked":["Evaluate","Study"],"picked":"CutThroughFate","floor":11.0},{"not_picked":["Adaptation","LikeWater"],"picked":"EmptyFist","floor":12.0},{"not_picked":["Ragnarok","Study","CutThroughFate"],"picked":"SKIP","floor":13.0},{"not_picked":["PathToVictory","Crescendo"],"picked":"SashWhip","floor":14.0},{"not_picked":["Judgement","Brilliance"],"picked":"SpiritShield","floor":16.0},{"not_picked":["CrushJoints","FearNoEvil"],"picked":"DeceiveReality","floor":18.0},{"not_picked":["WaveOfTheHand","ClearTheMind","ForeignInfluence"],"picked":"SKIP","floor":20},{"not_picked":["Evaluate","Crescendo","FlyingSleeves"],"picked":"SKIP","floor":21},{"not_picked":["JustLucky","InnerPeace"],"picked":"Meditate","floor":22},{"not_picked":["Crescendo+1","PathToVictory"],"picked":"Blasphemy","floor":24},{"not_picked":["Alpha","BattleHymn"],"picked":"Weave","floor":28},{"not_picked":["Ragnarok","Protect"],"picked":"TalkToTheHand","floor":30},{"not_picked":["PathToVictory","ReachHeaven"],"picked":"CrushJoints","floor":35},{"not_picked":["Consecrate","Protect","Perseverance"],"picked":"SKIP","floor":36},{"not_picked":["Perseverance","BowlingBash"],"picked":"TalkToTheHand","floor":37}],"player_experience":2572641,"relics_obtained":[{"floor":7.0,"key":"Vajra"},{"floor":9.0,"key":"Bronze Scales"},{"floor":11.0,"key":"Art of War"},{"floor":13.0,"key":"Happy Flower"},{"floor":24,"key":"Du-Vu Doll"},{"floor":26,"key":"The Courier"},{"floor":28,"key":"Potion Belt"},{"floor":30,"key":"Mango"}],"event_choices":[{"damage_healed":0.0,"max_hp_gain":0.0,"max_hp_loss":0.0,"gold_gain":57.0,"event_name":"Golden Wing","player_choice":"Gained Gold","floor":2.0,"gold_loss":0.0,"damage_taken":0.0},{"damage_healed":0.0,"max_hp_gain":0.0,"max_hp_loss":6.0,"gold_gain":0.0,"event_name":"Golden Idol","player_choice":"Lose Max HP","floor":5.0,"gold_loss":0.0,"damage_taken":0.0,"relics_obtained":["Golden Idol"]},{"damage_healed":0,"gold_gain":0,"player_choice":"Ignored","damage_taken":0,"max_hp_gain":0,"max_hp_loss":0,"event_name":"Vampires","floor":29,"gold_loss":0},{"damage_healed":0,"gold_gain":0,"player_choice":"Copied","damage_taken":0,"max_hp_gain":0,"max_hp_loss":0,"event_name":"Duplicator","floor":31,"gold_loss":0,"cards_obtained":["WheelKick"]},{"damage_healed":0,"gold_gain":333,"player_choice":"Gave Idol","damage_taken":0,"max_hp_gain":0,"max_hp_loss":0,"event_name":"The Moai Head","floor":38,"relics_lost":["Golden Idol"],"gold_loss":0}],"is_beta":true,"boss_relics":[{"not_picked":["Velvet Choker","HolyWater"],"picked":"Cursed Key"},{"not_picked":["Astrolabe","Calling Bell"],"picked":"Philosopher\u0027s Stone"}],"items_purged_floors":[8,19,39],"is_endless":false,"potions_floor_spawned":[1,7,11,18,22,30,33,36],"killed_by":"Reptomancer","ascension_level":20}