{"gold_per_floor":[366,378,52,68,68,68,94,94,121,121,68,131,175,175,175,279,279,319,74,74,74,121,121,148,148,148,148,210,251,251,301,301,375,375,415,415,463,463,538,594,24,79,79,79,4,51,112,157,157,187,187],"floor_reached":51,"playtime":5016,"items_purged":["Defend_P"],"score":1627,"play_id":"33be1585-477a-41ec-a2ba-d96cb4c40f29","local_time":"20200802231259","is_ascension_mode":true,"campfire_choices":[{"data":"Eruption","floor":6.0,"key":"SMITH"},{"data":"Wish","floor":8.0,"key":"SMITH"},{"data":"CarveReality","floor":10.0,"key":"SMITH"},{"data":"SashWhip","floor":15.0,"key":"SMITH"},{"floor":23.0,"key":"REST"},{"data":"Vigilance","floor":25.0,"key":"SMITH"},{"floor":27.0,"key":"REST"},{"data":"EmptyFist","floor":30.0,"key":"SMITH"},{"floor":32.0,"key":"REST"},{"floor":44,"key":"RECALL"},{"floor":49,"key":"REST"}],"neow_cost":"TEN_PERCENT_HP_LOSS","seed_source_timestamp":620711500576815,"circlet_count":0,"master_deck":["AscendersBane","Strike_P+1","Defend_P","Defend_P","Defend_P","Eruption+1","Vigilance+1","BattleHymn","CarveReality+1","Wish+1","SashWhip+1","Vault+1","Vault","Tantrum+1","Apotheosis","EmptyFist+1","Vault","LessonLearned+1","ConjureBlade+1","FearNoEvil+1","SpiritShield+1","Halt+1","Master of Strategy","MentalFortress+1","DeceiveReality+1","CrushJoints+1"],"special_seed":0,"relics":["PureWater","CaptainsWheel","Happy Flower","Art of War","Damaru","Snecko Eye","Nilry\u0027s Codex","Blood Vial","Kunai","Du-Vu Doll","Astrolabe","Strawberry","Strange Spoon","Meat on the Bone","GoldenEye","Bag of Marbles"],"potions_floor_usage":[39,42,51],"damage_taken":[{"damage":0.0,"enemies":"Cultist","floor":1.0,"turns":3.0},{"damage":0.0,"enemies":"2 Louse","floor":2.0,"turns":2.0},{"damage":4.0,"enemies":"Jaw Worm","floor":4.0,"turns":4.0},{"damage":20.0,"enemies":"Lagavulin","floor":7.0,"turns":6.0},{"damage":20.0,"enemies":"3 Sentries","floor":12.0,"turns":5.0},{"damage":0.0,"enemies":"Blue Slaver","floor":13.0,"turns":5.0},{"damage":0.0,"enemies":"Slime Boss","floor":16.0,"turns":5.0},{"damage":0.0,"enemies":"3 Byrds","floor":18.0,"turns":5.0},{"damage":11.0,"enemies":"2 Thieves","floor":22.0,"turns":2.0},{"damage":19.0,"enemies":"Book of Stabbing","floor":24.0,"turns":5.0},{"damage":0.0,"enemies":"Gremlin Leader","floor":28.0,"turns":5.0},{"damage":0.0,"enemies":"Cultist and Chosen","floor":29.0,"turns":6.0},{"damage":4.0,"enemies":"Centurion and Healer","floor":31.0,"turns":6.0},{"damage":7.0,"enemies":"Champ","floor":33.0,"turns":7.0},{"damage":1,"enemies":"3 Darklings","floor":35,"turns":5},{"damage":8,"enemies":"3 Shapes","floor":37,"turns":7},{"damage":3,"enemies":"Writhing Mass","floor":39,"turns":10},{"damage":0,"enemies":"Reptomancer","floor":40,"turns":5},{"damage":0,"enemies":"Mind Bloom Boss Battle","floor":42,"turns":3},{"damage":0,"enemies":"3 Darklings","floor":46,"turns":6},{"damage":4,"enemies":"Giant Head","floor":47,"turns":11},{"damage":0,"enemies":"Sphere and 2 Shapes","floor":48,"turns":2},{"damage":17,"enemies":"Time Eater","floor":50,"turns":10},{"damage":65,"enemies":"Awakened One","floor":51,"turns":19}],"seed_played":"-7570375899493454913","potions_obtained":[{"floor":1.0,"key":"Weak Potion"},{"floor":2.0,"key":"Ambrosia"},{"floor":12.0,"key":"Regen Potion"},{"floor":16.0,"key":"Explosive Potion"},{"floor":24.0,"key":"DuplicationPotion"},{"floor":33.0,"key":"EssenceOfSteel"},{"floor":42,"key":"Fruit Juice"},{"floor":46,"key":"FairyPotion"},{"floor":48,"key":"CultistPotion"}],"is_trial":false,"path_per_floor":["M","M","$","M","?","R","E","R","T","R","$","E","M","?","R","B",null,"M","$","?","?","M","R","E","R","T","R","E","M","R","M","R","B",null,"M","?","M","?","M","E","$","?","T","R","$","M","E","M","R","B","B"],"character_chosen":"WATCHER","items_purchased":["CaptainsWheel","SashWhip","Apotheosis","EmptyFist","Strange Spoon","Meat on the Bone","DeceiveReality","Weak Potion"],"campfire_rested":4,"item_purchase_floors":[3,11,19,19,41,41,41,41],"current_hp_per_floor":[61,61,61,57,57,57,37,37,37,37,37,17,17,17,17,17,51,51,51,30,24,13,31,12,12,12,30,32,34,34,32,50,45,58,59,59,51,46,45,54,54,61,61,61,61,63,61,63,71,54,0],"gold":187,"neow_bonus":"TWO_FIFTY_GOLD","is_prod":false,"is_daily":false,"chose_seed":false,"campfire_upgraded":6,"win_rate":0,"timestamp":1596435179,"path_taken":["M","M","$","M","?","R","E","R","T","R","$","E","M","?","R","BOSS","M","$","?","?","M","R","E","R","T","R","E","M","R","?","R","BOSS","M","?","M","?","M","E","$","?","T","R","?","M","E","M","R","BOSS","BOSS"],"build_version":"2020-07-30","purchased_purges":1,"victory":false,"max_hp_per_floor":[62,62,62,62,62,62,62,62,62,62,62,62,62,62,62,62,62,62,62,62,62,62,62,62,62,62,62,62,62,62,62,62,62,62,62,59,59,59,59,66,66,71,71,71,71,71,71,71,71,71,71],"card_choices":[{"not_picked":["Adaptation","Halt"],"picked":"BattleHymn","floor":1.0},{"not_picked":["Worship","PathToVictory","JustLucky"],"picked":"SKIP","floor":2.0},{"not_picked":["Worship","Protect"],"picked":"CarveReality","floor":4.0},{"not_picked":["Wallop","BowlingBash"],"picked":"Wish","floor":7.0},{"not_picked":["Consecrate","EmptyBody"],"picked":"Vault","floor":12.0},{"not_picked":["PathToVictory","SashWhip","Crescendo"],"picked":"SKIP","floor":13.0},{"not_picked":["DeusExMachina","Blasphemy"],"picked":"Vault","floor":16.0},{"not_picked":["WindmillStrike","Weave"],"picked":"Tantrum+1","floor":18.0},{"not_picked":["Consecrate","Evaluate","EmptyBody"],"picked":"SKIP","floor":22.0},{"not_picked":["BowlingBash","CrushJoints","FollowUp"],"picked":"SKIP","floor":24.0},{"not_picked":["Protect+1","CarveReality"],"picked":"Vault","floor":28.0},{"not_picked":["ReachHeaven","Study","Consecrate"],"picked":"SKIP","floor":29.0},{"not_picked":["Weave","ThirdEye","Evaluate"],"picked":"SKIP","floor":31.0},{"not_picked":["Blasphemy","Brilliance"],"picked":"LessonLearned","floor":33.0},{"not_picked":["PathToVictory","EmptyBody","ClearTheMind"],"picked":"SKIP","floor":35},{"not_picked":["FollowUp","Prostrate"],"picked":"Halt+1","floor":37},{"not_picked":["Bandage Up","Purity"],"picked":"Master of Strategy","floor":38},{"not_picked":["ReachHeaven","FlyingSleeves","BowlingBash"],"picked":"SKIP","floor":39},{"not_picked":["BowlingBash+1","CrushJoints"],"picked":"MentalFortress+1","floor":40},{"not_picked":["ThirdEye","Crescendo"],"picked":"CrushJoints+1","floor":42},{"not_picked":["FollowUp","Crescendo","JustLucky+1"],"picked":"SKIP","floor":46},{"not_picked":["Tantrum","Evaluate","SashWhip"],"picked":"SKIP","floor":47},{"not_picked":["EmptyBody+1","WindmillStrike","Blasphemy"],"picked":"SKIP","floor":48}],"player_experience":2518651,"relics_obtained":[{"floor":7.0,"key":"Happy Flower"},{"floor":9.0,"key":"Art of War"},{"floor":12.0,"key":"Damaru"},{"floor":20.0,"key":"Nilry\u0027s Codex"},{"floor":24.0,"key":"Blood Vial"},{"floor":26.0,"key":"Kunai"},{"floor":28.0,"key":"Du-Vu Doll"},{"floor":40,"key":"Strawberry"},{"floor":42,"key":"GoldenEye"},{"floor":47,"key":"Bag of Marbles"}],"event_choices":[{"damage_healed":0.0,"max_hp_gain":0.0,"max_hp_loss":0.0,"gold_gain":0.0,"event_name":"The Cleric","player_choice":"Leave","floor":5.0,"gold_loss":0.0,"damage_taken":0.0},{"damage_healed":0.0,"max_hp_gain":0.0,"max_hp_loss":0.0,"gold_gain":0.0,"event_name":"Scrap Ooze","player_choice":"Fled","floor":14.0,"gold_loss":0.0,"damage_taken":0.0},{"damage_healed":0.0,"max_hp_gain":0.0,"max_hp_loss":0.0,"gold_gain":0.0,"event_name":"Cursed Tome","player_choice":"Obtained Book","floor":20.0,"gold_loss":0.0,"damage_taken":21.0},{"damage_healed":0.0,"max_hp_gain":0.0,"max_hp_loss":0.0,"gold_gain":0.0,"event_name":"Knowing Skull","player_choice":"","floor":21.0,"potions_obtained":[],"gold_loss":0.0,"damage_taken":6.0,"cards_obtained":[]},{"damage_healed":0,"gold_gain":0,"player_choice":"Max HP","damage_taken":0,"max_hp_gain":0,"max_hp_loss":3,"event_name":"Winding Halls","floor":36,"gold_loss":0},{"damage_healed":0,"gold_gain":0,"player_choice":"Memory 2","damage_taken":5,"max_hp_gain":0,"max_hp_loss":0,"event_name":"SensoryStone","floor":38,"gold_loss":0},{"damage_healed":0,"gold_gain":0,"player_choice":"Fight","damage_taken":0,"max_hp_gain":0,"max_hp_loss":0,"event_name":"MindBloom","floor":42,"gold_loss":0}],"is_beta":true,"boss_relics":[{"not_picked":["Velvet Choker","Ectoplasm"],"picked":"Snecko Eye"},{"not_picked":["HolyWater","SacredBark"],"picked":"Astrolabe"}],"items_purged_floors":[45],"is_endless":false,"potions_floor_spawned":[1,2,12,16,24,33,37,42,46,48],"killed_by":"Awakened One","ascension_level":20}