{"gold_per_floor":[118,61,73,73,86,101,135,135,158,169,195,195,229,244,244,318,318,361,361,397,417,62,62,112,173,224,281,355,410,448,493,505,589,601,659,202,252,291,4,63,63,63,63,63,118,118,13,76,76,76,76,76,76,76,105,105],"floor_reached":57,"playtime":13877,"items_purged":["Strike_P"],"score":3111,"play_id":"9036a3d1-6a56-4ede-8288-79abafb8f176","local_time":"20200807223419","is_ascension_mode":true,"campfire_choices":[{"data":"Wallop","floor":8,"key":"SMITH"},{"data":"CrushJoints","floor":12,"key":"SMITH"},{"data":"Conclude","floor":15,"key":"SMITH"},{"floor":23,"key":"REST"},{"floor":32,"key":"REST"},{"floor":41,"key":"RECALL"},{"floor":46,"key":"REST"},{"floor":49,"key":"REST"},{"data":"TalkToTheHand","floor":53,"key":"SMITH"}],"neow_cost":"NONE","seed_source_timestamp":858154538067378,"circlet_count":0,"master_deck":["AscendersBane","Strike_P","Strike_P","Strike_P","Defend_P","Defend_P+1","Defend_P","Defend_P","Eruption","Vigilance","BowlingBash","CutThroughFate","Meditate","CutThroughFate","TalkToTheHand+1","Wallop+1","CrushJoints+1","Judgement","Conclude+1","Protect","Wish","Apotheosis","Protect+1","WaveOfTheHand","Protect+1","DevaForm+1","EmptyMind+1","Sanctity+1","Adaptation+1","Sanctity+1","Dark Shackles+1","Omniscience+1"],"relics":["PureWater","Centennial Puzzle","Lantern","Omamori","Snecko Eye","Medical Kit","War Paint","MawBank","Toxic Egg 2","Thread and Needle","Red Mask","Cursed Key","Gambling Chip","Yang","Meat on the Bone","Kunai","Bag of Preparation","Toy Ornithopter","Art of War"],"potions_floor_usage":[11,20,21,25,28,31,56,56],"damage_taken":[{"damage":7,"enemies":"Small Slimes","floor":1,"turns":5},{"damage":0,"enemies":"2 Louse","floor":3,"turns":3},{"damage":0,"enemies":"Cultist","floor":5,"turns":2},{"damage":0,"enemies":"Exordium Wildlife","floor":6,"turns":2},{"damage":14,"enemies":"Gremlin Nob","floor":7,"turns":3},{"damage":0,"enemies":"Blue Slaver","floor":10,"turns":6},{"damage":7,"enemies":"Lagavulin","floor":11,"turns":4},{"damage":0,"enemies":"Gremlin Nob","floor":13,"turns":2},{"damage":0,"enemies":"Large Slime","floor":14,"turns":2},{"damage":21,"enemies":"Slime Boss","floor":16,"turns":7},{"damage":0,"enemies":"Spheric Guardian","floor":18,"turns":1},{"damage":9,"enemies":"2 Thieves","floor":20,"turns":3},{"damage":22,"enemies":"Shelled Parasite and Fungi","floor":21,"turns":4},{"damage":0,"enemies":"Slavers","floor":25,"turns":3},{"damage":1,"enemies":"3 Cultists","floor":27,"turns":4},{"damage":4,"enemies":"Gremlin Leader","floor":28,"turns":7},{"damage":11,"enemies":"Chosen and Byrds","floor":29,"turns":7},{"damage":2,"enemies":"Slavers","floor":30,"turns":2},{"damage":0,"enemies":"Masked Bandits","floor":31,"turns":2},{"damage":14,"enemies":"Champ","floor":33,"turns":14},{"damage":8,"enemies":"3 Darklings","floor":35,"turns":6},{"damage":0,"enemies":"3 Shapes","floor":37,"turns":2},{"damage":2,"enemies":"3 Darklings","floor":38,"turns":4},{"damage":0,"enemies":"Giant Head","floor":40,"turns":8},{"damage":0,"enemies":"Reptomancer","floor":45,"turns":5},{"damage":12,"enemies":"Giant Head","floor":48,"turns":10},{"damage":1,"enemies":"Time Eater","floor":50,"turns":15},{"damage":0,"enemies":"Awakened One","floor":51,"turns":15},{"damage":0,"enemies":"Shield and Spear","floor":55,"turns":6},{"damage":47,"enemies":"The Heart","floor":56,"turns":10}],"seed_played":"-3698361982327446111","potions_obtained":[{"floor":3,"key":"FairyPotion"},{"floor":6,"key":"LiquidMemories"},{"floor":13,"key":"Regen Potion"},{"floor":14,"key":"Explosive Potion"},{"floor":20,"key":"DuplicationPotion"},{"floor":21,"key":"SpeedPotion"},{"floor":27,"key":"GamblersBrew"},{"floor":30,"key":"SneckoOil"},{"floor":37,"key":"Swift Potion"},{"floor":40,"key":"PowerPotion"},{"floor":55,"key":"GamblersBrew"}],"is_trial":false,"path_per_floor":["M","$","M","?","M","M","E","R","T","M","E","R","E","M","R","B",null,"M","?","M","M","$","R","?","E","T","M","E","M","E","?","R","B",null,"M","$","M","M","$","E","R","?","T","?","E","R","$","E","R","B","B",null,"R","$","E","B",null],"character_chosen":"WATCHER","items_purchased":["CutThroughFate","Apotheosis","Medical Kit","Gambling Chip","Sanctity+1","Yang","Dark Shackles+1"],"campfire_rested":4,"item_purchase_floors":[2,22,22,36,36,39,47],"current_hp_per_floor":[60,60,60,60,60,60,46,46,46,46,39,39,39,39,39,18,60,60,56,47,37,37,59,59,59,59,58,54,43,41,41,63,49,68,60,60,60,58,58,58,58,58,58,58,58,74,74,62,74,73,73,74,74,74,74,41],"gold":105,"neow_bonus":"TEN_PERCENT_HP_BONUS","is_prod":false,"is_daily":false,"chose_seed":false,"campfire_upgraded":4,"win_rate":0,"timestamp":1596864859,"path_taken":["M","$","M","?","M","M","E","R","T","M","E","R","E","M","R","BOSS","M","?","M","?","$","R","?","E","T","M","E","M","E","?","R","BOSS","M","$","M","M","$","E","R","?","T","?","E","R","$","E","R","BOSS","BOSS","R","$","E","BOSS"],"build_version":"2020-07-30","purchased_purges":1,"victory":true,"max_hp_per_floor":[74,74,74,74,74,74,74,74,74,74,74,74,74,74,74,74,74,74,74,74,74,74,74,74,74,74,74,74,74,74,74,74,74,74,74,74,74,74,74,74,74,74,74,74,74,74,74,74,74,74,74,74,74,74,74,74],"card_choices":[{"not_picked":["InnerPeace","PathToVictory"],"picked":"BowlingBash","floor":1},{"not_picked":["Adaptation","Pray"],"picked":"Meditate","floor":3},{"not_picked":["FollowUp","PathToVictory"],"picked":"CutThroughFate","floor":5},{"not_picked":["Crescendo","Perseverance"],"picked":"TalkToTheHand","floor":6},{"not_picked":["Crescendo","CarveReality"],"picked":"Wallop","floor":7},{"not_picked":["Perseverance","Wireheading"],"picked":"CrushJoints","floor":10},{"not_picked":["EmptyBody","CutThroughFate"],"picked":"Judgement","floor":11},{"not_picked":["Protect","SandsOfTime"],"picked":"Conclude","floor":13},{"not_picked":["JustLucky","EmptyMind"],"picked":"Protect","floor":14},{"not_picked":["Devotion","Judgement"],"picked":"Wish","floor":16},{"not_picked":["ClearTheMind","Consecrate","WindmillStrike+1"],"picked":"SKIP","floor":18},{"not_picked":["Consecrate","Evaluate","CutThroughFate"],"picked":"SKIP","floor":20},{"not_picked":["EmptyFist","Crescendo","FollowUp"],"picked":"SKIP","floor":21},{"not_picked":["FlurryOfBlows","SandsOfTime"],"picked":"Protect","floor":25},{"not_picked":["Fasting2","EmptyFist"],"picked":"WaveOfTheHand","floor":27},{"not_picked":["LessonLearned","CarveReality","Consecrate"],"picked":"SKIP","floor":28},{"not_picked":["BattleHymn","Crescendo+1"],"picked":"Protect+1","floor":29},{"not_picked":["FearNoEvil","Indignation+1","Weave"],"picked":"SKIP","floor":30},{"not_picked":["Vault+1","LessonLearned"],"picked":"DevaForm","floor":33},{"not_picked":["CutThroughFate","Indignation+1"],"picked":"EmptyMind+1","floor":35},{"not_picked":["BattleHymn","SashWhip"],"picked":"Adaptation+1","floor":37},{"not_picked":["CrushJoints+1","SignatureMove","PathToVictory+1"],"picked":"SKIP","floor":38},{"not_picked":["Brilliance","Adaptation"],"picked":"Sanctity+1","floor":40},{"not_picked":["FollowUp+1","Halt+1","Conclude"],"picked":"SKIP","floor":45},{"not_picked":["JustLucky+1","Sanctity+1"],"picked":"Omniscience+1","floor":48},{"not_picked":["FollowUp+1","Indignation+1","Study"],"picked":"SKIP","floor":55}],"player_experience":2546759,"relics_obtained":[{"floor":7,"key":"Centennial Puzzle"},{"floor":11,"key":"Lantern"},{"floor":13,"key":"Omamori"},{"floor":25,"key":"War Paint"},{"floor":26,"key":"MawBank"},{"floor":28,"key":"Toxic Egg 2"},{"floor":30,"key":"Thread and Needle"},{"floor":31,"key":"Red Mask"},{"floor":40,"key":"Meat on the Bone"},{"floor":43,"key":"Kunai"},{"floor":45,"key":"Bag of Preparation"},{"floor":48,"key":"Toy Ornithopter"},{"floor":55,"key":"Art of War"}],"event_choices":[{"damage_healed":0,"gold_gain":0,"player_choice":"Ignored","damage_taken":0,"max_hp_gain":0,"max_hp_loss":0,"event_name":"Golden Wing","floor":4,"gold_loss":0},{"damage_healed":0,"gold_gain":0,"player_choice":"Bought 0 Potions","damage_taken":0,"max_hp_gain":0,"max_hp_loss":0,"event_name":"The Woman in Blue","floor":19,"gold_loss":0},{"damage_healed":0,"gold_gain":50,"player_choice":"Stole From Cult","damage_taken":0,"max_hp_gain":0,"max_hp_loss":0,"event_name":"Nest","floor":24,"gold_loss":0},{"damage_healed":0,"gold_gain":0,"player_choice":"Fought Bandits","damage_taken":0,"max_hp_gain":0,"max_hp_loss":0,"event_name":"Masked Bandits","floor":31,"gold_loss":0},{"damage_healed":0,"gold_gain":0,"player_choice":"Memory 1","damage_taken":0,"max_hp_gain":0,"max_hp_loss":0,"event_name":"SensoryStone","floor":42,"gold_loss":0},{"damage_healed":0,"gold_gain":0,"player_choice":"Upgraded","damage_taken":0,"max_hp_gain":0,"max_hp_loss":0,"event_name":"Upgrade Shrine","floor":44,"gold_loss":0,"cards_upgraded":["DevaForm"]}],"is_beta":true,"boss_relics":[{"not_picked":["Velvet Choker","Calling Bell"],"picked":"Snecko Eye"},{"not_picked":["Astrolabe","Sozu"],"picked":"Cursed Key"}],"items_purged_floors":[36],"is_endless":false,"potions_floor_spawned":[3,6,13,14,20,21,27,30,37,40,48,55],"ascension_level":20}