{"gold_per_floor":[219,219,294,312,322,322,355,378,378,378],"floor_reached":10,"playtime":531,"items_purged":[],"score":132,"play_id":"6f68ca03-a177-4b50-a326-ec1824ee49d1","local_time":"20200809081853","is_ascension_mode":true,"campfire_choices":[{"data":"CrushJoints","floor":6.0,"key":"SMITH"}],"neow_cost":"NONE","seed_source_timestamp":911916415756198,"circlet_count":0,"master_deck":["AscendersBane","Strike_P","Strike_P","Strike_P","Strike_P","Defend_P","Defend_P","Defend_P","Defend_P+1","Eruption","Vigilance","SashWhip+1","CrushJoints+1","LessonLearned","MentalFortress"],"special_seed":0,"relics":["PureWater","Gremlin Horn","Odd Mushroom","Kunai"],"potions_floor_usage":[7,10],"damage_taken":[{"damage":5.0,"enemies":"Small Slimes","floor":1.0,"turns":3.0},{"damage":4.0,"enemies":"Jaw Worm","floor":4.0,"turns":3.0},{"damage":0.0,"enemies":"Cultist","floor":5.0,"turns":2.0},{"damage":20,"enemies":"3 Sentries","floor":7,"turns":4},{"damage":14,"enemies":"The Mushroom Lair","floor":8,"turns":4},{"damage":46,"enemies":"Gremlin Nob","floor":10,"turns":3}],"seed_played":"7030605464594109875","potions_obtained":[{"floor":4.0,"key":"ColorlessPotion"},{"floor":8,"key":"Explosive Potion"}],"is_trial":false,"path_per_floor":["M","?","?","M","M","R","E","?","T","E"],"character_chosen":"WATCHER","items_purchased":[],"campfire_rested":0,"item_purchase_floors":[],"current_hp_per_floor":[56,56,45,41,41,41,21,7,7,0],"gold":378,"neow_bonus":"HUNDRED_GOLD","is_prod":false,"is_daily":false,"chose_seed":false,"campfire_upgraded":1,"win_rate":0,"timestamp":1596986333,"path_taken":["M","?","?","M","M","R","E","?","T","E"],"build_version":"2020-07-30","purchased_purges":0,"victory":false,"max_hp_per_floor":[68,68,68,68,68,68,68,68,68,68],"card_choices":[{"not_picked":["Meditate","Halt"],"picked":"SashWhip","floor":1.0},{"not_picked":["ThirdEye","ClearTheMind"],"picked":"CrushJoints","floor":4.0},{"not_picked":["Consecrate","ClearTheMind","Protect"],"picked":"SKIP","floor":5.0},{"not_picked":["Judgement","FlurryOfBlows"],"picked":"LessonLearned","floor":7},{"not_picked":["Pray","Evaluate"],"picked":"MentalFortress","floor":8}],"player_experience":2583924,"relics_obtained":[{"floor":7,"key":"Gremlin Horn"},{"floor":8,"key":"Odd Mushroom"},{"floor":9,"key":"Kunai"}],"event_choices":[{"damage_healed":0.0,"max_hp_gain":0.0,"max_hp_loss":0.0,"gold_gain":0.0,"event_name":"Living Wall","player_choice":"Grow","floor":2.0,"gold_loss":0.0,"damage_taken":0.0,"cards_upgraded":["SashWhip"]},{"damage_healed":0.0,"max_hp_gain":0.0,"max_hp_loss":0.0,"gold_gain":75.0,"event_name":"World of Goop","player_choice":"Gather Gold","floor":3.0,"gold_loss":0.0,"damage_taken":11.0},{"damage_healed":0,"gold_gain":0,"player_choice":"Fought Mushrooms","damage_taken":0,"max_hp_gain":0,"max_hp_loss":0,"event_name":"Mushrooms","floor":8,"gold_loss":0}],"is_beta":true,"boss_relics":[],"items_purged_floors":[],"is_endless":false,"potions_floor_spawned":[4,8],"killed_by":"Gremlin Nob","ascension_level":20}