{"gold_per_floor":[117,192,192,212,222,252,252,264,264,264,264],"floor_reached":11,"playtime":775,"items_purged":[],"score":146,"play_id":"b2f6147f-e938-4e14-af02-85a439b8b7db","local_time":"20200807165203","is_ascension_mode":true,"campfire_choices":[{"data":"Conclude","floor":7,"key":"SMITH"}],"neow_cost":"NONE","seed_source_timestamp":856119346705334,"circlet_count":0,"master_deck":["AscendersBane","Strike_P","Strike_P","Strike_P","Strike_P","Defend_P","Defend_P","Defend_P","Defend_P","Eruption+1","Vigilance","Halt","CutThroughFate","Conclude+1","Establishment"],"relics":["PureWater","Art of War","InkBottle","TungstenRod"],"potions_floor_usage":[6,10],"damage_taken":[{"damage":2,"enemies":"Jaw Worm","floor":1,"turns":6},{"damage":13,"enemies":"Small Slimes","floor":4,"turns":4},{"damage":0,"enemies":"2 Louse","floor":5,"turns":3},{"damage":9,"enemies":"3 Sentries","floor":6,"turns":3},{"damage":5,"enemies":"Blue Slaver","floor":8,"turns":5},{"damage":51,"enemies":"Gremlin Nob","floor":11,"turns":3}],"seed_played":"1604231900463901874","potions_obtained":[{"floor":4,"key":"Energy Potion"},{"floor":5,"key":"Strength Potion"},{"floor":8,"key":"Fruit Juice"}],"is_trial":false,"path_per_floor":["M","?","?","M","M","E","R","M","T","?","E"],"character_chosen":"WATCHER","items_purchased":[],"campfire_rested":0,"item_purchase_floors":[],"current_hp_per_floor":[65,54,54,41,41,32,32,27,27,14,0],"gold":264,"neow_bonus":"TEN_PERCENT_HP_BONUS","is_prod":false,"is_daily":false,"chose_seed":false,"campfire_upgraded":1,"win_rate":0,"timestamp":1596844323,"path_taken":["M","?","?","M","M","E","R","M","T","?","E"],"build_version":"2020-07-30","purchased_purges":0,"victory":false,"max_hp_per_floor":[74,74,74,74,74,74,74,74,74,79,79],"card_choices":[{"not_picked":["Collect","WaveOfTheHand"],"picked":"Halt","floor":1},{"not_picked":["PathToVictory","CrushJoints"],"picked":"CutThroughFate","floor":4},{"not_picked":["MentalFortress","CutThroughFate"],"picked":"Conclude","floor":5},{"not_picked":["CrushJoints","ThirdEye"],"picked":"Establishment","floor":6},{"not_picked":["Vengeance","FlurryOfBlows","Evaluate"],"picked":"SKIP","floor":8}],"player_experience":2545984,"relics_obtained":[{"floor":6,"key":"Art of War"},{"floor":9,"key":"InkBottle"}],"event_choices":[{"damage_healed":0,"gold_gain":75,"player_choice":"Gather Gold","damage_taken":11,"max_hp_gain":0,"max_hp_loss":0,"event_name":"World of Goop","floor":2,"gold_loss":0},{"damage_healed":0,"gold_gain":0,"player_choice":"Grow","damage_taken":0,"max_hp_gain":0,"max_hp_loss":0,"event_name":"Living Wall","floor":3,"gold_loss":0,"cards_upgraded":["Eruption"]},{"damage_healed":0,"gold_gain":0,"player_choice":"Success","damage_taken":18,"relics_obtained":["TungstenRod"],"max_hp_gain":0,"max_hp_loss":0,"event_name":"Scrap Ooze","floor":10,"gold_loss":0}],"is_beta":true,"boss_relics":[],"items_purged_floors":[],"is_endless":false,"potions_floor_spawned":[4,5,8],"killed_by":"Gremlin Nob","ascension_level":20}