{"gold_per_floor":[113,132,143,153,21,21,71,71,71,106,122,2,13,40,40,118,118,137,147,147,160,172,172,198,198,223,223,10,10,42,42,42,114,114,133,146,59,74,99,130,130,161,161,161,178,178,193,225,225,225,225,225,225,16,16],"floor_reached":55,"playtime":5523,"items_purged":["Strike_P","Writhe"],"score":2035,"play_id":"e3b5473c-80d4-4743-858f-549d4fb514de","local_time":"20200809175554","is_ascension_mode":true,"campfire_choices":[{"data":"Judgement","floor":6.0,"key":"SMITH"},{"floor":8.0,"key":"REST"},{"data":"CrushJoints","floor":15.0,"key":"SMITH"},{"data":"EmptyFist","floor":23.0,"key":"SMITH"},{"data":"SashWhip","floor":25.0,"key":"SMITH"},{"data":"Vault","floor":27.0,"key":"SMITH"},{"data":"Ghostly","floor":32,"key":"SMITH"},{"data":"Ghostly","floor":41,"key":"SMITH"},{"floor":44,"key":"RECALL"},{"data":"SpiritShield","floor":46,"key":"SMITH"},{"data":"Meditate","floor":49,"key":"SMITH"},{"data":"Wallop","floor":53,"key":"SMITH"}],"neow_cost":"NONE","seed_source_timestamp":918944914023102,"circlet_count":0,"master_deck":["AscendersBane","Strike_P","Strike_P+1","Strike_P+1","Defend_P+1","Defend_P","Defend_P","Defend_P+1","Eruption+1","Vigilance+1","FollowUp+1","EmptyFist+1","Judgement+1","Halt+1","CrushJoints+1","CarveReality+1","MentalFortress+1","Tantrum+1","Protect+1","LessonLearned+1","Consecrate+1","ThirdEye+1","CutThroughFate","Vault+1","SashWhip+1","Ghostly+1","Ghostly+1","Ghostly+1","SpiritShield+1","Meditate+1","Wallop+1","SandsOfTime+1","CutThroughFate+1","Sanctity+1","FearNoEvil+1","CutThroughFate"],"special_seed":0,"relics":["PureWater","Eternal Feather","Pocketwatch","Philosopher\u0027s Stone","Ancient Tea Set","Oddly Smooth Stone","Vajra","Orichalcum","Cursed Key","Ginger","Dream Catcher","Whetstone","Thread and Needle"],"potions_floor_usage":[30,33,40,40,48,48,50,50,51,55],"damage_taken":[{"damage":9.0,"enemies":"Small Slimes","floor":1.0,"turns":5.0},{"damage":9.0,"enemies":"Cultist","floor":2.0,"turns":5.0},{"damage":6.0,"enemies":"2 Louse","floor":3.0,"turns":2.0},{"damage":0.0,"enemies":"Exordium Wildlife","floor":4.0,"turns":2.0},{"damage":8.0,"enemies":"Gremlin Nob","floor":10.0,"turns":3.0},{"damage":0.0,"enemies":"2 Fungi Beasts","floor":11.0,"turns":2.0},{"damage":0.0,"enemies":"3 Louse","floor":13.0,"turns":2.0},{"damage":21.0,"enemies":"Lagavulin","floor":14.0,"turns":6.0},{"damage":12.0,"enemies":"Hexaghost","floor":16.0,"turns":5.0},{"damage":0.0,"enemies":"Chosen","floor":18.0,"turns":2.0},{"damage":14.0,"enemies":"Shell Parasite","floor":19.0,"turns":2.0},{"damage":0.0,"enemies":"Centurion and Healer","floor":21.0,"turns":5.0},{"damage":0.0,"enemies":"Snake Plant","floor":22.0,"turns":2.0},{"damage":18.0,"enemies":"Slavers","floor":24.0,"turns":6.0},{"damage":2,"enemies":"Book of Stabbing","floor":30,"turns":6},{"damage":18,"enemies":"Collector","floor":33,"turns":7},{"damage":0,"enemies":"3 Shapes","floor":35,"turns":5},{"damage":0,"enemies":"Orb Walker","floor":36,"turns":3},{"damage":0,"enemies":"4 Shapes","floor":38,"turns":3},{"damage":8,"enemies":"Mind Bloom Boss Battle","floor":39,"turns":6},{"damage":22,"enemies":"Reptomancer","floor":40,"turns":9},{"damage":9,"enemies":"Nemesis","floor":42,"turns":12},{"damage":2,"enemies":"Sphere and 2 Shapes","floor":45,"turns":4},{"damage":7,"enemies":"Writhing Mass","floor":47,"turns":6},{"damage":8,"enemies":"Reptomancer","floor":48,"turns":11},{"damage":0,"enemies":"Time Eater","floor":50,"turns":6},{"damage":1,"enemies":"Donu and Deca","floor":51,"turns":15},{"damage":47,"enemies":"Shield and Spear","floor":55,"turns":10}],"seed_played":"-1771925526088051004","potions_obtained":[{"floor":4.0,"key":"Explosive Potion"},{"floor":10.0,"key":"CultistPotion"},{"floor":13.0,"key":"DuplicationPotion"},{"floor":16.0,"key":"Strength Potion"},{"floor":30,"key":"PowerPotion"},{"floor":33,"key":"EssenceOfSteel"},{"floor":42,"key":"Explosive Potion"},{"floor":47,"key":"PowerPotion"},{"floor":48,"key":"EntropicBrew"}],"is_trial":false,"path_per_floor":["M","M","M","M","$","R","?","R","T","E","M","$","M","E","R","B",null,"M","M","?","M","M","R","E","R","T","R","$","?","E","?","R","B",null,"M","M","$","M","?","E","R","E","T","R","M","R","M","E","R","B","B",null,"R","$","E"],"character_chosen":"WATCHER","items_purchased":["FearPotion","CarveReality","MentalFortress","Vajra","Explosive Potion","Wallop","Swift Potion","CutThroughFate"],"campfire_rested":1,"item_purchase_floors":[5,12,12,28,28,37,54,54],"current_hp_per_floor":[58,49,43,43,43,43,43,65,65,57,57,57,57,36,45,33,64,64,50,50,50,50,62,44,59,59,74,74,37,35,27,42,24,38,38,38,38,38,30,8,26,17,17,35,33,42,35,27,42,42,41,42,42,42,0],"gold":16,"neow_bonus":"TEN_PERCENT_HP_BONUS","is_prod":false,"is_daily":false,"chose_seed":false,"campfire_upgraded":10,"win_rate":0,"timestamp":1597020954,"path_taken":["M","M","M","M","$","R","?","R","T","E","M","?","M","E","R","BOSS","M","M","?","M","M","R","E","R","T","R","$","?","E","?","R","BOSS","M","M","$","M","?","E","R","E","T","R","M","R","M","E","R","BOSS","BOSS","R","$","E"],"build_version":"2020-07-30","purchased_purges":2,"victory":false,"max_hp_per_floor":[74,74,74,74,74,74,74,74,74,74,74,74,74,74,74,74,74,74,74,74,74,74,74,74,74,74,74,74,37,37,42,42,42,42,42,42,42,42,42,42,42,42,42,42,42,42,42,42,42,42,42,42,42,42,42],"card_choices":[{"not_picked":["ThirdEye","Prostrate"],"picked":"FollowUp","floor":1.0},{"not_picked":["DeceiveReality","SignatureMove"],"picked":"EmptyFist","floor":2.0},{"not_picked":["Weave","EmptyBody"],"picked":"Judgement","floor":3.0},{"not_picked":["FlyingSleeves","SignatureMove"],"picked":"Halt","floor":4.0},{"not_picked":["EmptyFist","SignatureMove","Consecrate"],"picked":"SKIP","floor":10.0},{"not_picked":["ThirdEye","Swivel"],"picked":"CrushJoints","floor":11.0},{"not_picked":["Perseverance","SashWhip"],"picked":"Tantrum","floor":13.0},{"not_picked":["FlyingSleeves","Evaluate"],"picked":"Protect","floor":14.0},{"not_picked":["Alpha","Wish"],"picked":"LessonLearned","floor":16.0},{"not_picked":["Weave","ClearTheMind"],"picked":"Consecrate+1","floor":18.0},{"not_picked":["CrushJoints","Perseverance"],"picked":"ThirdEye","floor":19.0},{"not_picked":["FlyingSleeves","ThirdEye"],"picked":"CutThroughFate","floor":21.0},{"not_picked":["Wireheading","Conclude"],"picked":"Vault","floor":22.0},{"not_picked":["FlurryOfBlows","Halt"],"picked":"SashWhip","floor":24.0},{"not_picked":["WindmillStrike","Weave","BowlingBash"],"picked":"SKIP","floor":30},{"not_picked":["DevaForm","Ragnarok"],"picked":"SpiritShield","floor":33},{"not_picked":["SashWhip","ReachHeaven"],"picked":"Meditate","floor":35},{"not_picked":["PathToVictory","Meditate","Prostrate"],"picked":"SKIP","floor":36},{"not_picked":["ThirdEye+1","FlurryOfBlows"],"picked":"SandsOfTime+1","floor":38},{"not_picked":["SashWhip","BattleHymn"],"picked":"CutThroughFate+1","floor":40},{"not_picked":["SashWhip","Vengeance","CrushJoints"],"picked":"SKIP","floor":42},{"not_picked":["Meditate+1","ThirdEye","FollowUp"],"picked":"SKIP","floor":45},{"not_picked":["ClearTheMind+1","DeceiveReality"],"picked":"Sanctity+1","floor":47},{"not_picked":["EmptyBody+1","Worship+1"],"picked":"FearNoEvil+1","floor":48}],"player_experience":2588760,"relics_obtained":[{"floor":9.0,"key":"Eternal Feather"},{"floor":14.0,"key":"Pocketwatch"},{"floor":24.0,"key":"Ancient Tea Set"},{"floor":26.0,"key":"Oddly Smooth Stone"},{"floor":30,"key":"Orichalcum"},{"floor":39,"key":"Ginger"},{"floor":40,"key":"Dream Catcher"},{"floor":42,"key":"Whetstone"},{"floor":48,"key":"Thread and Needle"}],"event_choices":[{"damage_healed":0.0,"max_hp_gain":0.0,"max_hp_loss":0.0,"gold_gain":50.0,"event_name":"Golden Shrine","player_choice":"Pray","floor":7.0,"gold_loss":0.0,"damage_taken":0.0},{"damage_healed":0.0,"max_hp_gain":0.0,"max_hp_loss":0.0,"gold_gain":0.0,"event_name":"Vampires","player_choice":"Ignored","floor":20.0,"gold_loss":0.0,"damage_taken":0.0},{"damage_healed":0.0,"max_hp_gain":0.0,"max_hp_loss":37.0,"gold_gain":0.0,"event_name":"Ghosts","player_choice":"Became a Ghost","floor":29.0,"gold_loss":0.0,"damage_taken":0.0,"cards_obtained":["Ghostly","Ghostly","Ghostly"]},{"damage_healed":0,"gold_gain":0,"player_choice":"Shed Blood","damage_taken":13,"max_hp_gain":5,"max_hp_loss":0,"event_name":"Forgotten Altar","floor":31,"gold_loss":0},{"damage_healed":0,"gold_gain":0,"player_choice":"Fight","damage_taken":0,"max_hp_gain":0,"max_hp_loss":0,"event_name":"MindBloom","floor":39,"gold_loss":0}],"is_beta":true,"boss_relics":[{"not_picked":["Runic Dome","Velvet Choker"],"picked":"Philosopher\u0027s Stone"},{"not_picked":["VioletLotus","Tiny House"],"picked":"Cursed Key"}],"items_purged_floors":[5,54],"is_endless":false,"potions_floor_spawned":[4,10,13,14,16,18,19,30,33,39,42,47,48],"killed_by":"Shield and Spear","ascension_level":20}