{"gold_per_floor":[114,114,26,44,62,62,112,131,131,131,142,162,162,196,196,267,267,284,303,70,70,70,70,104,29,29,29,64,64,80,115,115,188,188,208,1207,1227,1277,736,771,771,771],"floor_reached":42,"playtime":2742,"items_purged":["Strike_P"],"score":1099,"play_id":"2bba1979-add3-4511-a678-470d9350a3cb","local_time":"20200813215941","is_ascension_mode":true,"campfire_choices":[{"data":"Conclude","floor":6.0,"key":"SMITH"},{"data":"SandsOfTime","floor":10.0,"key":"SMITH"},{"data":"CarveReality","floor":13.0,"key":"SMITH"},{"data":"Vigilance","floor":15.0,"key":"SMITH"},{"data":"Ghostly","floor":23.0,"key":"SMITH"},{"data":"Ghostly","floor":27.0,"key":"SMITH"},{"data":"Ghostly","floor":29.0,"key":"SMITH"},{"data":"SpiritShield","floor":32.0,"key":"SMITH"},{"data":"SpiritShield","floor":41,"key":"SMITH"}],"neow_cost":"TEN_PERCENT_HP_LOSS","seed_source_timestamp":0,"circlet_count":0,"master_deck":["AscendersBane","Defend_P","Defend_P","Eruption+1","Vigilance+1","WheelKick+1","SandsOfTime+1","Conclude+1","CarveReality+1","CutThroughFate+1","SpiritShield+1","EmptyBody+1","Halt","Ghostly+1","Ghostly+1","Ghostly+1","Scrawl","SpiritShield+1","LikeWater"],"special_seed":0,"relics":["PureWater","Mercury Hourglass","Omamori","Empty Cage","Strawberry","Boot","Red Mask","Philosopher\u0027s Stone","Shuriken","Regal Pillow","Whetstone"],"potions_floor_usage":[40,40],"damage_taken":[{"damage":0.0,"enemies":"Small Slimes","floor":1.0,"turns":3.0},{"damage":0.0,"enemies":"Cultist","floor":4.0,"turns":2.0},{"damage":7.0,"enemies":"Jaw Worm","floor":5.0,"turns":3.0},{"damage":1.0,"enemies":"2 Fungi Beasts","floor":8.0,"turns":2.0},{"damage":0.0,"enemies":"3 Louse","floor":11.0,"turns":1.0},{"damage":0.0,"enemies":"Exordium Wildlife","floor":12.0,"turns":1.0},{"damage":5.0,"enemies":"3 Sentries","floor":14.0,"turns":3.0},{"damage":34.0,"enemies":"The Guardian","floor":16.0,"turns":11.0},{"damage":13.0,"enemies":"Shell Parasite","floor":18.0,"turns":6.0},{"damage":0.0,"enemies":"Spheric Guardian","floor":19.0,"turns":2.0},{"damage":0.0,"enemies":"Gremlin Leader","floor":24.0,"turns":4.0},{"damage":3.0,"enemies":"Slavers","floor":28.0,"turns":4.0},{"damage":2.0,"enemies":"Cultist and Chosen","floor":30.0,"turns":6.0},{"damage":0.0,"enemies":"Masked Bandits","floor":31.0,"turns":4.0},{"damage":22.0,"enemies":"Champ","floor":33.0,"turns":15.0},{"damage":1.0,"enemies":"3 Shapes","floor":35.0,"turns":4.0},{"damage":1.0,"enemies":"Orb Walker","floor":37.0,"turns":4.0},{"damage":0,"enemies":"Giant Head","floor":40,"turns":6},{"damage":40,"enemies":"Reptomancer","floor":42,"turns":7}],"seed_played":"778173230724801416","potions_obtained":[{"floor":1.0,"key":"BlessingOfTheForge"},{"floor":5.0,"key":"ColorlessPotion"},{"floor":11.0,"key":"Explosive Potion"},{"floor":14.0,"key":"AttackPotion"},{"floor":19.0,"key":"LiquidMemories"},{"floor":28.0,"key":"ColorlessPotion"},{"floor":33.0,"key":"PowerPotion"}],"is_trial":false,"path_per_floor":["M","?","$","M","M","R","?","M","T","R","M","M","R","E","R","B",null,"M","M","$","?","?","R","E","?","T","R","E","R","M","?","R","B",null,"M","?","M","?","$","E","R","E"],"character_chosen":"WATCHER","items_purchased":["SandsOfTime","Strawberry","Shuriken","Regal Pillow","LikeWater","FearPotion"],"campfire_rested":0,"item_purchase_floors":[3,20,39,39,39,39],"current_hp_per_floor":[61,61,61,61,54,54,48,47,47,47,47,47,47,42,42,8,49,36,36,43,43,34,34,34,34,34,34,31,31,29,29,29,7,27,26,26,25,25,25,25,25,0],"gold":771,"neow_bonus":"REMOVE_TWO","is_prod":false,"is_daily":false,"chose_seed":false,"campfire_upgraded":9,"win_rate":0,"timestamp":1597381181,"path_taken":["M","?","?","M","M","R","?","?","T","R","M","M","R","E","R","BOSS","M","?","$","?","?","R","E","?","T","R","E","R","M","?","R","BOSS","M","?","M","?","$","E","R","E"],"build_version":"2020-07-30","purchased_purges":1,"victory":false,"max_hp_per_floor":[62,62,62,62,62,62,62,62,62,62,62,62,62,62,62,62,62,62,62,69,69,34,34,34,34,34,34,34,34,34,34,34,34,34,34,34,34,34,34,34,34,34],"card_choices":[{"not_picked":["Meditate","CutThroughFate"],"picked":"WheelKick","floor":1.0},{"not_picked":["ForeignInfluence","Perseverance","Nirvana"],"picked":"SKIP","floor":4.0},{"not_picked":["ForeignInfluence","Consecrate"],"picked":"Conclude","floor":5.0},{"not_picked":["Prostrate","JustLucky","FlurryOfBlows"],"picked":"SKIP","floor":8.0},{"not_picked":["Sanctity","ClearTheMind"],"picked":"CarveReality","floor":11.0},{"not_picked":["CarveReality","Evaluate"],"picked":"CutThroughFate","floor":12.0},{"not_picked":["WheelKick","Evaluate","EmptyFist"],"picked":"SKIP","floor":14.0},{"not_picked":["DeusExMachina","Devotion"],"picked":"SpiritShield","floor":16.0},{"not_picked":["Consecrate","CrushJoints"],"picked":"EmptyBody+1","floor":18.0},{"not_picked":["CutThroughFate","ThirdEye"],"picked":"Halt","floor":19.0},{"not_picked":["PathToVictory+1","EmptyFist+1","WheelKick"],"picked":"SKIP","floor":24.0},{"not_picked":["SignatureMove","Conclude+1","Nirvana+1"],"picked":"SKIP","floor":28.0},{"not_picked":["FlurryOfBlows","FollowUp"],"picked":"Scrawl","floor":30.0},{"not_picked":["Brilliance","Alpha"],"picked":"SpiritShield","floor":33.0},{"not_picked":["CarveReality","ThirdEye","Nirvana"],"picked":"SKIP","floor":35.0},{"not_picked":["PathToVictory","Prostrate","Consecrate"],"picked":"SKIP","floor":37.0},{"not_picked":["EmptyFist+1","Halt","JustLucky+1"],"picked":"SKIP","floor":40}],"player_experience":2597765,"relics_obtained":[{"floor":9.0,"key":"Mercury Hourglass"},{"floor":14.0,"key":"Omamori"},{"floor":28.0,"key":"Boot"},{"floor":31.0,"key":"Red Mask"},{"floor":40,"key":"Whetstone"}],"event_choices":[{"damage_healed":0.0,"max_hp_gain":0.0,"max_hp_loss":0.0,"gold_gain":0.0,"event_name":"Upgrade Shrine","player_choice":"Upgraded","floor":2.0,"gold_loss":0.0,"damage_taken":0.0,"cards_upgraded":["WheelKick"]},{"damage_healed":0.0,"max_hp_gain":0.0,"max_hp_loss":0.0,"gold_gain":50.0,"event_name":"FaceTrader","player_choice":"Touch","floor":7.0,"gold_loss":0.0,"damage_taken":6.0},{"damage_healed":0.0,"max_hp_gain":0.0,"max_hp_loss":0.0,"gold_gain":0.0,"event_name":"Vampires","player_choice":"Ignored","floor":21.0,"gold_loss":0.0,"damage_taken":0.0},{"damage_healed":0.0,"max_hp_gain":0.0,"max_hp_loss":35.0,"gold_gain":0.0,"event_name":"Ghosts","player_choice":"Became a Ghost","floor":22.0,"gold_loss":0.0,"damage_taken":0.0,"cards_obtained":["Ghostly","Ghostly","Ghostly"]},{"cards_removed":["Defend_P"],"damage_healed":0.0,"max_hp_gain":0.0,"max_hp_loss":0.0,"gold_gain":0.0,"event_name":"Beggar","player_choice":"Gave Gold","floor":25.0,"gold_loss":75.0,"damage_taken":0.0},{"damage_healed":0.0,"max_hp_gain":0.0,"max_hp_loss":0.0,"gold_gain":0.0,"event_name":"Masked Bandits","player_choice":"Fought Bandits","floor":31.0,"gold_loss":0.0,"damage_taken":0.0},{"damage_healed":0.0,"max_hp_gain":0.0,"max_hp_loss":0.0,"gold_gain":999.0,"event_name":"MindBloom","player_choice":"Gold","floor":36.0,"gold_loss":0.0,"damage_taken":0.0,"cards_obtained":["Normality","Normality"]},{"damage_healed":0.0,"max_hp_gain":0.0,"max_hp_loss":0.0,"gold_gain":50.0,"event_name":"Golden Shrine","player_choice":"Pray","floor":38.0,"gold_loss":0.0,"damage_taken":0.0}],"is_beta":true,"boss_relics":[{"not_picked":["Velvet Choker","Sozu"],"picked":"Empty Cage"},{"not_picked":["VioletLotus","Black Star"],"picked":"Philosopher\u0027s Stone"}],"items_purged_floors":[20],"is_endless":false,"potions_floor_spawned":[1,5,11,14,19,28,33],"killed_by":"Reptomancer","ascension_level":20}