{"gold_per_floor":[213,213,223,193,211,239,239,252,303,303,303,303,329,38,38,114,114,129,147,164,179,179,179,195,195,195,222,236,236,263,35,35,107,107,118,133,133,133],"floor_reached":38,"playtime":3482,"items_purged":["Strike_P","Strike_P"],"score":898,"play_id":"5f24059f-f0d2-47a1-84bb-f2c9c89a8478","local_time":"20200811214531","is_ascension_mode":true,"campfire_choices":[{"data":"CrushJoints","floor":7,"key":"SMITH"},{"data":"SashWhip","floor":10,"key":"SMITH"},{"floor":12,"key":"REST"},{"data":"BattleHymn","floor":15,"key":"SMITH"},{"floor":23,"key":"REST"},{"floor":25,"key":"REST"},{"floor":29,"key":"REST"},{"floor":32,"key":"REST"}],"neow_cost":"NONE","seed_source_timestamp":1033972193112645,"circlet_count":0,"master_deck":["AscendersBane","Strike_P","Strike_P","Defend_P","Defend_P","Defend_P","Defend_P","Eruption","Vigilance","CutThroughFate","CrushJoints+1","BattleHymn+1","SashWhip+1","ThirdEye","DeceiveReality","Establishment","EmptyFist+1","ClearTheMind","Evaluate+1","Decay","Prostrate+1","MentalFortress","MasterReality","WheelKick+1","Protect","SandsOfTime","Tantrum","Devotion"],"relics":["PureWater","Letter Opener","Dream Catcher","Regal Pillow","SlaversCollar","GoldenEye","Lizard Tail","StoneCalendar","VioletLotus"],"potions_floor_usage":[6,8,16,21,21,28,30,35],"damage_taken":[{"damage":6,"enemies":"Small Slimes","floor":1,"turns":3},{"damage":1,"enemies":"Cultist","floor":3,"turns":4},{"damage":0,"enemies":"2 Louse","floor":5,"turns":2},{"damage":13,"enemies":"Lagavulin","floor":6,"turns":7},{"damage":11,"enemies":"Exordium Thugs","floor":8,"turns":3},{"damage":0,"enemies":"Gremlin Nob","floor":13,"turns":3},{"damage":42,"enemies":"Hexaghost","floor":16,"turns":8},{"damage":28,"enemies":"3 Byrds","floor":18,"turns":7},{"damage":1,"enemies":"Spheric Guardian","floor":19,"turns":3},{"damage":8,"enemies":"Centurion and Healer","floor":20,"turns":6},{"damage":14,"enemies":"Shelled Parasite and Fungi","floor":21,"turns":4},{"damage":26,"enemies":"3 Cultists","floor":24,"turns":5},{"damage":33,"enemies":"Gremlin Leader","floor":27,"turns":6},{"damage":19,"enemies":"Snake Plant","floor":28,"turns":4},{"damage":3,"enemies":"Book of Stabbing","floor":30,"turns":4},{"damage":37,"enemies":"Collector","floor":33,"turns":7},{"damage":29,"enemies":"3 Darklings","floor":35,"turns":7},{"damage":11,"enemies":"3 Shapes","floor":36,"turns":7},{"damage":0,"enemies":"Writhing Mass","floor":38,"turns":1}],"seed_played":"-5783606029729367849","potions_obtained":[{"floor":4,"key":"FairyPotion"},{"floor":4,"key":"PowerPotion"},{"floor":5,"key":"EssenceOfSteel"},{"floor":19,"key":"FearPotion"},{"floor":20,"key":"Dexterity Potion"},{"floor":27,"key":"ColorlessPotion"},{"floor":28,"key":"LiquidBronze"},{"floor":33,"key":"Strength Potion"}],"is_trial":false,"path_per_floor":["M","?","M","?","M","E","R","M","T","R","$","R","E","$","R","B",null,"M","M","M","M","?","R","M","R","T","E","M","R","E","$","R","B",null,"M","M","?","M"],"character_chosen":"WATCHER","items_purchased":["Regal Pillow","Strength Potion","Protect","SandsOfTime"],"campfire_rested":5,"item_purchase_floors":[14,14,31,31],"current_hp_per_floor":[55,60,59,59,59,46,46,35,35,35,35,56,56,56,56,14,58,30,29,21,7,7,43,17,53,53,20,1,37,34,34,70,33,63,34,23,23,23],"gold":133,"neow_bonus":"HUNDRED_GOLD","is_prod":false,"is_daily":false,"chose_seed":false,"campfire_upgraded":3,"win_rate":0,"timestamp":1597207531,"path_taken":["M","?","M","?","M","E","R","M","T","R","$","R","E","$","R","BOSS","M","M","?","M","?","R","M","R","T","E","M","R","E","?","R","BOSS","M","M","?","M"],"build_version":"2020-07-30","purchased_purges":2,"victory":false,"max_hp_per_floor":[68,73,73,73,73,73,73,73,73,73,73,73,73,73,73,73,73,73,73,73,73,73,73,73,73,73,73,73,73,73,73,73,73,73,73,73,73,73],"card_choices":[{"not_picked":["PathToVictory","Adaptation"],"picked":"CutThroughFate","floor":1},{"not_picked":["CutThroughFate","WindmillStrike"],"picked":"CrushJoints","floor":3},{"not_picked":["FollowUp","JustLucky"],"picked":"BattleHymn","floor":5},{"not_picked":["ConjureBlade","ThirdEye"],"picked":"SashWhip","floor":6},{"not_picked":["CutThroughFate","Fasting2"],"picked":"ThirdEye","floor":8},{"not_picked":["ThirdEye","MentalFortress"],"picked":"DeceiveReality","floor":13},{"not_picked":["Omniscience","Alpha"],"picked":"Establishment","floor":16},{"not_picked":["Sanctity","JustLucky"],"picked":"EmptyFist+1","floor":18},{"not_picked":["FlyingSleeves","CrushJoints","ClearTheMind"],"picked":"SKIP","floor":19},{"not_picked":["Evaluate","Perseverance"],"picked":"ClearTheMind","floor":20},{"not_picked":["FlyingSleeves+1","EmptyFist"],"picked":"Evaluate+1","floor":21},{"not_picked":["ForeignInfluence","Consecrate"],"picked":"Prostrate+1","floor":23},{"not_picked":["EmptyFist","ForeignInfluence","CutThroughFate"],"picked":"SKIP","floor":24},{"not_picked":["FollowUp","FlyingSleeves"],"picked":"MentalFortress","floor":25},{"not_picked":["Collect","EmptyFist"],"picked":"MasterReality","floor":27},{"not_picked":["CrushJoints+1","Sanctity","SashWhip"],"picked":"SKIP","floor":28},{"not_picked":["Scrawl","EmptyFist+1"],"picked":"WheelKick+1","floor":30},{"not_picked":["JustLucky","Nirvana"],"picked":"Tantrum","floor":32},{"not_picked":["Omniscience","Wish"],"picked":"Devotion","floor":33},{"not_picked":["Crescendo+1","EmptyFist","Worship"],"picked":"SKIP","floor":35},{"not_picked":["Wireheading","SashWhip+1","CrushJoints"],"picked":"SKIP","floor":36}],"player_experience":2594283,"relics_obtained":[{"floor":6,"key":"Letter Opener"},{"floor":13,"key":"Dream Catcher"},{"floor":26,"key":"GoldenEye"},{"floor":27,"key":"Lizard Tail"},{"floor":30,"key":"StoneCalendar"}],"event_choices":[{"damage_healed":0,"gold_gain":0,"player_choice":"Donut","damage_taken":0,"max_hp_gain":5,"max_hp_loss":0,"event_name":"Big Fish","floor":2,"gold_loss":0},{"damage_healed":0,"gold_gain":0,"player_choice":"Bought 2 Potions","damage_taken":0,"max_hp_gain":0,"max_hp_loss":0,"event_name":"The Woman in Blue","floor":4,"gold_loss":0},{"damage_healed":0,"gold_gain":0,"player_choice":"Cursed","damage_taken":0,"max_hp_gain":0,"max_hp_loss":0,"event_name":"Wheel of Change","floor":22,"gold_loss":0,"cards_obtained":["Decay"]},{"damage_healed":0,"gold_gain":0,"player_choice":"Memory 1","damage_taken":0,"max_hp_gain":0,"max_hp_loss":0,"event_name":"SensoryStone","floor":37,"gold_loss":0}],"is_beta":true,"boss_relics":[{"not_picked":["Ectoplasm","Astrolabe"],"picked":"SlaversCollar"},{"not_picked":["Black Star","Runic Pyramid"],"picked":"VioletLotus"}],"items_purged_floors":[14,31],"is_endless":false,"potions_floor_spawned":[5,19,20,27,28,33],"killed_by":"Writhing Mass","ascension_level":20}