{"gold_per_floor":[118,65,65,79,94,94,129,204,274,274,292,292,292,50,50,50],"floor_reached":16,"playtime":801,"items_purged":[],"score":246,"play_id":"354e24bd-6fe1-404b-8c52-d03dced2fe72","local_time":"20201108092031","is_ascension_mode":true,"campfire_choices":[{"data":"CrushJoints","floor":6,"key":"SMITH"},{"data":"CarveReality","floor":10,"key":"SMITH"},{"data":"Eruption","floor":12,"key":"SMITH"},{"data":"WheelKick","floor":15,"key":"SMITH"}],"neow_cost":"NONE","seed_source_timestamp":2105239968937399,"circlet_count":0,"master_deck":["AscendersBane","Strike_P","Strike_P","Strike_P","Strike_P","Defend_P+1","Defend_P","Defend_P","Defend_P+1","Eruption+1","Vigilance","CrushJoints+1","Halt","CarveReality+1","WheelKick+1"],"relics":["PureWater","Art of War","Centennial Puzzle","StrikeDummy","Golden Idol","War Paint"],"potions_floor_usage":[7,7],"damage_taken":[{"damage":10,"enemies":"Jaw Worm","floor":1,"turns":6},{"damage":3,"enemies":"2 Louse","floor":4,"turns":3},{"damage":0,"enemies":"Small Slimes","floor":5,"turns":3},{"damage":0,"enemies":"Lagavulin","floor":7,"turns":2},{"damage":1,"enemies":"Looter","floor":11,"turns":2},{"damage":31,"enemies":"Hexaghost","floor":16,"turns":7}],"seed_played":"4063152938472769094","potions_obtained":[{"floor":4,"key":"LiquidMemories"}],"is_trial":false,"path_per_floor":["M","$","?","M","M","R","E","?","T","R","M","R","?","$","R","B"],"character_chosen":"WATCHER","items_purchased":["SteroidPotion","WheelKick","War Paint"],"campfire_rested":0,"item_purchase_floors":[2,14,14],"current_hp_per_floor":[57,57,39,36,36,36,36,25,25,25,24,24,24,24,24,0],"gold":50,"neow_bonus":"TEN_PERCENT_HP_BONUS","is_prod":false,"is_daily":false,"chose_seed":false,"campfire_upgraded":4,"win_rate":0,"timestamp":1604856031,"path_taken":["M","$","?","M","M","R","E","?","T","R","M","R","?","$","R","BOSS"],"build_version":"2020-07-30","purchased_purges":0,"victory":false,"max_hp_per_floor":[74,74,74,74,74,74,74,74,74,74,74,74,67,67,67,67],"card_choices":[{"not_picked":["Evaluate","BowlingBash"],"picked":"CrushJoints","floor":1},{"not_picked":["BowlingBash","Evaluate"],"picked":"Halt","floor":4},{"not_picked":["InnerPeace","Evaluate","JustLucky"],"picked":"SKIP","floor":5},{"not_picked":["Sanctity","Prostrate"],"picked":"CarveReality","floor":7},{"not_picked":["Brilliance","FollowUp","PathToVictory"],"picked":"SKIP","floor":11}],"player_experience":2705686,"relics_obtained":[{"floor":7,"key":"Centennial Puzzle"},{"floor":9,"key":"StrikeDummy"}],"event_choices":[{"damage_healed":0,"gold_gain":0,"player_choice":"Success","damage_taken":18,"relics_obtained":["Art of War"],"max_hp_gain":0,"max_hp_loss":0,"event_name":"Scrap Ooze","floor":3,"gold_loss":0},{"damage_healed":0,"gold_gain":75,"player_choice":"Gather Gold","damage_taken":11,"max_hp_gain":0,"max_hp_loss":0,"event_name":"World of Goop","floor":8,"gold_loss":0},{"damage_healed":0,"gold_gain":0,"player_choice":"Lose Max HP","damage_taken":0,"relics_obtained":["Golden Idol"],"max_hp_gain":0,"max_hp_loss":7,"event_name":"Golden Idol","floor":13,"gold_loss":0}],"is_beta":true,"boss_relics":[],"items_purged_floors":[],"is_endless":false,"potions_floor_spawned":[4,5],"killed_by":"Hexaghost","ascension_level":20}