{"gold_per_floor":[119,194,210,210,228,228,263,263,263,263,276,276,295,326,326,402,402,418,418,28,28,46,46,76,76],"floor_reached":25,"playtime":1740,"items_purged":["Strike_P"],"score":508,"play_id":"5d888719-d847-4af8-9403-fbb83c233290","local_time":"20201103114220","is_ascension_mode":true,"campfire_choices":[{"data":"Conclude","floor":6.0,"key":"SMITH"},{"data":"CrushJoints","floor":8,"key":"SMITH"},{"data":"Eruption","floor":10,"key":"SMITH"},{"floor":12,"key":"REST"},{"data":"EmptyFist","floor":15,"key":"SMITH"},{"floor":23,"key":"REST"}],"neow_cost":"NONE","seed_source_timestamp":1680775808881200,"circlet_count":0,"master_deck":["AscendersBane","Strike_P","Strike_P","Defend_P","Defend_P","Defend_P","Eruption+1","Vigilance","Finesse","CrushJoints+1","DeceiveReality","Conclude+1","ClearTheMind","SashWhip","EmptyFist+1","DevaForm","Omniscience","ThirdEye","WheelKick","Apotheosis","InnerPeace","SandsOfTime+1"],"special_seed":0,"relics":["HolyWater","Bottled Lightning","Centennial Puzzle","Nunchaku","Dead Branch"],"potions_floor_usage":[7,14,25,25],"damage_taken":[{"damage":0.0,"enemies":"Small Slimes","floor":1.0,"turns":3.0},{"damage":0.0,"enemies":"Jaw Worm","floor":3.0,"turns":3.0},{"damage":0.0,"enemies":"Cultist","floor":5.0,"turns":2.0},{"damage":16,"enemies":"Gremlin Nob","floor":7,"turns":3},{"damage":7,"enemies":"Red Slaver","floor":11,"turns":2},{"damage":0,"enemies":"Large Slime","floor":13,"turns":2},{"damage":0,"enemies":"Lagavulin","floor":14,"turns":1},{"damage":11,"enemies":"The Guardian","floor":16,"turns":7},{"damage":12,"enemies":"Shell Parasite","floor":18,"turns":3},{"damage":1,"enemies":"3 Byrds","floor":22,"turns":3},{"damage":35,"enemies":"Book of Stabbing","floor":24,"turns":4},{"damage":16,"enemies":"Centurion and Healer","floor":25,"turns":1}],"seed_played":"8611723871885546499","potions_obtained":[{"floor":3.0,"key":"Strength Potion"},{"floor":7,"key":"Ambrosia"},{"floor":13,"key":"Fire Potion"},{"floor":14,"key":"Swift Potion"},{"floor":22,"key":"Fire Potion"}],"is_trial":false,"path_per_floor":["M","?","M","?","M","R","E","R","T","R","M","R","M","E","R","B",null,"M","?","$","?","M","R","E","M"],"character_chosen":"WATCHER","items_purchased":["WheelKick","Apotheosis","InnerPeace"],"campfire_rested":2,"item_purchase_floors":[20,20,20],"current_hp_per_floor":[61,50,50,43,43,43,27,27,27,27,20,40,40,40,40,29,58,46,27,27,27,26,47,12,0],"gold":76,"neow_bonus":"RANDOM_COLORLESS","is_prod":false,"is_daily":false,"chose_seed":false,"campfire_upgraded":4,"win_rate":0,"timestamp":1604432540,"path_taken":["M","?","M","?","M","R","E","R","T","R","M","R","M","E","R","BOSS","M","?","$","?","M","R","E","M"],"build_version":"2020-07-30","purchased_purges":1,"victory":false,"max_hp_per_floor":[68,68,68,68,68,68,68,68,68,68,68,68,68,68,68,68,68,68,73,73,73,73,73,73,73],"card_choices":[{"not_picked":["Dramatic Entrance","Bandage Up"],"picked":"Finesse","floor":0.0},{"not_picked":["PathToVictory","EmptyBody"],"picked":"CrushJoints","floor":1.0},{"not_picked":["EmptyBody","Worship"],"picked":"DeceiveReality","floor":3.0},{"not_picked":["FlyingSleeves","Worship"],"picked":"Conclude","floor":5.0},{"not_picked":["SignatureMove","Study"],"picked":"ClearTheMind","floor":7},{"not_picked":["WindmillStrike","Conclude"],"picked":"SashWhip","floor":11},{"not_picked":["Pray","CrushJoints"],"picked":"EmptyFist","floor":13},{"not_picked":["SashWhip","ThirdEye"],"picked":"DevaForm","floor":14},{"not_picked":["Brilliance","ConjureBlade"],"picked":"Omniscience","floor":16},{"not_picked":["Crescendo","Consecrate"],"picked":"ThirdEye","floor":18},{"not_picked":["ClearTheMind","Perseverance"],"picked":"SandsOfTime+1","floor":22},{"not_picked":["Pray","Weave","ForeignInfluence"],"picked":"SKIP","floor":24}],"player_experience":2634690,"relics_obtained":[{"floor":7,"key":"Bottled Lightning"},{"floor":9,"key":"Centennial Puzzle"},{"floor":14,"key":"Nunchaku"},{"floor":24,"key":"Dead Branch"}],"event_choices":[{"damage_healed":0.0,"max_hp_gain":0.0,"max_hp_loss":0.0,"gold_gain":75.0,"event_name":"World of Goop","player_choice":"Gather Gold","floor":2.0,"gold_loss":0.0,"damage_taken":11.0},{"cards_removed":["Defend_P"],"damage_healed":0.0,"max_hp_gain":0.0,"max_hp_loss":0.0,"gold_gain":0.0,"event_name":"Golden Wing","player_choice":"Card Removal","floor":4.0,"gold_loss":0.0,"damage_taken":7.0},{"damage_healed":0,"gold_gain":0,"player_choice":"Shed Blood","damage_taken":24,"max_hp_gain":5,"max_hp_loss":0,"event_name":"Forgotten Altar","floor":19,"gold_loss":0},{"cards_removed":["Strike_P"],"damage_healed":0,"gold_gain":0,"player_choice":"Elegance","damage_taken":0,"max_hp_gain":0,"max_hp_loss":0,"event_name":"Back to Basics","floor":21,"gold_loss":0}],"is_beta":true,"boss_relics":[{"not_picked":["Astrolabe","Sozu"],"picked":"HolyWater"}],"items_purged_floors":[20],"is_endless":false,"potions_floor_spawned":[3,7,13,14,22,24],"killed_by":"Centurion and Healer","ascension_level":20}