{"gold_per_floor":[113,113,133,144,155,184,184,219,219,219],"floor_reached":10,"playtime":721,"items_purged":[],"score":156,"play_id":"f43e5452-c412-4161-8024-cc7ac2e042d0","local_time":"20201031235314","is_ascension_mode":true,"campfire_choices":[{"floor":7,"key":"REST"}],"neow_cost":"TEN_PERCENT_HP_LOSS","seed_source_timestamp":1462879392514500,"circlet_count":0,"master_deck":["AscendersBane","Strike_P","Strike_P","Strike_P+1","Strike_P","Defend_P","Defend_P","Defend_P","Defend_P","Eruption","Vigilance","BowlingBash","Doubt","LikeWater","EmptyFist","MentalFortress","Judgement","CutThroughFate+1","CutThroughFate"],"relics":["PureWater","CaptainsWheel","Juzu Bracelet","Whetstone","Vajra"],"potions_floor_usage":[5,8],"damage_taken":[{"damage":0,"enemies":"Cultist","floor":1,"turns":4},{"damage":3,"enemies":"Small Slimes","floor":3,"turns":8},{"damage":9,"enemies":"Jaw Worm","floor":4,"turns":8},{"damage":0,"enemies":"Gremlin Gang","floor":5,"turns":1},{"damage":22,"enemies":"3 Sentries","floor":6,"turns":10},{"damage":28,"enemies":"Gremlin Nob","floor":8,"turns":4},{"damage":20,"enemies":"Lagavulin","floor":10,"turns":4}],"seed_played":"8562123717009241860","potions_obtained":[{"floor":1,"key":"AttackPotion"},{"floor":5,"key":"Weak Potion"}],"is_trial":false,"path_per_floor":["M","?","M","M","M","E","R","E","T","E"],"character_chosen":"WATCHER","items_purchased":[],"campfire_rested":1,"item_purchase_floors":[],"current_hp_per_floor":[61,61,58,49,49,27,45,17,17,0],"gold":219,"neow_bonus":"ONE_RARE_RELIC","is_prod":false,"is_daily":false,"chose_seed":false,"campfire_upgraded":0,"win_rate":0,"timestamp":1604213594,"path_taken":["M","?","M","M","?","E","R","E","T","E"],"build_version":"2020-07-30","purchased_purges":0,"victory":false,"max_hp_per_floor":[62,62,62,62,62,62,62,62,62,62],"card_choices":[{"not_picked":["FlurryOfBlows","Consecrate"],"picked":"BowlingBash","floor":1},{"not_picked":["FlyingSleeves","Protect"],"picked":"EmptyFist","floor":3},{"not_picked":["ClearTheMind","FlyingSleeves"],"picked":"MentalFortress","floor":4},{"not_picked":["Evaluate","WaveOfTheHand"],"picked":"Judgement","floor":5},{"not_picked":["Prostrate","Protect"],"picked":"CutThroughFate","floor":6},{"not_picked":["EmptyBody","Pray"],"picked":"CutThroughFate","floor":8}],"player_experience":2617903,"relics_obtained":[{"floor":6,"key":"Juzu Bracelet"},{"floor":8,"key":"Whetstone"},{"floor":9,"key":"Vajra"}],"event_choices":[{"damage_healed":0,"gold_gain":0,"player_choice":"2 cards matched","damage_taken":0,"max_hp_gain":0,"max_hp_loss":0,"event_name":"Match and Keep!","floor":2,"gold_loss":0,"cards_obtained":["Doubt","LikeWater"]}],"is_beta":true,"boss_relics":[],"items_purged_floors":[],"is_endless":false,"potions_floor_spawned":[1,5],"killed_by":"Lagavulin","ascension_level":20}