{"gold_per_floor":[12,12,12,28,46,46,62,97,147,147,217,233,264,289,289,383,383,408,408,25,25,43,43,83,117,117,117,117,117,161,176,176,269,269,289,622,622,25,35,62,62],"floor_reached":41,"playtime":4172,"items_purged":["Strike_P","Strike_P+1"],"score":1149,"play_id":"10679a2b-d417-431a-ab6c-d51a7b09591e","local_time":"20201104233305","is_ascension_mode":true,"campfire_choices":[{"data":"EmptyFist","floor":6.0,"key":"SMITH"},{"data":"Brilliance","floor":10.0,"key":"SMITH"},{"data":"SandsOfTime","floor":15.0,"key":"SMITH"},{"data":"Ghostly","floor":23.0,"key":"SMITH"},{"floor":27.0,"key":"REST"},{"floor":29.0,"key":"REST"},{"floor":32.0,"key":"REST"}],"neow_cost":"NO_GOLD","seed_source_timestamp":0,"circlet_count":0,"master_deck":["AscendersBane","Strike_P+1","Strike_P+1","Defend_P+1","Defend_P+1","Defend_P+1","Defend_P+1","Eruption","Vigilance","Brilliance+1","ThirdEye","EmptyFist+1","SashWhip","Crescendo","DeusExMachina","SandsOfTime+1","Tantrum","EmptyBody","LessonLearned","Ghostly+1","Ghostly","Ghostly+1","TalkToTheHand+1","Consecrate+1","ClearTheMind","Wallop+1","Master of Strategy","FlurryOfBlows+1","Protect","WaveOfTheHand","InnerPeace"],"special_seed":0,"relics":["PureWater","Yang","Lantern","Centennial Puzzle","CloakClasp","Question Card","Busted Crown","Pear","WingedGreaves","Bottled Lightning","Nilry\u0027s Codex","StrikeDummy","Philosopher\u0027s Stone","Incense Burner","Orrery","TeardropLocket"],"potions_floor_usage":[],"damage_taken":[{"damage":0.0,"enemies":"Jaw Worm","floor":1.0,"turns":4.0},{"damage":0.0,"enemies":"Small Slimes","floor":4.0,"turns":4.0},{"damage":0.0,"enemies":"2 Louse","floor":5.0,"turns":2.0},{"damage":0.0,"enemies":"Exordium Wildlife","floor":7.0,"turns":2.0},{"damage":24.0,"enemies":"3 Sentries","floor":8.0,"turns":9.0},{"damage":4.0,"enemies":"3 Sentries","floor":11.0,"turns":7.0},{"damage":0.0,"enemies":"3 Louse","floor":12.0,"turns":3.0},{"damage":0.0,"enemies":"Lagavulin","floor":13.0,"turns":4.0},{"damage":0.0,"enemies":"2 Fungi Beasts","floor":14.0,"turns":1.0},{"damage":11.0,"enemies":"The Guardian","floor":16.0,"turns":10.0},{"damage":7.0,"enemies":"2 Thieves","floor":18.0,"turns":3.0},{"damage":0.0,"enemies":"Spheric Guardian","floor":22.0,"turns":1.0},{"damage":0.0,"enemies":"Gremlin Leader","floor":24.0,"turns":4.0},{"damage":28.0,"enemies":"Slavers","floor":25.0,"turns":6.0},{"damage":0.0,"enemies":"Book of Stabbing","floor":30.0,"turns":5.0},{"damage":0.0,"enemies":"Snake Plant","floor":31.0,"turns":4.0},{"damage":20.0,"enemies":"Collector","floor":33.0,"turns":11.0},{"damage":0.0,"enemies":"Orb Walker","floor":35.0,"turns":4.0},{"damage":2,"enemies":"3 Shapes","floor":39,"turns":4},{"damage":4,"enemies":"Giant Head","floor":40,"turns":9},{"damage":33,"enemies":"Reptomancer","floor":41,"turns":2}],"seed_played":"3894632167765445698","potions_obtained":[{"floor":1.0,"key":"ColorlessPotion"},{"floor":4.0,"key":"LiquidBronze"},{"floor":11.0,"key":"Dexterity Potion"},{"floor":25.0,"key":"Swift Potion"},{"floor":31.0,"key":"Fruit Juice"}],"is_trial":false,"path_per_floor":["M","?","?","M","M","R","M","E","T","R","?","M","E","M","R","B",null,"M","?","$","?","M","R","E","E","T","R","?","R","E","M","R","B",null,"M","?","T","$","M","E","E"],"character_chosen":"WATCHER","items_purchased":["TalkToTheHand","Pear","Wallop","Master of Strategy","Orrery","InnerPeace"],"campfire_rested":3,"item_purchase_floors":[20,20,38,38,38,38],"current_hp_per_floor":[61,61,50,50,50,50,50,26,26,26,22,22,22,22,22,11,49,42,31,41,41,41,41,41,13,13,25,4,16,16,16,34,14,38,38,38,38,38,36,32,0],"gold":62,"neow_bonus":"THREE_RARE_CARDS","is_prod":false,"is_daily":false,"chose_seed":false,"campfire_upgraded":4,"win_rate":0,"timestamp":1604561585,"path_taken":["M","?","?","M","M","R","M","E","T","R","?","?","E","M","R","BOSS","M","?","$","?","M","R","E","E","T","R","?","R","E","M","R","BOSS","BOSS","M","?","?","$","?","E","E"],"build_version":"2020-07-30","purchased_purges":2,"victory":false,"max_hp_per_floor":[68,62,62,62,62,62,62,62,62,62,62,62,62,62,62,62,62,62,31,41,41,41,41,41,41,41,41,41,41,41,41,46,46,46,46,46,46,46,46,46,46],"card_choices":[{"not_picked":["Establishment","MasterReality"],"picked":"Brilliance","floor":0.0},{"not_picked":["SignatureMove","Protect"],"picked":"ThirdEye","floor":1.0},{"not_picked":["ClearTheMind","Perseverance"],"picked":"EmptyFist","floor":4.0},{"not_picked":["ThirdEye","FollowUp","WreathOfFlame"],"picked":"SKIP","floor":5.0},{"not_picked":["ForeignInfluence","Perseverance"],"picked":"SashWhip","floor":7.0},{"not_picked":["PathToVictory","EmptyFist"],"picked":"Crescendo","floor":8.0},{"not_picked":["CrushJoints","ThirdEye"],"picked":"DeusExMachina","floor":11.0},{"not_picked":["FollowUp","BattleHymn"],"picked":"SandsOfTime","floor":12.0},{"not_picked":["SignatureMove","WaveOfTheHand"],"picked":"Tantrum","floor":13.0},{"not_picked":["WreathOfFlame","ClearTheMind","JustLucky"],"picked":"EmptyBody","floor":14.0},{"not_picked":["Blasphemy","Scrawl","Wish"],"picked":"LessonLearned","floor":16.0},{"not_picked":["CrushJoints","EmptyBody"],"picked":"SKIP","floor":18.0},{"not_picked":["LikeWater"],"picked":"Consecrate+1","floor":22.0},{"not_picked":["Prostrate","CrushJoints"],"picked":"SKIP","floor":24.0},{"not_picked":["Fasting2","Study"],"picked":"SKIP","floor":25.0},{"not_picked":["Protect"],"picked":"ClearTheMind","floor":30.0},{"not_picked":["PathToVictory","ForeignInfluence"],"picked":"SKIP","floor":31.0},{"not_picked":["Crescendo+1","EmptyBody"],"picked":"SKIP","floor":35.0},{"not_picked":["Protect"],"picked":"FlurryOfBlows+1","floor":38.0},{"not_picked":["CarveReality"],"picked":"Protect","floor":38.0},{"not_picked":["SignatureMove"],"picked":"WaveOfTheHand","floor":38.0},{"not_picked":["WindmillStrike+1","FollowUp+1"],"picked":"SKIP","floor":39},{"not_picked":["ForeignInfluence","Weave"],"picked":"SKIP","floor":40}],"player_experience":2648179,"relics_obtained":[{"floor":8.0,"key":"Lantern"},{"floor":9.0,"key":"Centennial Puzzle"},{"floor":11.0,"key":"CloakClasp"},{"floor":13.0,"key":"Question Card"},{"floor":24.0,"key":"WingedGreaves"},{"floor":25.0,"key":"Bottled Lightning"},{"floor":28.0,"key":"Nilry\u0027s Codex"},{"floor":30.0,"key":"StrikeDummy"},{"floor":37.0,"key":"Incense Burner"},{"floor":40,"key":"TeardropLocket"}],"event_choices":[{"damage_healed":0.0,"max_hp_gain":0.0,"max_hp_loss":6.0,"gold_gain":0.0,"event_name":"Golden Idol","player_choice":"Lose Max HP","floor":2.0,"gold_loss":0.0,"damage_taken":0.0,"relics_obtained":["Golden Idol"]},{"damage_healed":0.0,"max_hp_gain":0.0,"max_hp_loss":0.0,"gold_gain":0.0,"event_name":"Scrap Ooze","player_choice":"Success","floor":3.0,"gold_loss":0.0,"damage_taken":11.0,"relics_obtained":["Yang"]},{"damage_healed":0.0,"max_hp_gain":0.0,"max_hp_loss":0.0,"gold_gain":0.0,"event_name":"Dead Adventurer","player_choice":"Searched \u00272\u0027 times","floor":11.0,"gold_loss":0.0,"damage_taken":0.0},{"damage_healed":0.0,"max_hp_gain":0.0,"max_hp_loss":31.0,"gold_gain":0.0,"event_name":"Ghosts","player_choice":"Became a Ghost","floor":19.0,"gold_loss":0.0,"damage_taken":0.0,"cards_obtained":["Ghostly","Ghostly","Ghostly"]},{"damage_healed":0.0,"max_hp_gain":0.0,"max_hp_loss":0.0,"gold_gain":0.0,"event_name":"Back to Basics","player_choice":"Simplicity","floor":21.0,"gold_loss":0.0,"damage_taken":0.0,"cards_upgraded":["Strike_P","Strike_P","Strike_P","Defend_P","Defend_P","Defend_P"]},{"damage_healed":0.0,"max_hp_gain":0.0,"max_hp_loss":0.0,"gold_gain":0.0,"event_name":"Cursed Tome","player_choice":"Obtained Book","floor":28.0,"gold_loss":0.0,"damage_taken":21.0},{"damage_healed":0.0,"max_hp_gain":0.0,"max_hp_loss":0.0,"gold_gain":333.0,"event_name":"The Moai Head","player_choice":"Gave Idol","floor":36.0,"relics_lost":["Golden Idol"],"gold_loss":0.0,"damage_taken":0.0}],"is_beta":true,"boss_relics":[{"not_picked":["Calling Bell","Velvet Choker"],"picked":"Busted Crown"},{"not_picked":["Astrolabe","Runic Pyramid"],"picked":"Philosopher\u0027s Stone"}],"items_purged_floors":[20,38],"is_endless":false,"potions_floor_spawned":[1,4,11,25,31],"killed_by":"Reptomancer","ascension_level":20}