{"gold_per_floor":[112,126,87,87,100,129,129,129,129,148,175,175,191,207,207,285,285,305,230,230,244,257,282,282,315,315,340,340,374,25,37,37,108,108,120,120,145,158,20,62,9,9,56,90,102,114,157,194,206,218,230,242,254,43,87,87],"floor_reached":56,"playtime":7080,"items_purged":["Defend_P"],"score":2186,"play_id":"2f232778-add3-4fee-b7ba-7e638ae201ce","local_time":"20201031120557","is_ascension_mode":true,"campfire_choices":[{"data":"SandsOfTime","floor":8.0,"key":"SMITH"},{"data":"Judgement","floor":12,"key":"SMITH"},{"data":"CrushJoints","floor":15,"key":"SMITH"},{"floor":24,"key":"REST"},{"floor":28,"key":"RECALL"},{"floor":32,"key":"REST"},{"floor":42,"key":"REST"},{"floor":45,"key":"REST"},{"floor":49,"key":"REST"},{"floor":53,"key":"REST"}],"neow_cost":"NONE","seed_source_timestamp":1413985650222800,"circlet_count":0,"master_deck":["AscendersBane","Defend_P","Defend_P","Defend_P","Eruption+1","Vigilance","SandsOfTime+1","BowlingBash","Meditate","WheelKick","ThirdEye","CrushJoints+1","Judgement+1","Vault","MentalFortress+1","CutThroughFate","SashWhip+1","EmptyBody","Halt","Apotheosis","Omniscience","Ragnarok+1","FearNoEvil+1","Indignation+1","FlurryOfBlows","MentalFortress+1","Sanctity","FlurryOfBlows+1","FearNoEvil","Wallop","ClearTheMind","MentalFortress+1"],"special_seed":0,"relics":["PureWater","Gremlin Horn","Centennial Puzzle","Frozen Egg 2","PreservedInsect","Fusion Hammer","Orichalcum","Vajra","Matryoshka","Potion Belt","HornCleat","Regal Pillow","Yang","Membership Card","Bag of Preparation","Astrolabe","CaptainsWheel","Bottled Lightning","CeramicFish","MawBank","Boot","Toy Ornithopter","Pantograph"],"potions_floor_usage":[11,23,31,33,33,50,50,51,55,56,56,56,56],"damage_taken":[{"damage":0.0,"enemies":"Cultist","floor":1.0,"turns":3.0},{"damage":4.0,"enemies":"2 Louse","floor":2.0,"turns":4.0},{"damage":0.0,"enemies":"Small Slimes","floor":5.0,"turns":1.0},{"damage":20.0,"enemies":"3 Sentries","floor":6.0,"turns":6.0},{"damage":5.0,"enemies":"Exordium Wildlife","floor":10.0,"turns":2.0},{"damage":0,"enemies":"Gremlin Nob","floor":11,"turns":2},{"damage":3,"enemies":"Lots of Slimes","floor":13,"turns":2},{"damage":0,"enemies":"Blue Slaver","floor":14,"turns":1},{"damage":18,"enemies":"The Guardian","floor":16,"turns":8},{"damage":6,"enemies":"Shell Parasite","floor":18,"turns":3},{"damage":0,"enemies":"Chosen","floor":21,"turns":2},{"damage":0,"enemies":"Snecko","floor":22,"turns":3},{"damage":9,"enemies":"Book of Stabbing","floor":23,"turns":3},{"damage":0,"enemies":"Slavers","floor":25,"turns":2},{"damage":8,"enemies":"Book of Stabbing","floor":27,"turns":4},{"damage":0,"enemies":"Gremlin Leader","floor":29,"turns":4},{"damage":2,"enemies":"Snake Plant","floor":31,"turns":3},{"damage":50,"enemies":"Automaton","floor":33,"turns":6},{"damage":0,"enemies":"Orb Walker","floor":35,"turns":3},{"damage":0,"enemies":"Mind Bloom Boss Battle","floor":37,"turns":4},{"damage":0,"enemies":"3 Shapes","floor":38,"turns":2},{"damage":0,"enemies":"Reptomancer","floor":40,"turns":5},{"damage":0,"enemies":"Spire Growth","floor":44,"turns":4},{"damage":0,"enemies":"Nemesis","floor":47,"turns":5},{"damage":0,"enemies":"3 Darklings","floor":48,"turns":3},{"damage":11,"enemies":"Awakened One","floor":50,"turns":15},{"damage":38,"enemies":"Donu and Deca","floor":51,"turns":12},{"damage":15,"enemies":"Shield and Spear","floor":55,"turns":9},{"damage":86,"enemies":"The Heart","floor":56,"turns":10}],"seed_played":"4702562171194329526","potions_obtained":[{"floor":5.0,"key":"Block Potion"},{"floor":6.0,"key":"Swift Potion"},{"floor":14,"key":"DistilledChaos"},{"floor":22,"key":"LiquidBronze"},{"floor":23,"key":"DistilledChaos"},{"floor":27,"key":"Block Potion"},{"floor":31,"key":"Weak Potion"},{"floor":33,"key":"StancePotion"},{"floor":35,"key":"ColorlessPotion"},{"floor":37,"key":"BlessingOfTheForge"},{"floor":38,"key":"LiquidMemories"},{"floor":55,"key":"Swift Potion"}],"is_trial":false,"path_per_floor":["M","M","$","?","M","E","?","R","T","M","E","R","M","M","R","B",null,"M","?","T","M","M","E","R","E","T","E","R","E","$","M","R","B",null,"M","?","?","M","$","E","$","R","T","M","R","?","E","M","R","B","B",null,"R","$","E","B"],"character_chosen":"WATCHER","items_purchased":["Meditate","Membership Card","Apotheosis","Bag of Preparation","Bottled Lightning","CultistPotion","Toy Ornithopter","Block Potion","ColorlessPotion","Fire Potion","ClearTheMind"],"campfire_rested":6,"item_purchase_floors":[3,30,30,30,39,41,54,54,54,54,54],"current_hp_per_floor":[61,57,57,57,57,37,37,37,37,32,32,32,29,29,29,11,54,48,48,48,48,48,39,59,59,59,51,51,51,51,49,68,18,56,56,56,56,56,56,56,56,68,68,68,68,65,65,65,65,54,16,53,65,65,50,0],"gold":87,"neow_bonus":"UPGRADE_CARD","is_prod":false,"is_daily":false,"chose_seed":false,"campfire_upgraded":3,"win_rate":0,"timestamp":1604171157,"path_taken":["M","M","?","?","M","E","?","R","T","M","E","R","M","?","R","BOSS","M","?","?","M","M","E","R","E","T","E","R","E","$","?","R","BOSS","M","?","?","M","$","E","?","R","T","M","R","?","E","M","R","BOSS","BOSS","R","$","E","BOSS"],"build_version":"2020-07-30","purchased_purges":1,"victory":false,"max_hp_per_floor":[68,68,68,68,68,68,68,68,68,68,68,68,68,68,68,68,68,68,68,68,68,68,68,68,68,68,68,68,68,68,68,68,68,68,68,68,68,68,68,68,68,68,68,68,68,65,65,65,65,65,65,65,65,65,65,65],"card_choices":[{"not_picked":["Consecrate","Perseverance"],"picked":"SandsOfTime","floor":1.0},{"not_picked":["FlyingSleeves","EmptyMind"],"picked":"BowlingBash","floor":2.0},{"not_picked":["CrushJoints","Wireheading"],"picked":"WheelKick","floor":5.0},{"not_picked":["Nirvana","InnerPeace"],"picked":"ThirdEye","floor":6.0},{"not_picked":["Protect","EmptyBody"],"picked":"CrushJoints","floor":10.0},{"not_picked":["Consecrate","ThirdEye"],"picked":"Judgement","floor":11},{"not_picked":["Perseverance","JustLucky","Meditate"],"picked":"SKIP","floor":13},{"not_picked":["EmptyBody","WaveOfTheHand","CrushJoints"],"picked":"SKIP","floor":14},{"not_picked":["Alpha","Omniscience"],"picked":"Vault","floor":16},{"not_picked":["FollowUp","Protect","BowlingBash"],"picked":"SKIP","floor":18},{"not_picked":["SignatureMove","FearNoEvil"],"picked":"MentalFortress+1","floor":21},{"not_picked":["EmptyMind","ReachHeaven"],"picked":"CutThroughFate","floor":22},{"not_picked":["EmptyMind","Indignation"],"picked":"SashWhip+1","floor":23},{"not_picked":["Collect","Judgement"],"picked":"EmptyBody","floor":25},{"not_picked":["Perseverance","Protect","EmptyFist"],"picked":"SKIP","floor":27},{"not_picked":["EmptyBody","JustLucky"],"picked":"Halt","floor":29},{"not_picked":["CutThroughFate","JustLucky"],"picked":"Prostrate+1","floor":31},{"not_picked":["MasterReality+1","DeusExMachina"],"picked":"Omniscience","floor":33},{"not_picked":["EmptyFist","Nirvana+1"],"picked":"FlurryOfBlows","floor":35},{"not_picked":["WaveOfTheHand","Wireheading+1"],"picked":"MentalFortress+1","floor":37},{"not_picked":["EmptyFist","FollowUp"],"picked":"Sanctity","floor":38},{"not_picked":["MentalFortress+1","Vengeance"],"picked":"FlurryOfBlows+1","floor":40},{"not_picked":["BattleHymn+1","ThirdEye+1"],"picked":"FearNoEvil","floor":44},{"not_picked":["WreathOfFlame+1","PathToVictory","BattleHymn+1"],"picked":"SKIP","floor":47},{"not_picked":["Evaluate","BowlingBash+1"],"picked":"Wallop","floor":48},{"not_picked":["FlurryOfBlows","FlyingSleeves"],"picked":"MentalFortress+1","floor":55}],"player_experience":2606209,"relics_obtained":[{"floor":6.0,"key":"Gremlin Horn"},{"floor":7.0,"key":"Centennial Puzzle"},{"floor":9.0,"key":"Frozen Egg 2"},{"floor":11,"key":"PreservedInsect"},{"floor":20,"key":"Orichalcum"},{"floor":23,"key":"Vajra"},{"floor":25,"key":"Matryoshka"},{"floor":26,"key":"Potion Belt"},{"floor":26,"key":"HornCleat"},{"floor":27,"key":"Regal Pillow"},{"floor":29,"key":"Yang"},{"floor":37,"key":"CaptainsWheel"},{"floor":40,"key":"CeramicFish"},{"floor":43,"key":"MawBank"},{"floor":47,"key":"Boot"},{"floor":55,"key":"Pantograph"}],"event_choices":[{"damage_healed":0.0,"max_hp_gain":0.0,"max_hp_loss":0.0,"gold_gain":0.0,"event_name":"The Cleric","player_choice":"Leave","floor":4.0,"gold_loss":0.0,"damage_taken":0.0},{"damage_healed":0.0,"max_hp_gain":0.0,"max_hp_loss":0.0,"gold_gain":0.0,"event_name":"Wheel of Change","player_choice":"Relic","floor":7.0,"gold_loss":0.0,"damage_taken":0.0},{"cards_removed":["Strike_P"],"damage_healed":0,"gold_gain":0,"player_choice":"Gave Gold","damage_taken":0,"max_hp_gain":0,"max_hp_loss":0,"event_name":"Beggar","floor":19,"gold_loss":75},{"cards_removed":["Prostrate"],"damage_healed":0,"gold_gain":0,"player_choice":"Removed Skill","damage_taken":0,"max_hp_gain":0,"max_hp_loss":0,"event_name":"Falling","floor":36,"gold_loss":0},{"damage_healed":0,"gold_gain":0,"player_choice":"Fight","damage_taken":0,"max_hp_gain":0,"max_hp_loss":0,"event_name":"MindBloom","floor":37,"gold_loss":0},{"damage_healed":0,"gold_gain":0,"player_choice":"Max HP","damage_taken":0,"max_hp_gain":0,"max_hp_loss":3,"event_name":"Winding Halls","floor":46,"gold_loss":0}],"is_beta":true,"boss_relics":[{"not_picked":["SlaversCollar","Pandora\u0027s Box"],"picked":"Fusion Hammer"},{"not_picked":["Runic Dome","Runic Pyramid"],"picked":"Astrolabe"}],"items_purged_floors":[54],"is_endless":false,"potions_floor_spawned":[5,6,14,22,23,27,31,33,35,37,38,55],"killed_by":"The Heart","ascension_level":20}