{"gold_per_floor":[15,33,33,52,52,52,52,52,98,129,129,71,85,118,118,193,193,193,193,193,193,29,29,29,29,29,29,29,29,29,29,29,29,29,29,0,0,0,0,0,0,0,0,0,0,0,0,0,0,0,0,0,0,0,0,0],"floor_reached":56,"playtime":4053,"items_purged":["Strike_P"],"score":2106,"play_id":"c987e85c-160e-4279-bbe6-c1add0809d1d","local_time":"20201107160010","is_ascension_mode":true,"campfire_choices":[{"data":"Blasphemy","floor":6.0,"key":"SMITH"},{"data":"WheelKick","floor":8.0,"key":"SMITH"},{"data":"FlurryOfBlows","floor":11.0,"key":"SMITH"},{"data":"CrushJoints","floor":15.0,"key":"SMITH"},{"data":"Ghostly","floor":24.0,"key":"SMITH"},{"data":"SpiritShield","floor":27,"key":"SMITH"},{"data":"Ghostly","floor":32,"key":"SMITH"},{"floor":42,"key":"RECALL"},{"data":"Ghostly","floor":44,"key":"SMITH"},{"floor":49,"key":"REST"},{"floor":53,"key":"REST"}],"neow_cost":"NO_GOLD","seed_source_timestamp":2039546864723900,"circlet_count":0,"master_deck":["AscendersBane","Defend_P","Defend_P","Defend_P","Defend_P","Eruption","Vigilance","Blasphemy+1","Tantrum","Conclude+1","WheelKick+1","CrushJoints+1","Vault","SpiritShield+1","MasterReality+1","WindmillStrike","Ghostly+1","Ghostly+1","Ghostly+1","CutThroughFate","Nirvana+1","BattleHymn+1","Protect","DeceiveReality","SpiritShield","CurseOfTheBell","Scrawl","WheelKick+1","CutThroughFate+1","Scrawl","DeceiveReality"],"special_seed":0,"relics":["PureWater","Pear","Potion Belt","Frozen Egg 2","PreservedInsect","Ectoplasm","Regal Pillow","StrikeDummy","Calling Bell","Tiny Chest","Molten Egg 2","StoneCalendar","Red Mask","Toy Ornithopter","Art of War","Akabeko","Mango","Pantograph"],"potions_floor_usage":[31,33,48,50,50,51],"damage_taken":[{"damage":1.0,"enemies":"Cultist","floor":1.0,"turns":4.0},{"damage":8.0,"enemies":"Small Slimes","floor":2.0,"turns":4.0},{"damage":8.0,"enemies":"2 Louse","floor":4.0,"turns":2.0},{"damage":15.0,"enemies":"Lagavulin","floor":10.0,"turns":3.0},{"damage":0.0,"enemies":"Blue Slaver","floor":13.0,"turns":1.0},{"damage":0.0,"enemies":"Gremlin Nob","floor":14.0,"turns":2.0},{"damage":0.0,"enemies":"Slime Boss","floor":16.0,"turns":3.0},{"damage":0.0,"enemies":"Chosen","floor":18.0,"turns":1.0},{"damage":0.0,"enemies":"Spheric Guardian","floor":21.0,"turns":2.0},{"damage":0.0,"enemies":"Gremlin Leader","floor":23.0,"turns":1.0},{"damage":1.0,"enemies":"Centurion and Healer","floor":25.0,"turns":3.0},{"damage":0,"enemies":"Snecko","floor":28,"turns":3},{"damage":1,"enemies":"Cultist and Chosen","floor":30,"turns":3},{"damage":3,"enemies":"Book of Stabbing","floor":31,"turns":3},{"damage":6,"enemies":"Collector","floor":33,"turns":7},{"damage":0,"enemies":"Orb Walker","floor":35,"turns":4},{"damage":3,"enemies":"3 Darklings","floor":39,"turns":4},{"damage":4,"enemies":"Reptomancer","floor":40,"turns":4},{"damage":9,"enemies":"Maw","floor":41,"turns":7},{"damage":0,"enemies":"Sphere and 2 Shapes","floor":45,"turns":5},{"damage":9,"enemies":"Transient","floor":46,"turns":6},{"damage":1,"enemies":"Giant Head","floor":48,"turns":4},{"damage":36,"enemies":"Time Eater","floor":50,"turns":9},{"damage":16,"enemies":"Donu and Deca","floor":51,"turns":10},{"damage":18,"enemies":"Shield and Spear","floor":55,"turns":6},{"damage":58,"enemies":"The Heart","floor":56,"turns":9}],"seed_played":"-5494418352527997262","potions_obtained":[{"floor":2.0,"key":"SteroidPotion"},{"floor":10.0,"key":"LiquidMemories"},{"floor":13.0,"key":"Dexterity Potion"},{"floor":14.0,"key":"SpeedPotion"},{"floor":23.0,"key":"FearPotion"},{"floor":39,"key":"Ambrosia"},{"floor":46,"key":"Fruit Juice"}],"is_trial":false,"path_per_floor":["M","M","T","M","?","R","?","R","T","E","R","$","M","E","R","B",null,"M","?","?","M","$","E","R","M","T","R","M","?","M","E","R","B",null,"M","?","?","$","M","E","M","R","T","R","M","M","T","E","R","B","B",null,"R","$","E","B"],"character_chosen":"WATCHER","items_purchased":["CrushJoints","Nirvana+1"],"campfire_rested":2,"item_purchase_floors":[12,22],"current_hp_per_floor":[60,52,62,54,47,47,47,47,47,32,32,32,32,32,32,32,67,67,67,39,39,39,39,39,38,38,38,38,38,37,34,34,28,36,36,36,36,36,33,29,20,20,20,20,20,11,11,29,53,32,21,49,58,58,40,0],"gold":0,"neow_bonus":"THREE_RARE_CARDS","is_prod":false,"is_daily":false,"chose_seed":false,"campfire_upgraded":8,"win_rate":0,"timestamp":1604793610,"path_taken":["M","M","?","M","?","R","?","R","T","E","R","?","M","E","R","BOSS","M","?","?","M","$","E","R","M","T","R","M","?","?","E","R","BOSS","M","?","?","?","M","E","M","R","T","R","M","M","?","E","R","BOSS","BOSS","R","$","E","BOSS"],"build_version":"2020-07-30","purchased_purges":1,"victory":false,"max_hp_per_floor":[68,68,78,78,78,78,78,78,78,78,78,78,78,78,78,78,78,78,78,39,39,39,39,39,39,39,39,39,39,39,39,39,39,39,39,39,39,39,39,39,39,39,39,39,39,39,39,53,53,58,58,58,58,58,58,58],"card_choices":[{"not_picked":["ConjureBlade","Alpha"],"picked":"Blasphemy","floor":0.0},{"not_picked":["BowlingBash","Swivel"],"picked":"Tantrum","floor":1.0},{"not_picked":["ClearTheMind","Prostrate"],"picked":"Conclude","floor":2.0},{"not_picked":["ReachHeaven","EmptyMind"],"picked":"WheelKick","floor":4.0},{"not_picked":["Tantrum","EmptyBody"],"picked":"FlurryOfBlows","floor":10.0},{"not_picked":["Worship","FollowUp"],"picked":"Vault","floor":13.0},{"not_picked":["EmptyFist","CrushJoints","BowlingBash"],"picked":"SKIP","floor":14.0},{"not_picked":["Ragnarok","DeusExMachina"],"picked":"SpiritShield","floor":16.0},{"not_picked":["Prostrate","Sanctity","WaveOfTheHand"],"picked":"SKIP","floor":18.0},{"not_picked":["JustLucky","Crescendo"],"picked":"CutThroughFate","floor":21.0},{"not_picked":["Establishment+1","Brilliance"],"picked":"BattleHymn+1","floor":23.0},{"not_picked":["Swivel","Halt"],"picked":"Protect","floor":25.0},{"not_picked":["Fasting2+1","Halt","Consecrate"],"picked":"SKIP","floor":28},{"not_picked":["LikeWater+1","EmptyBody","Protect"],"picked":"SKIP","floor":30},{"not_picked":["CrushJoints","Fasting2+1"],"picked":"DeceiveReality","floor":31},{"not_picked":["LessonLearned","Ragnarok"],"picked":"SpiritShield","floor":33},{"not_picked":["BowlingBash+1","Protect","Weave+1"],"picked":"SKIP","floor":35},{"not_picked":["EmptyFist+1","ForeignInfluence","Vengeance"],"picked":"SKIP","floor":39},{"not_picked":["InnerPeace","CutThroughFate+1"],"picked":"Scrawl","floor":40},{"not_picked":["EmptyFist+1","Prostrate","JustLucky+1"],"picked":"SKIP","floor":41},{"not_picked":["FlyingSleeves+1","Crescendo+1"],"picked":"WheelKick+1","floor":45},{"not_picked":["BowlingBash+1","Nirvana+1"],"picked":"CutThroughFate+1","floor":46},{"not_picked":["PathToVictory+1","WaveOfTheHand"],"picked":"Scrawl","floor":48},{"not_picked":["Perseverance+1","WaveOfTheHand"],"picked":"DeceiveReality","floor":55}],"player_experience":2683558,"relics_obtained":[{"floor":3.0,"key":"Pear"},{"floor":9.0,"key":"Potion Belt"},{"floor":10.0,"key":"Frozen Egg 2"},{"floor":14.0,"key":"PreservedInsect"},{"floor":23.0,"key":"Regal Pillow"},{"floor":31,"key":"StrikeDummy"},{"floor":34,"key":"Tiny Chest"},{"floor":34,"key":"Molten Egg 2"},{"floor":34,"key":"StoneCalendar"},{"floor":40,"key":"Toy Ornithopter"},{"floor":43,"key":"Art of War"},{"floor":47,"key":"Akabeko"},{"floor":48,"key":"Mango"},{"floor":55,"key":"Pantograph"}],"event_choices":[{"cards_removed":["Strike_P"],"damage_healed":0.0,"max_hp_gain":0.0,"max_hp_loss":0.0,"gold_gain":0.0,"event_name":"Golden Wing","player_choice":"Card Removal","floor":5.0,"gold_loss":0.0,"damage_taken":7.0},{"damage_healed":0.0,"max_hp_gain":0.0,"max_hp_loss":0.0,"gold_gain":0.0,"event_name":"Living Wall","player_choice":"Grow","floor":7.0,"gold_loss":0.0,"damage_taken":0.0,"cards_upgraded":["Conclude"]},{"damage_healed":0.0,"max_hp_gain":0.0,"max_hp_loss":0.0,"gold_gain":0.0,"cards_transformed":["Strike_P","Strike_P"],"event_name":"Drug Dealer","player_choice":"Became Test Subject","floor":19.0,"gold_loss":0.0,"damage_taken":0.0,"cards_obtained":["MasterReality","WindmillStrike"]},{"damage_healed":0.0,"max_hp_gain":0.0,"max_hp_loss":39.0,"gold_gain":0.0,"event_name":"Ghosts","player_choice":"Became a Ghost","floor":20.0,"gold_loss":0.0,"damage_taken":0.0,"cards_obtained":["Ghostly","Ghostly","Ghostly"]},{"damage_healed":0,"gold_gain":0,"player_choice":"Ignored","damage_taken":0,"max_hp_gain":0,"max_hp_loss":0,"event_name":"N\u0027loth","floor":29,"gold_loss":0},{"damage_healed":0,"gold_gain":0,"player_choice":"Paid","damage_taken":0,"relics_obtained":["Red Mask"],"max_hp_gain":0,"max_hp_loss":0,"event_name":"Tomb of Lord Red Mask","floor":36,"gold_loss":29},{"cards_removed":["FlurryOfBlows"],"damage_healed":0,"gold_gain":0,"player_choice":"Removed Attack","damage_taken":0,"max_hp_gain":0,"max_hp_loss":0,"event_name":"Falling","floor":37,"gold_loss":0}],"is_beta":true,"boss_relics":[{"not_picked":["Pandora\u0027s Box","Velvet Choker"],"picked":"Ectoplasm"},{"not_picked":["Sozu","Empty Cage"],"picked":"Calling Bell"}],"items_purged_floors":[22],"is_endless":false,"potions_floor_spawned":[2,10,13,14,23,25,30,39,46],"killed_by":"The Heart","ascension_level":20}