{"gold_per_floor":[119,130,130,45,57,57,86,86,86,104,132,132,143,165,165,239,239,250,250,267,192,211,211,243,243,268,303,303,318,329,329,329,405,405,415,415,434,453,186,220,220,250,250,265,300,315,330,350,350,350],"floor_reached":50,"playtime":7955,"items_purged":["Strike_P","Strike_P+1"],"score":1318,"play_id":"f0c8e95e-171e-4501-9dc5-39ea34e9a3e2","local_time":"20201101202401","is_ascension_mode":true,"campfire_choices":[{"data":"Conclude","floor":6.0,"key":"SMITH"},{"data":"Eruption","floor":8.0,"key":"SMITH"},{"data":"Vigilance","floor":15.0,"key":"SMITH"},{"floor":23.0,"key":"REST"},{"floor":25.0,"key":"REST"},{"data":"MentalFortress","floor":28.0,"key":"SMITH"},{"floor":32,"key":"REST"},{"floor":41,"key":"REST"},{"floor":49,"key":"RECALL"}],"neow_cost":"NONE","seed_source_timestamp":1532887035827600,"circlet_count":0,"master_deck":["AscendersBane","Strike_P+1","Strike_P+1","Defend_P+1","Defend_P+1","Defend_P+1","Defend_P+1","Eruption+1","Vigilance+1","EmptyBody+1","Conclude+1","Tantrum+1","CutThroughFate+1","EmptyFist+1","CrushJoints+1","LessonLearned+1","SashWhip+1","Halt+1","MentalFortress+1","ThirdEye+1","SandsOfTime+1","Scrawl+1","Halt+1","FearNoEvil+1","InnerPeace+1","EmptyBody+1","DevaForm+1","InnerPeace+1","ClearTheMind+1","Tantrum+1"],"special_seed":0,"relics":["PureWater","Mercury Hourglass","Molten Egg 2","Bag of Preparation","White Beast Statue","Odd Mushroom","VioletLotus","Boot","Orichalcum","Darkstone Periapt","Philosopher\u0027s Stone","Pear","Pantograph","War Paint"],"potions_floor_usage":[33,37,37,44,45,45,46,50,50],"damage_taken":[{"damage":1.0,"enemies":"2 Louse","floor":1.0,"turns":3.0},{"damage":0.0,"enemies":"Cultist","floor":2.0,"turns":4.0},{"damage":0.0,"enemies":"Jaw Worm","floor":5.0,"turns":1.0},{"damage":16.0,"enemies":"Gremlin Nob","floor":7.0,"turns":3.0},{"damage":1.0,"enemies":"Large Slime","floor":10.0,"turns":3.0},{"damage":0.0,"enemies":"Lagavulin","floor":11.0,"turns":3.0},{"damage":0.0,"enemies":"Exordium Wildlife","floor":13.0,"turns":1.0},{"damage":0.0,"enemies":"The Mushroom Lair","floor":14.0,"turns":2.0},{"damage":25.0,"enemies":"The Guardian","floor":16.0,"turns":9.0},{"damage":21.0,"enemies":"Shell Parasite","floor":18.0,"turns":5.0},{"damage":2.0,"enemies":"2 Thieves","floor":20.0,"turns":2.0},{"damage":23.0,"enemies":"Snecko","floor":22.0,"turns":7.0},{"damage":13.0,"enemies":"Book of Stabbing","floor":24.0,"turns":5.0},{"damage":6.0,"enemies":"Slavers","floor":27.0,"turns":5.0},{"damage":8,"enemies":"Snake Plant","floor":29,"turns":6},{"damage":0,"enemies":"Cultist and Chosen","floor":30,"turns":3},{"damage":46,"enemies":"Automaton","floor":33,"turns":10},{"damage":0,"enemies":"3 Shapes","floor":35,"turns":3},{"damage":12,"enemies":"3 Darklings","floor":37,"turns":4},{"damage":4,"enemies":"Transient","floor":38,"turns":6},{"damage":9,"enemies":"Giant Head","floor":40,"turns":6},{"damage":0,"enemies":"Reptomancer","floor":42,"turns":4},{"damage":0,"enemies":"Spire Growth","floor":44,"turns":3},{"damage":9,"enemies":"Giant Head","floor":45,"turns":5},{"damage":17,"enemies":"4 Shapes","floor":46,"turns":6},{"damage":1,"enemies":"Maw","floor":47,"turns":5},{"damage":18,"enemies":"Spire Growth","floor":48,"turns":4},{"damage":53,"enemies":"Time Eater","floor":50,"turns":6}],"seed_played":"7473135874873751587","potions_obtained":[{"floor":2.0,"key":"Regen Potion"},{"floor":3.0,"key":"PowerPotion"},{"floor":11.0,"key":"Explosive Potion"},{"floor":18.0,"key":"SpeedPotion"},{"floor":20.0,"key":"Explosive Potion"},{"floor":22.0,"key":"Ancient Potion"},{"floor":27.0,"key":"Block Potion"},{"floor":29,"key":"Fire Potion"},{"floor":33,"key":"DuplicationPotion"},{"floor":35,"key":"AttackPotion"},{"floor":37,"key":"SkillPotion"},{"floor":38,"key":"LiquidMemories"},{"floor":44,"key":"SteroidPotion"},{"floor":45,"key":"ColorlessPotion"},{"floor":46,"key":"FearPotion"},{"floor":47,"key":"SneckoOil"}],"is_trial":false,"path_per_floor":["M","M","?","$","M","R","E","R","T","M","E","T","M","?","R","B",null,"M","?","M","$","M","R","E","R","T","E","R","M","M","?","R","B",null,"M","?","M","M","$","E","R","E","T","M","E","M","M","M","R","B"],"character_chosen":"WATCHER","items_purchased":["Tantrum","FearNoEvil+1","InnerPeace"],"campfire_rested":4,"item_purchase_floors":[4,39,39],"current_hp_per_floor":[66,66,66,66,66,66,50,50,50,49,49,49,49,49,49,24,62,53,53,51,51,28,50,37,59,59,53,53,45,45,45,67,21,61,61,61,49,45,45,46,71,71,71,71,62,45,44,26,26,0],"gold":350,"neow_bonus":"TEN_PERCENT_HP_BONUS","is_prod":false,"is_daily":false,"chose_seed":false,"campfire_upgraded":4,"win_rate":0,"timestamp":1604291041,"path_taken":["M","M","?","$","?","R","E","R","T","M","E","?","?","?","R","BOSS","M","?","M","$","M","R","E","R","T","E","R","M","M","?","R","BOSS","M","?","M","M","$","E","R","E","T","M","E","M","M","M","R","BOSS"],"build_version":"2020-07-30","purchased_purges":2,"victory":false,"max_hp_per_floor":[74,74,74,74,74,74,74,74,74,74,74,74,74,74,74,74,74,74,74,74,74,74,74,74,74,74,74,74,74,74,74,74,74,74,74,74,74,74,74,84,84,84,84,84,84,84,84,84,84,84],"card_choices":[{"not_picked":["ClearTheMind","WindmillStrike"],"picked":"EmptyBody","floor":1.0},{"not_picked":["JustLucky","SignatureMove"],"picked":"Conclude","floor":2.0},{"not_picked":["WaveOfTheHand","Evaluate","Indignation"],"picked":"SKIP","floor":5.0},{"not_picked":["Consecrate","PathToVictory"],"picked":"CutThroughFate","floor":7.0},{"not_picked":["Blasphemy","WreathOfFlame"],"picked":"EmptyFist+1","floor":10.0},{"not_picked":["BattleHymn","Tantrum+1","EmptyMind"],"picked":"SKIP","floor":11.0},{"not_picked":["Weave+1","JustLucky+1","Nirvana"],"picked":"SKIP","floor":13.0},{"not_picked":["ThirdEye","Tantrum+1"],"picked":"CrushJoints+1","floor":14.0},{"not_picked":["Devotion","Vault"],"picked":"LessonLearned+1","floor":16.0},{"not_picked":["FollowUp+1","ThirdEye"],"picked":"SashWhip+1","floor":18.0},{"not_picked":["Pray","SashWhip+1"],"picked":"Halt","floor":20.0},{"not_picked":["Omniscience","ReachHeaven+1"],"picked":"MentalFortress","floor":22.0},{"not_picked":["CutThroughFate+1","Judgement"],"picked":"ThirdEye","floor":24.0},{"not_picked":["BowlingBash+1","Perseverance","Crescendo"],"picked":"SKIP","floor":27.0},{"not_picked":["Halt","Indignation"],"picked":"SandsOfTime+1","floor":29},{"not_picked":["CrushJoints+1","Prostrate","FollowUp+1"],"picked":"SKIP","floor":30},{"not_picked":["ConjureBlade","Brilliance+1"],"picked":"Scrawl","floor":33},{"not_picked":["JustLucky+1","CarveReality+1","Weave+1"],"picked":"SKIP","floor":35},{"not_picked":["BattleHymn","Sanctity"],"picked":"Halt","floor":37},{"not_picked":["CrushJoints+1","ThirdEye","Prostrate+1"],"picked":"SKIP","floor":38},{"not_picked":["Evaluate","Nirvana","FollowUp+1"],"picked":"SKIP","floor":40},{"not_picked":["ReachHeaven+1","FollowUp+1","WreathOfFlame"],"picked":"SKIP","floor":42},{"not_picked":["Prostrate","SandsOfTime+1"],"picked":"EmptyBody+1","floor":44},{"not_picked":["Nirvana+1","SandsOfTime+1"],"picked":"DevaForm","floor":45},{"not_picked":["Tantrum+1","FollowUp+1"],"picked":"InnerPeace","floor":46},{"not_picked":["BowlingBash+1","SignatureMove+1"],"picked":"ClearTheMind","floor":47},{"not_picked":["ClearTheMind","ThirdEye"],"picked":"Tantrum+1","floor":48}],"player_experience":2621681,"relics_obtained":[{"floor":7.0,"key":"Mercury Hourglass"},{"floor":9.0,"key":"Molten Egg 2"},{"floor":11.0,"key":"Bag of Preparation"},{"floor":12.0,"key":"White Beast Statue"},{"floor":14.0,"key":"Odd Mushroom"},{"floor":24.0,"key":"Boot"},{"floor":26.0,"key":"Orichalcum"},{"floor":27.0,"key":"Darkstone Periapt"},{"floor":40,"key":"Pear"},{"floor":42,"key":"Pantograph"},{"floor":45,"key":"War Paint"}],"event_choices":[{"damage_healed":0.0,"max_hp_gain":0.0,"max_hp_loss":0.0,"gold_gain":0.0,"event_name":"Lab","player_choice":"Got Potions","floor":3.0,"gold_loss":0.0,"damage_taken":0.0},{"damage_healed":0.0,"max_hp_gain":0.0,"max_hp_loss":0.0,"gold_gain":0.0,"event_name":"Mushrooms","player_choice":"Fought Mushrooms","floor":14.0,"gold_loss":0.0,"damage_taken":0.0},{"damage_healed":0.0,"max_hp_gain":0.0,"max_hp_loss":0.0,"gold_gain":0.0,"event_name":"Beggar","player_choice":"Ignored","floor":19.0,"gold_loss":0.0,"damage_taken":0.0},{"damage_healed":0,"gold_gain":0,"player_choice":"Simplicity","damage_taken":0,"max_hp_gain":0,"max_hp_loss":0,"event_name":"Back to Basics","floor":31,"gold_loss":0,"cards_upgraded":["Strike_P","Strike_P","Defend_P","Defend_P","Defend_P","Defend_P"]},{"damage_healed":0,"gold_gain":0,"player_choice":"Ignored","damage_taken":0,"max_hp_gain":0,"max_hp_loss":0,"event_name":"Tomb of Lord Red Mask","floor":36,"gold_loss":0}],"is_beta":true,"boss_relics":[{"not_picked":["Busted Crown","Ectoplasm"],"picked":"VioletLotus"},{"not_picked":["Astrolabe","HolyWater"],"picked":"Philosopher\u0027s Stone"}],"items_purged_floors":[21,39],"is_endless":false,"potions_floor_spawned":[2,5,11,13,14,16,18,20,22,24,27,29,30,33,35,37,38,40,42,44,45,46,47,48],"killed_by":"Time Eater","ascension_level":20}