{"gold_per_floor":[14,31,31,31,31,70,70,109,135,201,476,24,24,44,44,134,134,153,153,194,194,232,276,276,276,299,299,299,113,113,154,154,277,277,296,296,571,113,152,152,217,217,272,272,76,136,150,219,219,219],"floor_reached":50,"playtime":3227,"items_purged":["Regret","Strike_P","Regret"],"score":1261,"play_id":"940fd901-5e44-4dd6-9caf-b35aceaa7d6d","local_time":"20210604131431","is_ascension_mode":true,"campfire_choices":[{"data":"Judgement","floor":7.0,"key":"SMITH"},{"data":"Conclude","floor":13.0,"key":"SMITH"},{"data":"Wallop","floor":15.0,"key":"SMITH"},{"data":"Fasting2","floor":24.0,"key":"SMITH"},{"floor":27.0,"key":"REST"},{"floor":32.0,"key":"REST"},{"data":"Fasting2","floor":40.0,"key":"SMITH"},{"floor":42.0,"key":"RECALL"},{"floor":44.0,"key":"REST"},{"floor":49.0,"key":"REST"}],"neow_cost":"NO_GOLD","seed_source_timestamp":0,"circlet_count":0,"master_deck":["AscendersBane","Strike_P+1","Strike_P+1","Defend_P+1","Defend_P+1","Defend_P+1","Eruption","Vigilance","FlurryOfBlows","Judgement+1","Wallop+1","Conclude+1","DeusExMachina","DevaForm","MentalFortress","FearNoEvil","CarveReality","Wish","ThirdEye+1","LikeWater","CutThroughFate","Wallop+1","Fasting2+1","WheelKick","TalkToTheHand","SpiritShield","CurseOfTheBell","Fasting2+1","Wallop","Halt","ThirdEye","Tantrum","WaveOfTheHand","MentalFortress+1","JustLucky","CutThroughFate+1","JustLucky"],"special_seed":0,"relics":["PureWater","Golden Idol","Oddly Smooth Stone","Pen Nib","Kunai","Bag of Marbles","OrangePellets","Philosopher\u0027s Stone","Happy Flower","Bronze Scales","MutagenicStrength","Lantern","Calling Bell","Dream Catcher","Matryoshka","WingedGreaves","Toolbox","StrikeDummy","Frozen Egg 2","Orrery","Strawberry","Boot"],"potions_floor_usage":[50,50],"damage_taken":[{"damage":0.0,"enemies":"Jaw Worm","floor":1.0,"turns":2.0},{"damage":0.0,"enemies":"Small Slimes","floor":2.0,"turns":2.0},{"damage":1.0,"enemies":"3 Sentries","floor":6.0,"turns":3.0},{"damage":27.0,"enemies":"Lagavulin","floor":8.0,"turns":6.0},{"damage":0.0,"enemies":"2 Louse","floor":14.0,"turns":2.0},{"damage":10.0,"enemies":"The Guardian","floor":16.0,"turns":9.0},{"damage":3.0,"enemies":"2 Thieves","floor":18.0,"turns":2.0},{"damage":0.0,"enemies":"Spheric Guardian","floor":20.0,"turns":2.0},{"damage":5.0,"enemies":"Snecko","floor":22.0,"turns":5.0},{"damage":16.0,"enemies":"Slavers","floor":23.0,"turns":3.0},{"damage":22.0,"enemies":"Book of Stabbing","floor":31.0,"turns":4.0},{"damage":19.0,"enemies":"Champ","floor":33.0,"turns":8.0},{"damage":1.0,"enemies":"Orb Walker","floor":35.0,"turns":4.0},{"damage":17.0,"enemies":"3 Darklings","floor":39.0,"turns":6.0},{"damage":14.0,"enemies":"Giant Head","floor":41.0,"turns":5.0},{"damage":34.0,"enemies":"Nemesis","floor":46.0,"turns":10.0},{"damage":0.0,"enemies":"Spire Growth","floor":47.0,"turns":4.0},{"damage":6.0,"enemies":"Giant Head","floor":48.0,"turns":8.0},{"damage":36,"enemies":"Awakened One","floor":50,"turns":3}],"seed_played":"-5910906696809832619","potions_obtained":[{"floor":2.0,"key":"BottledMiracle"},{"floor":8.0,"key":"LiquidBronze"},{"floor":14.0,"key":"AttackPotion"},{"floor":16.0,"key":"ColorlessPotion"},{"floor":18.0,"key":"Explosive Potion"},{"floor":46.0,"key":"SpeedPotion"}],"is_trial":false,"path_per_floor":["M","M","?","?","?","E","R","E","T","?","?","$","R","M","R","B",null,"M","?","M","?","M","E","R","?","T","R","?","$","?","E","R","B",null,"M","?","?","$","M","R","E","R","T","R","$","E","M","E","R","B"],"character_chosen":"WATCHER","items_purchased":["OrangePellets","MentalFortress","FearNoEvil","CarveReality","DuplicationPotion","Fasting2","Toolbox","Wallop","Orrery","JustLucky"],"campfire_rested":4,"item_purchase_floors":[12,12,12,12,29,38,38,38,45,45],"current_hp_per_floor":[61,61,61,50,55,54,54,27,27,27,27,27,27,27,27,17,55,52,52,52,52,47,31,31,31,31,51,51,51,51,29,49,30,58,57,57,57,57,40,40,26,26,26,46,46,19,19,13,35,0],"gold":219,"neow_bonus":"TRANSFORM_TWO_CARDS","is_prod":false,"is_daily":false,"chose_seed":false,"campfire_upgraded":5,"win_rate":0,"timestamp":1622837671,"path_taken":["M","M","?","?","?","E","R","E","T","?","?","$","R","?","R","BOSS","M","?","M","?","?","E","R","?","T","R","?","$","?","E","R","BOSS","M","?","?","$","?","R","E","R","T","R","$","E","M","E","R","BOSS"],"build_version":"2020-12-18","purchased_purges":3,"victory":false,"max_hp_per_floor":[68,68,62,62,67,67,67,67,67,67,67,67,67,67,67,67,67,67,67,67,67,67,67,67,67,67,67,67,67,67,67,67,67,67,67,67,67,67,67,67,67,67,67,67,67,74,74,74,74,74],"relic_stats":{"OrangePellets":[28],"Dream Catcher":2,"Happy Flower":[17],"counters":[19,88],"Golden Idol":118,"Bronze Scales":[132],"Pen Nib":[17],"Kunai":[30],"Boot":[2],"obtain_stats":[{"Lantern":31,"Happy Flower":23,"Golden Idol":3,"Oddly Smooth Stone":4,"Pen Nib":6,"Frozen Egg 2":43,"Boot":48,"Calling Bell":34,"OrangePellets":12,"Dream Catcher":34,"Matryoshka":34,"Bronze Scales":26,"MutagenicStrength":28,"Strawberry":46,"Toolbox":38,"Orrery":45,"Philosopher\u0027s Stone":17,"WingedGreaves":34,"Bag of Marbles":9,"Kunai":8,"PureWater":0,"StrikeDummy":41},{"Lantern":11,"Happy Flower":10,"Golden Idol":2,"Oddly Smooth Stone":2,"Pen Nib":3,"Frozen Egg 2":15,"Boot":18,"Calling Bell":12,"OrangePellets":4,"Dream Catcher":12,"Matryoshka":12,"Bronze Scales":10,"MutagenicStrength":10,"Strawberry":16,"Toolbox":13,"Orrery":15,"Philosopher\u0027s Stone":6,"WingedGreaves":12,"Bag of Marbles":4,"Kunai":4,"PureWater":0,"StrikeDummy":15},{"Lantern":40,"Happy Flower":36,"Golden Idol":4,"Oddly Smooth Stone":4,"Pen Nib":7,"Frozen Egg 2":63,"Boot":85,"Calling Bell":48,"OrangePellets":13,"Dream Catcher":48,"Matryoshka":48,"Bronze Scales":36,"MutagenicStrength":36,"Strawberry":73,"Toolbox":52,"Orrery":63,"Philosopher\u0027s Stone":24,"WingedGreaves":48,"Bag of Marbles":13,"Kunai":13,"PureWater":0,"StrikeDummy":63}]},"card_choices":[{"not_picked":["BowlingBash","WindmillStrike"],"picked":"Wallop","floor":1.0},{"not_picked":["Weave","SignatureMove"],"picked":"Conclude","floor":2.0},{"not_picked":["BowlingBash","Vengeance"],"picked":"DeusExMachina","floor":6.0},{"not_picked":["WindmillStrike","Conclude"],"picked":"DevaForm","floor":8.0},{"not_picked":["JustLucky","EmptyFist","Consecrate"],"picked":"SKIP","floor":14.0},{"not_picked":["Scrawl","Devotion"],"picked":"Wish","floor":16.0},{"not_picked":["Protect+1","BattleHymn"],"picked":"ThirdEye+1","floor":18.0},{"not_picked":["FearNoEvil","Evaluate"],"picked":"CutThroughFate","floor":20.0},{"not_picked":["ForeignInfluence","Halt"],"picked":"Fasting2","floor":22.0},{"not_picked":["SashWhip","BowlingBash+1"],"picked":"WheelKick","floor":23.0},{"not_picked":["Wireheading","Ragnarok"],"picked":"TalkToTheHand","floor":31.0},{"not_picked":["DevaForm","Brilliance"],"picked":"SpiritShield","floor":33.0},{"not_picked":["Protect","FlyingSleeves+1","ClearTheMind"],"picked":"SKIP","floor":35.0},{"not_picked":["FlurryOfBlows+1","CrushJoints","Crescendo"],"picked":"SKIP","floor":39.0},{"not_picked":["EmptyFist+1","CrushJoints+1"],"picked":"Halt","floor":41.0},{"not_picked":["Evaluate","BowlingBash"],"picked":"ThirdEye","floor":44.0},{"not_picked":["BattleHymn+1","SignatureMove"],"picked":"Tantrum","floor":45.0},{"not_picked":["Wallop+1","CutThroughFate"],"picked":"WaveOfTheHand","floor":45.0},{"not_picked":["Crescendo","ForeignInfluence"],"picked":"MentalFortress+1","floor":45.0},{"not_picked":["FlurryOfBlows","EmptyBody"],"picked":"CutThroughFate+1","floor":46.0},{"not_picked":["WindmillStrike","CrushJoints","FollowUp+1"],"picked":"SKIP","floor":47.0},{"not_picked":["SashWhip+1","Judgement"],"picked":"JustLucky","floor":48.0}],"player_experience":3972869,"relics_obtained":[{"floor":6.0,"key":"Pen Nib"},{"floor":8.0,"key":"Kunai"},{"floor":9.0,"key":"Bag of Marbles"},{"floor":23.0,"key":"Happy Flower"},{"floor":26.0,"key":"Bronze Scales"},{"floor":31.0,"key":"Lantern"},{"floor":34.0,"key":"Dream Catcher"},{"floor":34.0,"key":"Matryoshka"},{"floor":34.0,"key":"WingedGreaves"},{"floor":41.0,"key":"StrikeDummy"},{"floor":43.0,"key":"Frozen Egg 2"},{"floor":46.0,"key":"Strawberry"},{"floor":48.0,"key":"Boot"}],"event_choices":[{"damage_healed":0.0,"max_hp_gain":0.0,"max_hp_loss":6.0,"gold_gain":0.0,"event_name":"Golden Idol","player_choice":"Lose Max HP","floor":3.0,"gold_loss":0.0,"damage_taken":0.0,"relics_obtained":["Golden Idol"]},{"damage_healed":0.0,"max_hp_gain":0.0,"max_hp_loss":0.0,"gold_gain":0.0,"event_name":"Scrap Ooze","player_choice":"Success","floor":4.0,"gold_loss":0.0,"damage_taken":11.0,"relics_obtained":["Oddly Smooth Stone"]},{"damage_healed":0.0,"max_hp_gain":5.0,"max_hp_loss":0.0,"gold_gain":0.0,"event_name":"Big Fish","player_choice":"Donut","floor":5.0,"gold_loss":0.0,"damage_taken":0.0},{"damage_healed":0.0,"max_hp_gain":0.0,"max_hp_loss":0.0,"gold_gain":66.0,"event_name":"Golden Wing","player_choice":"Gained Gold","floor":10.0,"gold_loss":0.0,"damage_taken":0.0},{"damage_healed":0.0,"max_hp_gain":0.0,"max_hp_loss":0.0,"gold_gain":275.0,"event_name":"Golden Shrine","player_choice":"Desecrate","floor":11.0,"gold_loss":0.0,"damage_taken":0.0,"cards_obtained":["Regret"]},{"damage_healed":0.0,"max_hp_gain":0.0,"max_hp_loss":0.0,"gold_gain":0.0,"event_name":"The Library","player_choice":"Read","floor":19.0,"gold_loss":0.0,"damage_taken":0.0,"cards_obtained":["LikeWater"]},{"damage_healed":0.0,"max_hp_gain":0.0,"max_hp_loss":0.0,"gold_gain":0.0,"event_name":"Duplicator","player_choice":"Copied","floor":21.0,"gold_loss":0.0,"damage_taken":0.0,"cards_obtained":["Wallop"]},{"damage_healed":0.0,"max_hp_gain":0.0,"max_hp_loss":0.0,"gold_gain":0.0,"event_name":"Vampires","player_choice":"Ignored","floor":25.0,"gold_loss":0.0,"damage_taken":0.0},{"damage_healed":0.0,"max_hp_gain":0.0,"max_hp_loss":0.0,"gold_gain":0.0,"event_name":"Drug Dealer","player_choice":"Inject Mutagens","floor":28.0,"gold_loss":0.0,"damage_taken":0.0,"relics_obtained":["MutagenicStrength"]},{"damage_healed":0.0,"max_hp_gain":0.0,"max_hp_loss":0.0,"gold_gain":0.0,"event_name":"Back to Basics","player_choice":"Simplicity","floor":30.0,"gold_loss":0.0,"damage_taken":0.0,"cards_upgraded":["Strike_P","Strike_P","Defend_P","Defend_P","Defend_P"]},{"damage_healed":0.0,"max_hp_gain":0.0,"max_hp_loss":0.0,"gold_gain":0.0,"event_name":"Tomb of Lord Red Mask","player_choice":"Ignored","floor":36.0,"gold_loss":0.0,"damage_taken":0.0},{"damage_healed":0.0,"max_hp_gain":0.0,"max_hp_loss":0.0,"gold_gain":275.0,"event_name":"Golden Shrine","player_choice":"Desecrate","floor":37.0,"gold_loss":0.0,"damage_taken":0.0,"cards_obtained":["Regret"]}],"is_beta":true,"boss_relics":[{"not_picked":["SlaversCollar","Tiny House"],"picked":"Philosopher\u0027s Stone"},{"not_picked":["Cursed Key","Pandora\u0027s Box"],"picked":"Calling Bell"}],"items_purged_floors":[12,29,38],"is_endless":false,"potions_floor_spawned":[2,8,14,16,18,22,46,47],"killed_by":"Awakened One","ascension_level":20}