{"gold_per_floor":[117,137,137,137,137,170,170,200],"floor_reached":8,"playtime":303,"items_purged":[],"score":108,"play_id":"2200e3b6-1253-454d-bdb3-919e34f76b71","local_time":"20210601234619","is_ascension_mode":true,"campfire_choices":[{"data":"SashWhip","floor":7,"key":"SMITH"}],"neow_cost":"TEN_PERCENT_HP_LOSS","seed_source_timestamp":1028267209759700,"circlet_count":0,"master_deck":["AscendersBane","Strike_P","Strike_P","Strike_P","Defend_P","Defend_P","Defend_P","Defend_P","Eruption","Vigilance","FlurryOfBlows","FollowUp","SashWhip+1"],"relics":["PureWater","CaptainsWheel","CloakClasp","Juzu Bracelet"],"potions_floor_usage":[],"damage_taken":[{"damage":7,"enemies":"Small Slimes","floor":1,"turns":4},{"damage":0,"enemies":"2 Louse","floor":2,"turns":4},{"damage":13,"enemies":"Gremlin Nob","floor":6,"turns":3},{"damage":39,"enemies":"Lagavulin Event","floor":8,"turns":5}],"seed_played":"7052699308879034795","potions_obtained":[],"is_trial":false,"path_per_floor":["M","M","?","?","T","E","R","?"],"character_chosen":"WATCHER","items_purchased":[],"campfire_rested":0,"item_purchase_floors":[],"current_hp_per_floor":[54,54,47,47,47,34,34,0],"gold":200,"neow_bonus":"ONE_RARE_RELIC","is_prod":false,"is_daily":false,"chose_seed":false,"campfire_upgraded":1,"win_rate":0,"timestamp":1622616379,"path_taken":["M","M","?","?","?","E","R","?"],"build_version":"2020-12-18","purchased_purges":0,"victory":false,"max_hp_per_floor":[62,62,62,62,62,62,62,62],"relic_stats":{"counters":[4,16],"CloakClasp":[21],"Juzu Bracelet":1,"obtain_stats":[{"CaptainsWheel":0,"CloakClasp":5,"Juzu Bracelet":6,"PureWater":0},{"CaptainsWheel":0,"CloakClasp":2,"Juzu Bracelet":3,"PureWater":0},{"CaptainsWheel":0,"CloakClasp":8,"Juzu Bracelet":11,"PureWater":0}]},"card_choices":[{"not_picked":["Prostrate","FlyingSleeves"],"picked":"FlurryOfBlows","floor":1},{"not_picked":["ThirdEye","Consecrate"],"picked":"FollowUp","floor":2},{"not_picked":["WindmillStrike","ClearTheMind"],"picked":"SashWhip","floor":6}],"player_experience":3949171,"relics_obtained":[{"floor":5,"key":"CloakClasp"},{"floor":6,"key":"Juzu Bracelet"}],"event_choices":[{"cards_removed":["Strike_P"],"damage_healed":0,"gold_gain":0,"player_choice":"Card Removal","damage_taken":7,"max_hp_gain":0,"max_hp_loss":0,"event_name":"Golden Wing","floor":3,"gold_loss":0},{"damage_healed":0,"gold_gain":0,"player_choice":"Ignored","damage_taken":0,"max_hp_gain":0,"max_hp_loss":0,"event_name":"Liars Game","floor":4,"gold_loss":0},{"damage_healed":0,"gold_gain":30,"player_choice":"Searched \u00272\u0027 times","damage_taken":0,"max_hp_gain":0,"max_hp_loss":0,"event_name":"Dead Adventurer","floor":8,"gold_loss":0}],"is_beta":true,"boss_relics":[],"items_purged_floors":[],"is_endless":false,"potions_floor_spawned":[],"killed_by":"Lagavulin Event","ascension_level":20}