{"gold_per_floor":[119,133,145,195,40,40,66,66,90,38,65,86,120,136,136,208,208,226,226,226,226,246,246,261,292,315,315,333,333,362,19,19,93,93,93],"floor_reached":35,"playtime":3073,"items_purged":["Strike_P"],"score":1072,"play_id":"520b4a44-16d8-45a3-a1c4-272968ba37bf","local_time":"20210602155329","is_ascension_mode":true,"campfire_choices":[{"data":"CrushJoints","floor":6,"key":"SMITH"},{"data":"FearNoEvil","floor":8,"key":"SMITH"},{"floor":15,"key":"REST"},{"data":"Tantrum","floor":23,"key":"SMITH"},{"floor":27,"key":"REST"},{"data":"SpiritShield","floor":32,"key":"SMITH"}],"neow_cost":"NONE","seed_source_timestamp":1083524088163400,"circlet_count":0,"master_deck":["AscendersBane","Eruption+1","Vigilance+1","TalkToTheHand","LikeWater","CrushJoints+1","FearNoEvil+1","DevaForm","FlurryOfBlows","FlyingSleeves","BattleHymn","Evaluate","InnerPeace","Omniscience","Crescendo","Judgement","Perseverance","InnerPeace","ThirdEye","Tantrum+1","SpiritShield+1","Protect+1","EmptyBody","EmptyBody+1","Ghostly","Ghostly","Ghostly","Establishment"],"relics":["PureWater","Vajra","Ancient Tea Set","Pantograph","Odd Mushroom","War Paint","Pandora\u0027s Box","Incense Burner","Mummified Hand","Letter Opener","Gremlin Horn","Philosopher\u0027s Stone"],"potions_floor_usage":[13,25,33,35],"damage_taken":[{"damage":8,"enemies":"Jaw Worm","floor":1,"turns":7},{"damage":0,"enemies":"Cultist","floor":2,"turns":2},{"damage":5,"enemies":"2 Louse","floor":3,"turns":5},{"damage":7,"enemies":"3 Sentries","floor":7,"turns":8},{"damage":0,"enemies":"Gremlin Nob","floor":11,"turns":2},{"damage":16,"enemies":"The Mushroom Lair","floor":12,"turns":4},{"damage":23,"enemies":"3 Sentries","floor":13,"turns":7},{"damage":0,"enemies":"2 Fungi Beasts","floor":14,"turns":3},{"damage":0,"enemies":"The Guardian","floor":16,"turns":8},{"damage":16,"enemies":"2 Thieves","floor":18,"turns":3},{"damage":11,"enemies":"Shell Parasite","floor":22,"turns":3},{"damage":8,"enemies":"Shelled Parasite and Fungi","floor":24,"turns":8},{"damage":12,"enemies":"Slavers","floor":25,"turns":4},{"damage":15,"enemies":"Cultist and Chosen","floor":28,"turns":12},{"damage":5,"enemies":"Gremlin Leader","floor":30,"turns":13},{"damage":0,"enemies":"Collector","floor":33,"turns":10},{"damage":44,"enemies":"Orb Walker","floor":35,"turns":3}],"seed_played":"5864482001685910990","potions_obtained":[{"floor":3,"key":"FearPotion"},{"floor":12,"key":"SpeedPotion"},{"floor":13,"key":"Explosive Potion"},{"floor":22,"key":"Fire Potion"}],"is_trial":false,"path_per_floor":["M","M","M","?","$","R","E","R","T","$","E","?","E","M","R","B",null,"M","?","?","?","M","R","M","E","T","R","M","?","E","$","R","B",null,"M"],"character_chosen":"WATCHER","items_purchased":["FearNoEvil","FlurryOfBlows","Gremlin Horn","PowerPotion"],"campfire_rested":2,"item_purchase_floors":[5,10,31,31],"current_hp_per_floor":[53,53,48,48,48,48,41,41,41,41,41,25,2,2,22,47,63,47,47,47,47,36,36,28,16,16,36,21,21,16,16,16,34,34,0],"gold":93,"neow_bonus":"UPGRADE_CARD","is_prod":false,"is_daily":false,"chose_seed":false,"campfire_upgraded":4,"win_rate":0,"timestamp":1622674409,"path_taken":["M","M","M","?","?","R","E","R","T","$","E","?","E","M","R","BOSS","M","?","?","?","M","R","?","E","T","R","M","?","E","$","R","BOSS","M"],"build_version":"2020-12-18","purchased_purges":1,"victory":false,"max_hp_per_floor":[68,68,68,68,68,68,68,68,68,68,68,68,68,68,68,68,68,68,68,68,68,68,68,68,68,68,68,68,34,34,34,34,34,34,34],"relic_stats":{"Gremlin Horn":[2,2],"counters":[17,102],"Mummified Hand":[14],"Pantograph":43,"Pandora\u0027s Box":["Crescendo","Judgement","Perseverance","InnerPeace","ThirdEye","Tantrum","SpiritShield"],"Letter Opener":[25],"War Paint":["Vigilance","Defend_P"],"obtain_stats":[{"Gremlin Horn":31,"Mummified Hand":25,"Pantograph":11,"Vajra":7,"Pandora\u0027s Box":17,"Philosopher\u0027s Stone":34,"Incense Burner":21,"Letter Opener":30,"PureWater":0,"Odd Mushroom":12,"War Paint":13,"Ancient Tea Set":9},{"Gremlin Horn":15,"Mummified Hand":13,"Pantograph":5,"Vajra":4,"Pandora\u0027s Box":9,"Philosopher\u0027s Stone":16,"Incense Burner":10,"Letter Opener":15,"PureWater":0,"Odd Mushroom":6,"War Paint":7,"Ancient Tea Set":4},{"Gremlin Horn":89,"Mummified Hand":64,"Pantograph":24,"Vajra":22,"Pandora\u0027s Box":46,"Philosopher\u0027s Stone":99,"Incense Burner":49,"Letter Opener":89,"PureWater":0,"Odd Mushroom":28,"War Paint":35,"Ancient Tea Set":22}]},"card_choices":[{"not_picked":["Prostrate","CrushJoints"],"picked":"TalkToTheHand","floor":1},{"not_picked":["Crescendo","WindmillStrike"],"picked":"LikeWater","floor":2},{"not_picked":["PathToVictory","WindmillStrike"],"picked":"CrushJoints","floor":3},{"not_picked":["Sanctity","Wireheading"],"picked":"DevaForm","floor":7},{"not_picked":["WaveOfTheHand","ThirdEye"],"picked":"FlyingSleeves","floor":11},{"not_picked":["Study","SignatureMove"],"picked":"BattleHymn","floor":12},{"not_picked":["Weave","CrushJoints"],"picked":"Evaluate","floor":13},{"not_picked":["FollowUp","Consecrate"],"picked":"InnerPeace","floor":14},{"not_picked":["Vault","Blasphemy"],"picked":"Omniscience","floor":16},{"not_picked":["Worship","FlyingSleeves"],"picked":"Protect+1","floor":18},{"not_picked":["Vengeance","SashWhip"],"picked":"EmptyBody","floor":22},{"not_picked":["Pray","EmptyBody","Halt"],"picked":"SKIP","floor":24},{"not_picked":["Consecrate","Weave"],"picked":"EmptyBody+1","floor":25},{"not_picked":["Crescendo","ClearTheMind","Vengeance"],"picked":"SKIP","floor":28},{"not_picked":["JustLucky","SandsOfTime","EmptyFist"],"picked":"SKIP","floor":30},{"not_picked":["LessonLearned","ConjureBlade"],"picked":"Establishment","floor":33}],"player_experience":3953917,"relics_obtained":[{"floor":7,"key":"Vajra"},{"floor":9,"key":"Ancient Tea Set"},{"floor":11,"key":"Pantograph"},{"floor":12,"key":"Odd Mushroom"},{"floor":13,"key":"War Paint"},{"floor":21,"key":"Incense Burner"},{"floor":25,"key":"Mummified Hand"},{"floor":30,"key":"Letter Opener"}],"event_choices":[{"damage_healed":0,"gold_gain":50,"player_choice":"Pray","damage_taken":0,"max_hp_gain":0,"max_hp_loss":0,"event_name":"Golden Shrine","floor":4,"gold_loss":0},{"damage_healed":0,"gold_gain":0,"player_choice":"Fought Mushrooms","damage_taken":0,"max_hp_gain":0,"max_hp_loss":0,"event_name":"Mushrooms","floor":12,"gold_loss":0},{"damage_healed":0,"gold_gain":0,"player_choice":"Ignored","damage_taken":0,"max_hp_gain":0,"max_hp_loss":0,"event_name":"Beggar","floor":19,"gold_loss":0},{"damage_healed":0,"gold_gain":0,"player_choice":"Ignored","damage_taken":0,"max_hp_gain":0,"max_hp_loss":0,"event_name":"Vampires","floor":20,"gold_loss":0},{"damage_healed":0,"gold_gain":0,"player_choice":"Relic","damage_taken":0,"max_hp_gain":0,"max_hp_loss":0,"event_name":"Wheel of Change","floor":21,"gold_loss":0},{"damage_healed":0,"gold_gain":0,"player_choice":"Became a Ghost","damage_taken":0,"max_hp_gain":0,"max_hp_loss":34,"event_name":"Ghosts","floor":29,"gold_loss":0,"cards_obtained":["Ghostly","Ghostly","Ghostly"]}],"is_beta":true,"boss_relics":[{"not_picked":["Tiny House","Calling Bell"],"picked":"Pandora\u0027s Box"},{"not_picked":["Astrolabe","Fusion Hammer"],"picked":"Philosopher\u0027s Stone"}],"items_purged_floors":[5],"is_endless":false,"potions_floor_spawned":[3,12,13,16,22],"killed_by":"Orb Walker","ascension_level":20}