{"gold_per_floor":[114,126,54,71,89,116,116,131,154,5,5,5,23,85,97,210,222,253,315,340,396,388,400,48,61,87,131,142,142,156,156],"floor_reached":31,"playtime":2621,"items_purged":["PathToVictory"],"score":552,"play_id":"a6c9711a-cf34-4fda-93c6-c40ac3279247","local_time":"20210602174317","is_ascension_mode":true,"campfire_choices":[{"data":"WheelKick","floor":7.0,"key":"SMITH"},{"data":"Wish","floor":11.0,"key":"SMITH"},{"data":"Wallop","floor":15,"key":"SMITH"},{"data":"SpiritShield","floor":23,"key":"SMITH"},{"floor":29,"key":"REST"}],"neow_cost":"NONE","seed_source_timestamp":1090539072150900,"circlet_count":0,"master_deck":["AscendersBane","Eruption","Vigilance","Tantrum","ThirdEye","WheelKick+1","Wish+1","CutThroughFate","Wallop+1","SpiritShield+1","TalkToTheHand","Consecrate","DevaForm","FollowUp","Swivel","MentalFortress","SignatureMove","Judgement","Meditate","Tantrum","Conclude+1","EmptyBody","TalkToTheHand","Fasting2+1","Weave","Wireheading","DeusExMachina","Wallop","WaveOfTheHand","Sanctity","InnerPeace","LessonLearned","Nirvana"],"special_seed":0,"relics":["PureWater","Happy Flower","Eternal Feather","Pen Nib","Bronze Scales","MawBank","Pandora\u0027s Box","Orrery","Ancient Tea Set"],"potions_floor_usage":[18,30,31],"damage_taken":[{"damage":7.0,"enemies":"Jaw Worm","floor":1.0,"turns":5.0},{"damage":0.0,"enemies":"Cultist","floor":2.0,"turns":3.0},{"damage":9.0,"enemies":"2 Louse","floor":4.0,"turns":3.0},{"damage":11.0,"enemies":"Lots of Slimes","floor":5.0,"turns":3.0},{"damage":0.0,"enemies":"Gremlin Nob","floor":6.0,"turns":2.0},{"damage":0.0,"enemies":"Exordium Wildlife","floor":8.0,"turns":2.0},{"damage":5.0,"enemies":"Large Slime","floor":13.0,"turns":3.0},{"damage":10.0,"enemies":"3 Sentries","floor":14.0,"turns":8.0},{"damage":23,"enemies":"The Guardian","floor":16,"turns":12},{"damage":20,"enemies":"Shell Parasite","floor":18,"turns":4},{"damage":0,"enemies":"Chosen","floor":20,"turns":2},{"damage":4,"enemies":"3 Cultists","floor":21,"turns":4},{"damage":12,"enemies":"Chosen and Byrds","floor":25,"turns":5},{"damage":7,"enemies":"Centurion and Healer","floor":27,"turns":6},{"damage":24,"enemies":"Snake Plant","floor":28,"turns":4},{"damage":18,"enemies":"3 Cultists","floor":30,"turns":5},{"damage":31,"enemies":"Gremlin Leader","floor":31,"turns":4}],"seed_played":"147411735995051464","potions_obtained":[{"floor":4.0,"key":"SteroidPotion"},{"floor":5.0,"key":"Fire Potion"},{"floor":12.0,"key":"BlessingOfTheForge"},{"floor":14.0,"key":"GamblersBrew"},{"floor":16,"key":"Block Potion"},{"floor":21,"key":"EssenceOfSteel"},{"floor":22,"key":"CultistPotion"},{"floor":28,"key":"Strength Potion"},{"floor":30,"key":"CultistPotion"}],"is_trial":false,"path_per_floor":["M","M","?","M","M","E","R","M","T","$","R","?","M","E","R","B",null,"M","?","M","M","?","R","$","M","T","M","M","R","M","E"],"character_chosen":"WATCHER","items_purchased":["Wallop","SpiritShield","TalkToTheHand","Orrery","WaveOfTheHand"],"campfire_rested":1,"item_purchase_floors":[10,10,24,24,24],"current_hp_per_floor":[54,54,54,45,34,34,43,43,43,43,52,52,47,37,49,26,58,38,38,38,34,34,46,46,34,34,27,3,41,23,0],"gold":156,"neow_bonus":"RANDOM_COMMON_RELIC","is_prod":false,"is_daily":false,"chose_seed":false,"campfire_upgraded":4,"win_rate":0,"timestamp":1622680997,"path_taken":["M","M","?","?","?","E","R","M","T","$","R","?","?","E","R","BOSS","M","?","M","?","?","R","$","?","T","M","M","R","M","E"],"build_version":"2020-12-18","purchased_purges":1,"victory":false,"max_hp_per_floor":[68,68,68,68,68,68,68,68,68,68,68,68,68,68,68,68,68,68,68,68,68,68,68,68,68,68,68,68,68,68,68],"relic_stats":{"Happy Flower":[25],"counters":[17,75],"Bronze Scales":[170],"Eternal Feather":60,"Pandora\u0027s Box":["FollowUp","Swivel","MentalFortress","PathToVictory","SignatureMove","Judgement","Meditate","Tantrum"],"Pen Nib":[10],"MawBank":120,"obtain_stats":[{"Happy Flower":0,"Bronze Scales":9,"Orrery":24,"Eternal Feather":3,"Pandora\u0027s Box":17,"Pen Nib":6,"PureWater":0,"MawBank":14,"Ancient Tea Set":26},{"Happy Flower":0,"Bronze Scales":6,"Orrery":12,"Eternal Feather":2,"Pandora\u0027s Box":9,"Pen Nib":5,"PureWater":0,"MawBank":8,"Ancient Tea Set":13},{"Happy Flower":0,"Bronze Scales":18,"Orrery":51,"Eternal Feather":8,"Pandora\u0027s Box":41,"Pen Nib":16,"PureWater":0,"MawBank":29,"Ancient Tea Set":56}]},"card_choices":[{"not_picked":["Prostrate","Meditate"],"picked":"Tantrum","floor":1.0},{"not_picked":["SashWhip","FlyingSleeves"],"picked":"ThirdEye","floor":2.0},{"not_picked":["Consecrate","JustLucky"],"picked":"WheelKick","floor":4.0},{"not_picked":["JustLucky","PathToVictory","EmptyBody"],"picked":"SKIP","floor":5.0},{"not_picked":["SignatureMove","Ragnarok"],"picked":"Wish","floor":6.0},{"not_picked":["ThirdEye","WindmillStrike"],"picked":"CutThroughFate","floor":8.0},{"not_picked":["Prostrate","Establishment"],"picked":"TalkToTheHand","floor":13.0},{"not_picked":["EmptyFist","Pray"],"picked":"Consecrate","floor":14.0},{"not_picked":["Ragnarok","SpiritShield"],"picked":"DevaForm","floor":16},{"not_picked":["SashWhip","CarveReality"],"picked":"Conclude+1","floor":18},{"not_picked":["BowlingBash+1","Indignation"],"picked":"EmptyBody","floor":20},{"not_picked":["CarveReality","BowlingBash+1","Prostrate"],"picked":"SKIP","floor":21},{"not_picked":["CrushJoints","WreathOfFlame"],"picked":"Fasting2","floor":24},{"not_picked":["Perseverance","FearNoEvil"],"picked":"Weave","floor":24},{"not_picked":["EmptyFist","SandsOfTime"],"picked":"Wireheading","floor":24},{"not_picked":["ClearTheMind","ThirdEye"],"picked":"DeusExMachina","floor":24},{"not_picked":["PathToVictory","Protect+1"],"picked":"Wallop","floor":24},{"not_picked":["CrushJoints","Consecrate"],"picked":"Sanctity","floor":25},{"not_picked":["WaveOfTheHand","Consecrate"],"picked":"InnerPeace","floor":27},{"not_picked":["Consecrate","Worship"],"picked":"LessonLearned","floor":28},{"not_picked":["Adaptation","ThirdEye"],"picked":"Nirvana","floor":30}],"player_experience":3956990,"relics_obtained":[{"floor":6.0,"key":"Pen Nib"},{"floor":9.0,"key":"Bronze Scales"},{"floor":14.0,"key":"MawBank"},{"floor":26,"key":"Ancient Tea Set"}],"event_choices":[{"damage_healed":0.0,"max_hp_gain":0.0,"max_hp_loss":0.0,"gold_gain":0.0,"event_name":"WeMeetAgain","player_choice":"Paid Gold","floor":3.0,"gold_loss":72.0,"damage_taken":0.0,"relics_obtained":["Eternal Feather"]},{"damage_healed":0.0,"max_hp_gain":0.0,"max_hp_loss":0.0,"gold_gain":0.0,"event_name":"Lab","player_choice":"Got Potions","floor":12.0,"gold_loss":0.0,"damage_taken":0.0},{"damage_healed":0,"gold_gain":50,"player_choice":"Pray","damage_taken":0,"max_hp_gain":0,"max_hp_loss":0,"event_name":"Golden Shrine","floor":19,"gold_loss":0},{"damage_healed":0,"gold_gain":0,"player_choice":"Bought 1 Potion","damage_taken":0,"max_hp_gain":0,"max_hp_loss":0,"event_name":"The Woman in Blue","floor":22,"gold_loss":0}],"is_beta":true,"boss_relics":[{"not_picked":["Ectoplasm","Runic Pyramid"],"picked":"Pandora\u0027s Box"}],"items_purged_floors":[24],"is_endless":false,"potions_floor_spawned":[4,5,14,16,21,25,28,30],"killed_by":"Gremlin Leader","ascension_level":20}