{"gold_per_floor":[109,109,126,142,158,158,184,18,42,71,71,71],"floor_reached":12,"playtime":555,"items_purged":[],"score":176,"play_id":"2661cda9-bfd9-45ad-a499-31ea9d74a55c","local_time":"20210602144146","is_ascension_mode":true,"campfire_choices":[{"floor":6,"key":"REST"},{"floor":11,"key":"REST"}],"neow_cost":"NONE","seed_source_timestamp":1081740150034900,"circlet_count":0,"master_deck":["AscendersBane","Strike_P","Strike_P","Strike_P","Strike_P","Defend_P","Defend_P","Defend_P","Defend_P","Eruption","Vigilance","ClearTheMind","EmptyFist","Adaptation","DevaForm","Perseverance","Consecrate","Consecrate"],"relics":["PureWater","Boot","CultistMask","Juzu Bracelet","MealTicket","Pen Nib"],"potions_floor_usage":[10,12],"damage_taken":[{"damage":1,"enemies":"2 Louse","floor":1,"turns":4},{"damage":0,"enemies":"Cultist","floor":3,"turns":2},{"damage":14,"enemies":"Jaw Worm","floor":4,"turns":4},{"damage":18,"enemies":"3 Louse","floor":5,"turns":4},{"damage":29,"enemies":"3 Sentries","floor":7,"turns":11},{"damage":16,"enemies":"Gremlin Nob","floor":10,"turns":3},{"damage":29,"enemies":"Large Slime","floor":12,"turns":3}],"seed_played":"8884304698863199410","potions_obtained":[{"floor":10,"key":"BottledMiracle"}],"is_trial":false,"path_per_floor":["M","?","M","M","M","R","E","$","T","E","R","M"],"character_chosen":"WATCHER","items_purchased":["SteroidPotion","Consecrate","BlessingOfTheForge"],"campfire_rested":2,"item_purchase_floors":[8,8,8],"current_hp_per_floor":[60,60,60,46,28,48,19,19,19,3,23,0],"gold":71,"neow_bonus":"RANDOM_COMMON_RELIC","is_prod":false,"is_daily":false,"chose_seed":false,"campfire_upgraded":0,"win_rate":0,"timestamp":1622670106,"path_taken":["M","?","M","M","?","R","E","$","T","E","R","M"],"build_version":"2020-12-18","purchased_purges":0,"victory":false,"max_hp_per_floor":[68,68,68,68,68,68,68,68,68,68,68,68],"relic_stats":{"counters":[7,31],"MealTicket":0,"Pen Nib":[0],"Juzu Bracelet":0,"Boot":[2],"obtain_stats":[{"MealTicket":9,"CultistMask":2,"Pen Nib":10,"Juzu Bracelet":7,"PureWater":0,"Boot":0},{"MealTicket":5,"CultistMask":1,"Pen Nib":6,"Juzu Bracelet":5,"PureWater":0,"Boot":0},{"MealTicket":25,"CultistMask":4,"Pen Nib":28,"Juzu Bracelet":25,"PureWater":0,"Boot":0}]},"card_choices":[{"not_picked":["JustLucky","Evaluate"],"picked":"ClearTheMind","floor":1},{"not_picked":["CrushJoints","JustLucky"],"picked":"EmptyFist","floor":3},{"not_picked":["Consecrate","Indignation"],"picked":"Adaptation","floor":4},{"not_picked":["ForeignInfluence","EmptyBody"],"picked":"DevaForm","floor":5},{"not_picked":["ClearTheMind","Protect"],"picked":"Perseverance","floor":7},{"not_picked":["ClearTheMind","Protect"],"picked":"Consecrate","floor":10}],"player_experience":3953362,"relics_obtained":[{"floor":7,"key":"Juzu Bracelet"},{"floor":9,"key":"MealTicket"},{"floor":10,"key":"Pen Nib"}],"event_choices":[{"damage_healed":0,"gold_gain":0,"player_choice":"Trade","damage_taken":0,"relics_obtained":["CultistMask"],"max_hp_gain":0,"max_hp_loss":0,"event_name":"FaceTrader","floor":2,"gold_loss":0}],"is_beta":true,"boss_relics":[],"items_purged_floors":[],"is_endless":false,"potions_floor_spawned":[10],"killed_by":"Large Slime","ascension_level":20}