{"gold_per_floor":[113,133,133,157,232,232,265,265,314,353,368,387,421,217,217,313,313,336,349,40,90,40,104,104,150,150,12,12,55,98,153,153,243,243,298,313,231,286,347,347,413,413,413,474,487,487,100,113,113,113],"floor_reached":50,"playtime":4566,"items_purged":["Strike_P","Strike_P","Parasite"],"score":1449,"play_id":"f6096624-a6e2-45ee-ab49-f30dc651e930","local_time":"20210602222457","is_ascension_mode":true,"campfire_choices":[{"data":"EmptyFist","floor":6.0,"key":"SMITH"},{"data":"Eruption","floor":8.0,"key":"SMITH"},{"data":"Wish","floor":15.0,"key":"SMITH"},{"floor":24.0,"key":"REST"},{"floor":32.0,"key":"REST"},{"floor":40.0,"key":"RECALL"},{"data":"TalkToTheHand","floor":42.0,"key":"SMITH"},{"floor":46.0,"key":"REST"},{"data":"TalkToTheHand","floor":49.0,"key":"SMITH"}],"neow_cost":"NONE","seed_source_timestamp":1103215992254100,"circlet_count":0,"master_deck":["AscendersBane","Defend_P","Defend_P","Defend_P","Eruption+1","Vigilance","Conclude+1","CutThroughFate+1","BattleHymn+1","CutThroughFate","Consecrate","EmptyFist+1","DeceiveReality","WheelKick","Wish+1","FearNoEvil","FlurryOfBlows","Weave","Adaptation","DeusExMachina","EmptyBody+1","Wireheading","ThirdEye","TalkToTheHand","Meditate","TalkToTheHand+1","Halt","Establishment","DeceiveReality","ThirdEye","Nirvana","TalkToTheHand+1","Halt+1","Crescendo","Dark Shackles","TalkToTheHand+1"],"special_seed":0,"relics":["Astrolabe","Golden Idol","PreservedInsect","Smiling Mask","Mercury Hourglass","Oddly Smooth Stone","SlaversCollar","Membership Card","Regal Pillow","Mummified Hand","Sundial","Meat on the Bone","Pear","Cursed Key","TheAbacus","Pocketwatch","Akabeko","Boot","Toolbox","HornCleat"],"potions_floor_usage":[50],"damage_taken":[{"damage":0.0,"enemies":"Cultist","floor":1.0,"turns":2.0},{"damage":0.0,"enemies":"Small Slimes","floor":2.0,"turns":2.0},{"damage":7.0,"enemies":"Jaw Worm","floor":4.0,"turns":2.0},{"damage":0.0,"enemies":"Lagavulin","floor":7.0,"turns":3.0},{"damage":0.0,"enemies":"3 Sentries","floor":10.0,"turns":1.0},{"damage":9.0,"enemies":"Red Slaver","floor":11.0,"turns":3.0},{"damage":6.0,"enemies":"Exordium Thugs","floor":12.0,"turns":2.0},{"damage":0.0,"enemies":"Gremlin Nob","floor":13.0,"turns":3.0},{"damage":0.0,"enemies":"Slime Boss","floor":16.0,"turns":3.0},{"damage":17.0,"enemies":"Shell Parasite","floor":18.0,"turns":3.0},{"damage":0.0,"enemies":"Spheric Guardian","floor":19.0,"turns":1.0},{"damage":10.0,"enemies":"Cultist and Chosen","floor":21.0,"turns":5.0},{"damage":14.0,"enemies":"Slavers","floor":23.0,"turns":3.0},{"damage":20.0,"enemies":"Snake Plant","floor":25.0,"turns":6.0},{"damage":3.0,"enemies":"Snecko","floor":29.0,"turns":6.0},{"damage":21.0,"enemies":"Book of Stabbing","floor":30.0,"turns":3.0},{"damage":14.0,"enemies":"Centurion and Healer","floor":31.0,"turns":4.0},{"damage":4.0,"enemies":"Champ","floor":33.0,"turns":7.0},{"damage":13.0,"enemies":"3 Darklings","floor":35.0,"turns":5.0},{"damage":9.0,"enemies":"Orb Walker","floor":36.0,"turns":3.0},{"damage":13.0,"enemies":"4 Shapes","floor":38.0,"turns":7.0},{"damage":4.0,"enemies":"Mind Bloom Boss Battle","floor":39.0,"turns":6.0},{"damage":3.0,"enemies":"Nemesis","floor":41.0,"turns":7.0},{"damage":18.0,"enemies":"Reptomancer","floor":44.0,"turns":5.0},{"damage":23.0,"enemies":"Writhing Mass","floor":45.0,"turns":8.0},{"damage":0.0,"enemies":"Transient","floor":48.0,"turns":6.0},{"damage":66,"enemies":"Time Eater","floor":50,"turns":23}],"seed_played":"-5577807259446508179","potions_obtained":[{"floor":2.0,"key":"BlessingOfTheForge"},{"floor":7.0,"key":"DuplicationPotion"},{"floor":10.0,"key":"DuplicationPotion"},{"floor":25.0,"key":"LiquidBronze"},{"floor":29.0,"key":"SkillPotion"},{"floor":30.0,"key":"FearPotion"},{"floor":48.0,"key":"Dexterity Potion"}],"is_trial":false,"path_per_floor":["M","M","?","M","?","R","E","R","T","E","M","M","E","$","R","B",null,"M","M","$","M","?","E","R","M","T","$","?","M","E","M","R","B",null,"M","M","$","M","?","R","E","R","T","E","M","R","$","M","R","B"],"character_chosen":"WATCHER","items_purchased":["Weave","Adaptation","Membership Card","Wireheading","Regal Pillow","Meat on the Bone","TheAbacus","Toolbox","HornCleat","Ancient Potion","Crescendo","Dark Shackles"],"campfire_rested":3,"item_purchase_floors":[14,14,20,20,20,27,37,47,47,47,47,47],"current_hp_per_floor":[61,61,61,54,43,43,43,43,43,43,34,28,28,28,28,28,54,37,37,37,27,27,13,46,26,26,26,26,35,36,34,70,66,71,58,49,49,48,44,44,41,41,41,35,24,60,60,60,60,0],"gold":113,"neow_bonus":"BOSS_RELIC","is_prod":false,"is_daily":false,"chose_seed":false,"campfire_upgraded":5,"win_rate":0,"timestamp":1622697897,"path_taken":["M","M","?","M","?","R","E","R","T","E","M","M","E","?","R","BOSS","M","M","$","M","?","E","R","M","T","?","?","M","E","?","R","BOSS","M","M","$","M","?","R","E","R","T","E","M","R","$","M","R","BOSS"],"build_version":"2020-12-18","purchased_purges":3,"victory":false,"max_hp_per_floor":[68,68,62,62,62,62,62,62,62,62,62,62,62,62,62,62,62,62,62,62,62,62,62,62,62,62,62,62,62,72,72,72,72,72,72,72,72,72,72,72,72,72,72,72,72,72,69,69,69,69],"relic_stats":{"Regal Pillow":45,"counters":[27,129],"Golden Idol":153,"Astrolabe":["Conclude","CutThroughFate","BattleHymn"],"PreservedInsect":251,"Smiling Mask":38,"Cursed Key":1,"Boot":[14],"Mercury Hourglass":[386],"TheAbacus":[78],"Mummified Hand":[61],"Sundial":[10],"obtain_stats":[{"Regal Pillow":20,"Pear":30,"Golden Idol":3,"Astrolabe":0,"Oddly Smooth Stone":13,"PreservedInsect":7,"Smiling Mask":9,"Cursed Key":34,"Boot":44,"Akabeko":41,"Mercury Hourglass":10,"SlaversCollar":17,"TheAbacus":37,"HornCleat":47,"Mummified Hand":23,"Sundial":26,"Toolbox":47,"Membership Card":20,"PureWater":0,"Meat on the Bone":27,"Pocketwatch":39},{"Regal Pillow":11,"Pear":16,"Golden Idol":2,"Astrolabe":0,"Oddly Smooth Stone":8,"PreservedInsect":4,"Smiling Mask":4,"Cursed Key":18,"Boot":24,"Akabeko":23,"Mercury Hourglass":5,"SlaversCollar":9,"TheAbacus":20,"HornCleat":25,"Mummified Hand":13,"Sundial":14,"Toolbox":25,"Membership Card":11,"PureWater":0,"Meat on the Bone":14,"Pocketwatch":22},{"Regal Pillow":25,"Pear":48,"Golden Idol":4,"Astrolabe":0,"Oddly Smooth Stone":18,"PreservedInsect":9,"Smiling Mask":9,"Cursed Key":59,"Boot":92,"Akabeko":87,"Mercury Hourglass":10,"SlaversCollar":21,"TheAbacus":67,"HornCleat":100,"Mummified Hand":33,"Sundial":39,"Toolbox":100,"Membership Card":25,"PureWater":0,"Meat on the Bone":39,"Pocketwatch":80}],"Meat on the Bone":72,"Pocketwatch":[15]},"card_choices":[{"not_picked":["WaveOfTheHand","JustLucky"],"picked":"CutThroughFate","floor":1.0},{"not_picked":["Halt","WaveOfTheHand"],"picked":"Consecrate","floor":2.0},{"not_picked":["JustLucky","Conclude"],"picked":"EmptyFist","floor":4.0},{"not_picked":["JustLucky","Consecrate"],"picked":"DeceiveReality","floor":7.0},{"not_picked":["Study","MentalFortress"],"picked":"WheelKick","floor":10.0},{"not_picked":["Swivel","Protect"],"picked":"Wish","floor":11.0},{"not_picked":["BattleHymn","Wallop"],"picked":"FearNoEvil","floor":12.0},{"not_picked":["SashWhip","Devotion"],"picked":"FlurryOfBlows","floor":13.0},{"not_picked":["Blasphemy","SpiritShield"],"picked":"DeusExMachina","floor":16.0},{"not_picked":["Evaluate","Conclude","EmptyFist"],"picked":"SKIP","floor":18.0},{"not_picked":["Protect","EmptyFist"],"picked":"EmptyBody","floor":19.0},{"not_picked":["Consecrate+1","Wish"],"picked":"ThirdEye","floor":21.0},{"not_picked":["DeceiveReality","FlyingSleeves"],"picked":"TalkToTheHand","floor":23.0},{"not_picked":["Prostrate","Wallop"],"picked":"Meditate","floor":25.0},{"not_picked":["Protect","Consecrate","Wireheading"],"picked":"SKIP","floor":29.0},{"not_picked":["JustLucky","Indignation","Meditate"],"picked":"SKIP","floor":30.0},{"not_picked":["Consecrate","BowlingBash"],"picked":"Halt","floor":31.0},{"not_picked":["Blasphemy","Omniscience"],"picked":"Establishment","floor":33.0},{"not_picked":["InnerPeace","Adaptation"],"picked":"DeceiveReality","floor":35.0},{"not_picked":["FollowUp+1","CrushJoints+1"],"picked":"ThirdEye","floor":36.0},{"not_picked":["FollowUp","Crescendo"],"picked":"Nirvana","floor":38.0},{"not_picked":["Ragnarok","Pray"],"picked":"TalkToTheHand+1","floor":41.0},{"not_picked":["Consecrate","SignatureMove+1"],"picked":"Halt+1","floor":44.0},{"not_picked":["Swivel+1","Conclude","Sanctity"],"picked":"SKIP","floor":45.0},{"not_picked":["ThirdEye","Prostrate"],"picked":"TalkToTheHand","floor":48.0}],"player_experience":3959611,"relics_obtained":[{"floor":7.0,"key":"PreservedInsect"},{"floor":9.0,"key":"Smiling Mask"},{"floor":10.0,"key":"Mercury Hourglass"},{"floor":13.0,"key":"Oddly Smooth Stone"},{"floor":23.0,"key":"Mummified Hand"},{"floor":26.0,"key":"Sundial"},{"floor":30.0,"key":"Pear"},{"floor":39.0,"key":"Pocketwatch"},{"floor":41.0,"key":"Akabeko"},{"floor":44.0,"key":"Boot"}],"event_choices":[{"damage_healed":0.0,"max_hp_gain":0.0,"max_hp_loss":6.0,"gold_gain":0.0,"event_name":"Golden Idol","player_choice":"Lose Max HP","floor":3.0,"gold_loss":0.0,"damage_taken":0.0,"relics_obtained":["Golden Idol"]},{"damage_healed":0.0,"max_hp_gain":0.0,"max_hp_loss":0.0,"gold_gain":75.0,"event_name":"World of Goop","player_choice":"Gather Gold","floor":5.0,"gold_loss":0.0,"damage_taken":11.0},{"damage_healed":0.0,"max_hp_gain":0.0,"max_hp_loss":0.0,"gold_gain":0.0,"event_name":"Designer","player_choice":"Upgrade","floor":22.0,"gold_loss":50.0,"damage_taken":0.0,"cards_upgraded":["EmptyBody"]},{"damage_healed":0.0,"max_hp_gain":0.0,"max_hp_loss":0.0,"gold_gain":0.0,"event_name":"The Library","player_choice":"Read","floor":28.0,"gold_loss":0.0,"damage_taken":0.0,"cards_obtained":["TalkToTheHand"]},{"damage_healed":0.0,"max_hp_gain":0.0,"max_hp_loss":0.0,"gold_gain":0.0,"event_name":"MindBloom","player_choice":"Fight","floor":39.0,"gold_loss":0.0,"damage_taken":0.0}],"is_beta":true,"boss_relics":[{"not_picked":["Fusion Hammer","Runic Dome"],"picked":"SlaversCollar"},{"not_picked":["Empty Cage","Pandora\u0027s Box"],"picked":"Cursed Key"}],"items_purged_floors":[14,20,47],"is_endless":false,"potions_floor_spawned":[2,7,10,19,25,29,30,33,35,36,38,48],"killed_by":"Time Eater","ascension_level":20}