{"gold_per_floor":[118,135,51,62,62,62,97,97,148,148,162,162,162],"floor_reached":13,"playtime":489,"items_purged":[],"score":166,"play_id":"d2f391d6-667a-4107-95b2-a95b9cd1b738","local_time":"20210601235439","is_ascension_mode":true,"campfire_choices":[{"data":"Ragnarok","floor":6,"key":"SMITH"},{"data":"FollowUp","floor":8,"key":"SMITH"},{"floor":10,"key":"REST"},{"floor":12,"key":"REST"}],"neow_cost":"TEN_PERCENT_HP_LOSS","seed_source_timestamp":1028581960756400,"circlet_count":0,"master_deck":["AscendersBane","Strike_P","Strike_P","Strike_P","Defend_P+1","Defend_P","Defend_P","Eruption","Vigilance","WreathOfFlame","Establishment","FollowUp+1","LikeWater","Ragnarok+1","EmptyMind+1","Scrawl"],"relics":["PureWater","War Paint","MealTicket"],"potions_floor_usage":[],"damage_taken":[{"damage":0,"enemies":"Small Slimes","floor":1,"turns":2},{"damage":0,"enemies":"2 Louse","floor":2,"turns":2},{"damage":0,"enemies":"Jaw Worm","floor":4,"turns":1},{"damage":59,"enemies":"Gremlin Nob","floor":7,"turns":5},{"damage":13,"enemies":"Large Slime","floor":11,"turns":2},{"damage":32,"enemies":"3 Sentries","floor":13,"turns":3}],"seed_played":"8550506797696276578","potions_obtained":[{"floor":2,"key":"LiquidBronze"},{"floor":11,"key":"LiquidBronze"}],"is_trial":false,"path_per_floor":["M","M","$","M","?","R","E","R","T","R","M","R","E"],"character_chosen":"WATCHER","items_purchased":["Ragnarok"],"campfire_rested":2,"item_purchase_floors":[3],"current_hp_per_floor":[61,61,61,61,61,61,2,2,2,20,7,25,0],"gold":162,"neow_bonus":"TRANSFORM_TWO_CARDS","is_prod":false,"is_daily":false,"chose_seed":false,"campfire_upgraded":2,"win_rate":0,"timestamp":1622616879,"path_taken":["M","M","$","M","?","R","E","R","T","R","M","R","E"],"build_version":"2020-12-18","purchased_purges":0,"victory":false,"max_hp_per_floor":[62,62,62,62,62,62,62,62,62,62,62,62,62],"relic_stats":{"counters":[6,15],"MealTicket":0,"War Paint":["Defend_P","EmptyMind"],"obtain_stats":[{"MealTicket":9,"PureWater":0,"War Paint":7},{"MealTicket":4,"PureWater":0,"War Paint":4},{"MealTicket":10,"PureWater":0,"War Paint":10}]},"card_choices":[{"not_picked":["ThirdEye","Consecrate"],"picked":"FollowUp","floor":1},{"not_picked":["Study","SashWhip"],"picked":"LikeWater","floor":2},{"not_picked":["ReachHeaven","SignatureMove"],"picked":"EmptyMind","floor":4},{"not_picked":["Evaluate","JustLucky","BattleHymn"],"picked":"SKIP","floor":7},{"not_picked":["EmptyFist","Evaluate"],"picked":"Scrawl","floor":11}],"player_experience":3949474,"relics_obtained":[{"floor":7,"key":"War Paint"},{"floor":9,"key":"MealTicket"}],"event_choices":[{"damage_healed":0,"gold_gain":0,"player_choice":"Ignored","damage_taken":0,"max_hp_gain":0,"max_hp_loss":0,"event_name":"Liars Game","floor":5,"gold_loss":0}],"is_beta":true,"boss_relics":[],"items_purged_floors":[],"is_endless":false,"potions_floor_spawned":[2,11],"killed_by":"3 Sentries","ascension_level":20}