{"gold_per_floor":[17,33,33,47,47,47,83,183,183,197,233,233,233],"floor_reached":13,"playtime":788,"items_purged":[],"score":286,"play_id":"56fca0e9-33b2-466a-954e-be6b74b05afa","local_time":"20210603163947","is_ascension_mode":true,"campfire_choices":[{"data":"WheelKick","floor":6,"key":"SMITH"},{"data":"Eruption","floor":12,"key":"SMITH"}],"neow_cost":"NO_GOLD","seed_source_timestamp":1174988238041100,"circlet_count":0,"master_deck":["AscendersBane","Strike_P","Strike_P","Strike_P","Strike_P","Defend_P","Defend_P","Defend_P","Defend_P","Eruption+1","Vigilance","WheelKick+1","FlyingSleeves","ThirdEye","Halt","Omniscience"],"relics":["PureWater","Peace Pipe","Golden Idol","Singing Bowl","Regal Pillow","HornCleat"],"potions_floor_usage":[7,11],"damage_taken":[{"damage":4,"enemies":"Small Slimes","floor":1,"turns":4},{"damage":0,"enemies":"2 Louse","floor":2,"turns":2},{"damage":1,"enemies":"Cultist","floor":4,"turns":3},{"damage":0,"enemies":"3 Sentries","floor":7,"turns":2},{"damage":0,"enemies":"2 Fungi Beasts","floor":10,"turns":3},{"damage":0,"enemies":"Gremlin Nob","floor":11,"turns":2},{"damage":59,"enemies":"Gremlin Gang","floor":13,"turns":3}],"seed_played":"-6340116811290454695","potions_obtained":[{"floor":1,"key":"Ambrosia"},{"floor":7,"key":"BottledMiracle"},{"floor":10,"key":"Explosive Potion"}],"is_trial":false,"path_per_floor":["M","M","?","M","?","R","E","?","T","M","E","R","M"],"character_chosen":"WATCHER","items_purchased":[],"campfire_rested":0,"item_purchase_floors":[],"current_hp_per_floor":[57,57,57,56,56,56,58,58,58,58,58,58,0],"gold":233,"neow_bonus":"ONE_RARE_RELIC","is_prod":false,"is_daily":false,"chose_seed":false,"campfire_upgraded":2,"win_rate":0,"timestamp":1622763587,"path_taken":["M","M","?","M","?","R","E","?","T","M","E","R","?"],"build_version":"2020-12-18","purchased_purges":0,"victory":false,"max_hp_per_floor":[68,68,62,62,62,62,64,64,64,64,64,64,64],"relic_stats":{"Peace Pipe":0,"Regal Pillow":0,"Singing Bowl":2,"counters":[7,19],"Golden Idol":20,"obtain_stats":[{"Peace Pipe":0,"Regal Pillow":9,"HornCleat":11,"Singing Bowl":7,"Golden Idol":3,"PureWater":0},{"Peace Pipe":0,"Regal Pillow":4,"HornCleat":6,"Singing Bowl":4,"Golden Idol":2,"PureWater":0},{"Peace Pipe":0,"Regal Pillow":11,"HornCleat":16,"Singing Bowl":11,"Golden Idol":6,"PureWater":0}]},"card_choices":[{"not_picked":["Fasting2","Pray"],"picked":"WheelKick","floor":1},{"not_picked":["Pray","Prostrate"],"picked":"FlyingSleeves","floor":2},{"not_picked":["EmptyBody","Worship"],"picked":"ThirdEye","floor":4},{"not_picked":["EmptyMind","Evaluate","EmptyBody"],"picked":"Singing Bowl","floor":7},{"not_picked":["FlurryOfBlows","BowlingBash"],"picked":"Halt","floor":10},{"not_picked":["FlurryOfBlows","Alpha"],"picked":"Omniscience","floor":11}],"player_experience":3971720,"relics_obtained":[{"floor":7,"key":"Singing Bowl"},{"floor":9,"key":"Regal Pillow"},{"floor":11,"key":"HornCleat"}],"event_choices":[{"damage_healed":0,"gold_gain":0,"player_choice":"Lose Max HP","damage_taken":0,"relics_obtained":["Golden Idol"],"max_hp_gain":0,"max_hp_loss":6,"event_name":"Golden Idol","floor":3,"gold_loss":0},{"damage_healed":0,"gold_gain":0,"player_choice":"Ignored","damage_taken":0,"max_hp_gain":0,"max_hp_loss":0,"event_name":"Liars Game","floor":5,"gold_loss":0},{"damage_healed":0,"gold_gain":100,"player_choice":"Gold","damage_taken":0,"max_hp_gain":0,"max_hp_loss":0,"event_name":"Wheel of Change","floor":8,"gold_loss":0}],"is_beta":true,"boss_relics":[],"items_purged_floors":[],"is_endless":false,"potions_floor_spawned":[1,7,10],"killed_by":"Gremlin Gang","ascension_level":20}