{"gold_per_floor":[369,369,389,464,478,478,508,508,531,548,558,558,569,594,594,673,673,686,686,72,86,86,86,86],"floor_reached":24,"playtime":1138,"items_purged":["Strike_P"],"score":462,"play_id":"49e81332-86b6-4aba-ab1b-d2eae73bba9d","local_time":"20210602001501","is_ascension_mode":true,"campfire_choices":[{"floor":6.0,"key":"REST"},{"data":"EmptyFist","floor":8.0,"key":"SMITH"},{"floor":12.0,"key":"REST"},{"data":"Halt","floor":15.0,"key":"SMITH"},{"data":"Consecrate","floor":23,"key":"SMITH"}],"neow_cost":"PERCENT_DAMAGE","seed_source_timestamp":1029083295003900,"circlet_count":0,"master_deck":["AscendersBane","Strike_P","Strike_P","Strike_P","Defend_P","Defend_P","Defend_P","Defend_P","Eruption","Vigilance","EmptyFist+1","Tantrum","CrushJoints","FearNoEvil","Halt+1","DeusExMachina","ThirdEye","Necronomicurse","MentalFortress","Consecrate+1"],"special_seed":0,"relics":["PureWater","Bag of Preparation","Orichalcum","Damaru","GoldenEye","VioletLotus","Necronomicon","Pear","Bronze Scales"],"potions_floor_usage":[21],"damage_taken":[{"damage":0.0,"enemies":"2 Louse","floor":1.0,"turns":5.0},{"damage":1.0,"enemies":"Small Slimes","floor":3.0,"turns":3.0},{"damage":2.0,"enemies":"Jaw Worm","floor":5.0,"turns":4.0},{"damage":22.0,"enemies":"3 Sentries","floor":7.0,"turns":9.0},{"damage":4.0,"enemies":"3 Louse","floor":10.0,"turns":5.0},{"damage":0.0,"enemies":"2 Fungi Beasts","floor":11.0,"turns":2.0},{"damage":1.0,"enemies":"Red Slaver","floor":13.0,"turns":2.0},{"damage":0.0,"enemies":"Gremlin Nob","floor":14.0,"turns":2.0},{"damage":24.0,"enemies":"The Guardian","floor":16.0,"turns":12.0},{"damage":12.0,"enemies":"Chosen","floor":18.0,"turns":4.0},{"damage":9,"enemies":"2 Thieves","floor":21,"turns":4},{"damage":24,"enemies":"Gremlin Leader","floor":24,"turns":3}],"seed_played":"5898875777880445657","potions_obtained":[{"floor":3.0,"key":"SteroidPotion"},{"floor":7.0,"key":"FearPotion"},{"floor":13.0,"key":"BlessingOfTheForge"},{"floor":16.0,"key":"DuplicationPotion"},{"floor":21,"key":"Ambrosia"}],"is_trial":false,"path_per_floor":["M","?","M","?","M","R","E","R","T","M","M","R","M","E","R","B",null,"M","?","$","M","?","R","E"],"character_chosen":"WATCHER","items_purchased":["MentalFortress","Pear","Bronze Scales","AttackPotion"],"campfire_rested":2,"item_purchase_floors":[20,20,20,20],"current_hp_per_floor":[43,32,31,20,18,38,16,16,16,12,12,32,31,31,31,7,53,41,20,30,21,21,21,0],"gold":86,"neow_bonus":"TWO_FIFTY_GOLD","is_prod":false,"is_daily":false,"chose_seed":false,"campfire_upgraded":3,"win_rate":0,"timestamp":1622618101,"path_taken":["M","?","M","?","M","R","E","R","T","M","M","R","M","E","R","BOSS","M","?","$","M","?","R","E"],"build_version":"2020-12-18","purchased_purges":1,"victory":false,"max_hp_per_floor":[68,68,68,68,68,68,68,68,68,68,68,68,68,68,68,68,68,68,68,78,78,78,78,78],"relic_stats":{"counters":[12,55],"Bronze Scales":[18],"VioletLotus":[1],"Bag of Preparation":[23],"Necronomicon":[3],"Orichalcum":[72],"GoldenEye":[0],"obtain_stats":[{"Pear":20,"Bronze Scales":20,"Damaru":9,"VioletLotus":17,"Bag of Preparation":2,"Necronomicon":19,"PureWater":0,"Orichalcum":7,"GoldenEye":14},{"Pear":10,"Bronze Scales":10,"Damaru":4,"VioletLotus":9,"Bag of Preparation":1,"Necronomicon":10,"PureWater":0,"Orichalcum":4,"GoldenEye":8},{"Pear":48,"Bronze Scales":48,"Damaru":21,"VioletLotus":44,"Bag of Preparation":5,"Necronomicon":48,"PureWater":0,"Orichalcum":21,"GoldenEye":32}]},"card_choices":[{"not_picked":["Halt","CarveReality"],"picked":"EmptyFist","floor":1.0},{"not_picked":["Swivel","Evaluate","Sanctity"],"picked":"SKIP","floor":3.0},{"not_picked":["Consecrate","EmptyBody"],"picked":"Tantrum","floor":5.0},{"not_picked":["Prostrate","Sanctity"],"picked":"CrushJoints","floor":7.0},{"not_picked":["EmptyBody","FlyingSleeves"],"picked":"FearNoEvil","floor":10.0},{"not_picked":["MasterReality","Study"],"picked":"Halt","floor":11.0},{"not_picked":["PathToVictory","WindmillStrike","Study"],"picked":"SKIP","floor":13.0},{"not_picked":["Evaluate","ReachHeaven","PathToVictory"],"picked":"SKIP","floor":14.0},{"not_picked":["Establishment","Brilliance"],"picked":"DeusExMachina","floor":16.0},{"not_picked":["Halt","FollowUp"],"picked":"ThirdEye","floor":18.0},{"not_picked":["ClearTheMind","EmptyFist"],"picked":"Consecrate","floor":21}],"player_experience":3949963,"relics_obtained":[{"floor":7.0,"key":"Orichalcum"},{"floor":9.0,"key":"Damaru"},{"floor":14.0,"key":"GoldenEye"},{"floor":19.0,"key":"Necronomicon"}],"event_choices":[{"damage_healed":0.0,"max_hp_gain":0.0,"max_hp_loss":0.0,"gold_gain":0.0,"event_name":"Scrap Ooze","player_choice":"Success","floor":2.0,"gold_loss":0.0,"damage_taken":11.0,"relics_obtained":["Bag of Preparation"]},{"damage_healed":0.0,"max_hp_gain":0.0,"max_hp_loss":0.0,"gold_gain":75.0,"event_name":"World of Goop","player_choice":"Gather Gold","floor":4.0,"gold_loss":0.0,"damage_taken":11.0},{"damage_healed":0.0,"max_hp_gain":0.0,"max_hp_loss":0.0,"gold_gain":0.0,"event_name":"Cursed Tome","player_choice":"Obtained Book","floor":19.0,"gold_loss":0.0,"damage_taken":21.0},{"damage_healed":0,"gold_gain":0,"player_choice":"Ignored","damage_taken":0,"max_hp_gain":0,"max_hp_loss":0,"event_name":"Vampires","floor":22,"gold_loss":0}],"is_beta":true,"boss_relics":[{"not_picked":["HolyWater","Sozu"],"picked":"VioletLotus"}],"items_purged_floors":[20],"is_endless":false,"potions_floor_spawned":[3,7,13,16,21],"killed_by":"Gremlin Leader","ascension_level":20}