{"gold_per_floor":[362,374,449,263,263,289,289,319,345,371,386,386,386,404,404,479,479,495,0,0,45,45,45,102,26,26,58,58,88,148,191,191,265,265,281,77,97,144,194,194,223,281,281,336,352,431,431,462,462,462,487,487,487,0,31,31],"floor_reached":57,"playtime":5282,"items_purged":["Strike_P","Strike_P+1"],"score":3270,"play_id":"c8856233-a6a1-4894-984e-9707895113b4","local_time":"20210601184743","is_ascension_mode":true,"campfire_choices":[{"floor":7.0,"key":"REST"},{"data":"WheelKick","floor":12.0,"key":"SMITH"},{"data":"Worship","floor":15.0,"key":"SMITH"},{"floor":23.0,"key":"REST"},{"data":"TalkToTheHand","floor":28.0,"key":"SMITH"},{"floor":32.0,"key":"REST"},{"floor":40.0,"key":"REST"},{"floor":49,"key":"RECALL"},{"data":"TalkToTheHand","floor":53,"key":"SMITH"}],"neow_cost":"PERCENT_DAMAGE","seed_source_timestamp":0,"circlet_count":0,"master_deck":["AscendersBane","Strike_P+1","Defend_P+1","Defend_P+1","Defend_P+1","Eruption","Vigilance","FlurryOfBlows","WheelKick+1","CutThroughFate","Meditate+1","SashWhip","Halt+1","ThirdEye","Weave","Worship+1","Wish","Halt+1","CutThroughFate","InnerPeace+1","Consecrate+1","TalkToTheHand+1","TalkToTheHand+1","InnerPeace+1","EmptyBody+1","MentalFortress","Adaptation","Scrawl+1","FearNoEvil+1","Tantrum","ClearTheMind+1","WaveOfTheHand+1","Sanctity+1","Weave","JustLucky","CutThroughFate+1","Master of Strategy+1","LikeWater","ThirdEye+1"],"special_seed":0,"relics":["PureWater","PreservedInsect","Incense Burner","StoneCalendar","War Paint","InkBottle","Black Star","Toxic Egg 2","ClockworkSouvenir","Strawberry","Pen Nib","Question Card","Dream Catcher","Shuriken","Tiny Chest","WingedGreaves","Regal Pillow","Pantograph","SlaversCollar","Bag of Preparation","Torii","Art of War","Pear","CaptainsWheel","Bag of Marbles","The Courier","Kunai","Boot","Omamori","Eternal Feather","Sling","Calipers","Orichalcum"],"potions_floor_usage":[48,56],"damage_taken":[{"damage":2.0,"enemies":"Jaw Worm","floor":1.0,"turns":4.0},{"damage":2.0,"enemies":"Small Slimes","floor":2.0,"turns":3.0},{"damage":0.0,"enemies":"Lagavulin","floor":6.0,"turns":3.0},{"damage":4.0,"enemies":"Gremlin Nob","floor":8.0,"turns":3.0},{"damage":22.0,"enemies":"Lagavulin","floor":10.0,"turns":7.0},{"damage":0.0,"enemies":"Cultist","floor":11.0,"turns":3.0},{"damage":0.0,"enemies":"Gremlin Gang","floor":14.0,"turns":1.0},{"damage":3.0,"enemies":"The Guardian","floor":16.0,"turns":7.0},{"damage":12.0,"enemies":"Shell Parasite","floor":18.0,"turns":4.0},{"damage":13.0,"enemies":"Spheric Guardian","floor":21.0,"turns":4.0},{"damage":0.0,"enemies":"Gremlin Leader","floor":24.0,"turns":7.0},{"damage":10.0,"enemies":"Book of Stabbing","floor":27.0,"turns":4.0},{"damage":2.0,"enemies":"Gremlin Leader","floor":29.0,"turns":4.0},{"damage":29.0,"enemies":"Book of Stabbing","floor":30.0,"turns":7.0},{"damage":5.0,"enemies":"Centurion and Healer","floor":31.0,"turns":9.0},{"damage":60.0,"enemies":"Automaton","floor":33.0,"turns":9.0},{"damage":25.0,"enemies":"3 Shapes","floor":35.0,"turns":3.0},{"damage":0.0,"enemies":"Orb Walker","floor":37.0,"turns":3.0},{"damage":14.0,"enemies":"2 Orb Walkers","floor":38.0,"turns":5.0},{"damage":2.0,"enemies":"Reptomancer","floor":41.0,"turns":7.0},{"damage":1.0,"enemies":"Giant Head","floor":42.0,"turns":6.0},{"damage":16.0,"enemies":"Nemesis","floor":44.0,"turns":5.0},{"damage":1.0,"enemies":"Sphere and 2 Shapes","floor":45.0,"turns":5.0},{"damage":25,"enemies":"Reptomancer","floor":48,"turns":3},{"damage":18,"enemies":"Donu and Deca","floor":50,"turns":7},{"damage":39,"enemies":"Time Eater","floor":51,"turns":17},{"damage":3,"enemies":"Shield and Spear","floor":55,"turns":6},{"damage":0,"enemies":"The Heart","floor":56,"turns":7}],"seed_played":"3346240769824106521","potions_obtained":[{"floor":1.0,"key":"StancePotion"},{"floor":2.0,"key":"SkillPotion"},{"floor":8.0,"key":"LiquidBronze"},{"floor":11.0,"key":"AttackPotion"},{"floor":24.0,"key":"LiquidBronze"},{"floor":29.0,"key":"Weak Potion"},{"floor":31.0,"key":"Strength Potion"},{"floor":41.0,"key":"Dexterity Potion"},{"floor":42.0,"key":"LiquidMemories"},{"floor":45.0,"key":"BottledMiracle"}],"is_trial":false,"path_per_floor":["M","M","?","$","?","E","R","E","T","E","M","R","?","M","R","B",null,"M","$","?","M","?","R","E","$","T","E","R","E","E","M","R","B",null,"M","$","M","?","?","R","E","E","T","E","M","T","?","E","R","B","B",null,"R","$","E","B",null],"character_chosen":"WATCHER","items_purchased":["CutThroughFate","Meditate","Toxic Egg 2","ClockworkSouvenir","Halt+1","TalkToTheHand","Tantrum","Bag of Preparation","DuplicationPotion","Sling","Master of Strategy+1","LikeWater"],"campfire_rested":4,"item_purchase_floors":[4,4,19,19,19,25,36,36,54,54,54,54],"current_hp_per_floor":[41,39,28,28,23,23,43,39,39,17,17,17,17,17,17,14,55,43,43,43,30,30,50,57,57,57,47,47,45,16,11,48,13,60,35,35,35,21,21,58,66,65,65,49,48,48,48,23,44,51,37,73,85,85,82,85],"gold":31,"neow_bonus":"TWO_FIFTY_GOLD","is_prod":false,"is_daily":false,"chose_seed":false,"campfire_upgraded":4,"win_rate":0,"timestamp":1622598463,"path_taken":["M","M","?","$","?","E","R","E","T","E","M","R","?","M","R","BOSS","M","$","?","?","?","R","E","$","T","E","R","E","E","M","R","BOSS","M","$","M","?","?","R","E","E","T","E","?","?","?","E","R","BOSS","BOSS","R","$","E","BOSS"],"build_version":"2020-12-18","purchased_purges":2,"victory":true,"max_hp_per_floor":[68,68,68,68,68,68,68,68,68,68,68,68,68,68,68,68,68,68,68,68,68,68,68,75,75,75,75,75,75,75,75,75,75,75,75,75,75,75,75,75,85,85,85,85,85,85,85,85,85,85,85,85,85,85,85,85],"relic_stats":{"Regal Pillow":30,"Torii":27,"counters":[28,153],"StoneCalendar":[156],"Eternal Feather":33,"PreservedInsect":645,"Pen Nib":[33],"Bag of Preparation":[22],"War Paint":["Meditate","Halt"],"Orichalcum":[0],"Question Card":17,"Boot":[25],"Dream Catcher":2,"Shuriken":[78],"Pantograph":78,"Tiny Chest":1,"Black Star":9,"Art of War":[6],"Kunai":[45],"obtain_stats":[{"Regal Pillow":30,"Calipers":55,"Torii":38,"StoneCalendar":8,"Incense Burner":6,"Bag of Preparation":36,"Boot":44,"Sling":54,"ClockworkSouvenir":19,"Dream Catcher":27,"Strawberry":24,"Pantograph":30,"Tiny Chest":29,"WingedGreaves":29,"Kunai":44,"Toxic Egg 2":19,"InkBottle":10,"Pear":41,"Eternal Feather":48,"PreservedInsect":5,"Pen Nib":24,"The Courier":43,"Omamori":48,"War Paint":9,"Orichalcum":55,"Question Card":26,"SlaversCollar":34,"CaptainsWheel":42,"Shuriken":27,"Black Star":17,"Art of War":41,"Bag of Marbles":42,"PureWater":0},{"Regal Pillow":14,"Calipers":27,"Torii":19,"StoneCalendar":4,"Incense Burner":3,"Bag of Preparation":17,"Boot":22,"Sling":26,"ClockworkSouvenir":9,"Dream Catcher":12,"Strawberry":11,"Pantograph":14,"Tiny Chest":13,"WingedGreaves":13,"Kunai":22,"Toxic Egg 2":9,"InkBottle":5,"Pear":20,"Eternal Feather":24,"PreservedInsect":2,"Pen Nib":11,"The Courier":21,"Omamori":24,"War Paint":4,"Orichalcum":27,"Question Card":11,"SlaversCollar":16,"CaptainsWheel":21,"Shuriken":12,"Black Star":8,"Art of War":20,"Bag of Marbles":21,"PureWater":0},{"Regal Pillow":61,"Calipers":146,"Torii":90,"StoneCalendar":13,"Incense Burner":10,"Bag of Preparation":82,"Boot":108,"Sling":140,"ClockworkSouvenir":35,"Dream Catcher":50,"Strawberry":46,"Pantograph":61,"Tiny Chest":54,"WingedGreaves":54,"Kunai":108,"Toxic Egg 2":35,"InkBottle":20,"Pear":97,"Eternal Feather":116,"PreservedInsect":7,"Pen Nib":46,"The Courier":103,"Omamori":116,"War Paint":13,"Orichalcum":146,"Question Card":46,"SlaversCollar":79,"CaptainsWheel":103,"Shuriken":50,"Black Star":31,"Art of War":97,"Bag of Marbles":103,"PureWater":0}],"InkBottle":[70]},"card_choices":[{"not_picked":["Swivel","WindmillStrike"],"picked":"FlurryOfBlows","floor":1.0},{"not_picked":["WreathOfFlame","Sanctity"],"picked":"WheelKick","floor":2.0},{"not_picked":["Evaluate","FlurryOfBlows"],"picked":"SashWhip","floor":6.0},{"not_picked":["Nirvana","FlurryOfBlows"],"picked":"Halt","floor":8.0},{"not_picked":["WaveOfTheHand","CutThroughFate"],"picked":"ThirdEye","floor":10.0},{"not_picked":["Consecrate","WaveOfTheHand"],"picked":"Weave","floor":11.0},{"not_picked":["BowlingBash","BattleHymn"],"picked":"Worship","floor":14.0},{"not_picked":["Omniscience","Alpha"],"picked":"Wish","floor":16.0},{"not_picked":["BowlingBash","PathToVictory","FollowUp"],"picked":"SKIP","floor":18.0},{"not_picked":["Crescendo+1","Prostrate+1"],"picked":"InnerPeace+1","floor":21.0},{"not_picked":["Evaluate+1","SashWhip"],"picked":"Consecrate+1","floor":24.0},{"not_picked":["Crescendo+1","Adaptation","Halt+1"],"picked":"TalkToTheHand","floor":27.0},{"not_picked":["ConjureBlade+1","Brilliance","ClearTheMind+1"],"picked":"InnerPeace+1","floor":29.0},{"not_picked":["WreathOfFlame+1","EmptyFist","ForeignInfluence+1"],"picked":"EmptyBody+1","floor":30.0},{"not_picked":["ThirdEye+1","Consecrate","Indignation+1"],"picked":"MentalFortress","floor":31.0},{"not_picked":["CrushJoints","Prostrate+1","CarveReality"],"picked":"Adaptation","floor":32.0},{"not_picked":["Ragnarok","Blasphemy+1","Alpha+1"],"picked":"Scrawl+1","floor":33.0},{"not_picked":["BattleHymn","LikeWater","Protect+1"],"picked":"FearNoEvil+1","floor":35.0},{"not_picked":["BowlingBash","FollowUp","Weave","Consecrate+1"],"picked":"SKIP","floor":37.0},{"not_picked":["Wireheading","CutThroughFate","CarveReality"],"picked":"ClearTheMind+1","floor":38.0},{"not_picked":["PathToVictory+1","LessonLearned","ClearTheMind+1"],"picked":"WaveOfTheHand+1","floor":40.0},{"not_picked":["SashWhip","FollowUp+1","EmptyBody+1","FlyingSleeves"],"picked":"SKIP","floor":41.0},{"not_picked":["FearNoEvil","Worship+1","FlyingSleeves"],"picked":"Sanctity+1","floor":42.0},{"not_picked":["Indignation+1","WheelKick","LessonLearned"],"picked":"Weave","floor":44.0},{"not_picked":["Study","EmptyBody+1","CarveReality+1"],"picked":"JustLucky","floor":45.0},{"not_picked":["ClearTheMind+1","Wish+1","ForeignInfluence+1"],"picked":"CutThroughFate+1","floor":48},{"not_picked":["ForeignInfluence+1","BowlingBash","EmptyFist"],"picked":"ThirdEye+1","floor":55}],"player_experience":3943889,"relics_obtained":[{"floor":6.0,"key":"Incense Burner"},{"floor":8.0,"key":"StoneCalendar"},{"floor":9.0,"key":"War Paint"},{"floor":10.0,"key":"InkBottle"},{"floor":24.0,"key":"Strawberry"},{"floor":24.0,"key":"Pen Nib"},{"floor":26.0,"key":"Question Card"},{"floor":27.0,"key":"Dream Catcher"},{"floor":27.0,"key":"Shuriken"},{"floor":29.0,"key":"Tiny Chest"},{"floor":29.0,"key":"WingedGreaves"},{"floor":30.0,"key":"Regal Pillow"},{"floor":30.0,"key":"Pantograph"},{"floor":38.0,"key":"Torii"},{"floor":41.0,"key":"Art of War"},{"floor":41.0,"key":"Pear"},{"floor":42.0,"key":"CaptainsWheel"},{"floor":42.0,"key":"Bag of Marbles"},{"floor":43.0,"key":"The Courier"},{"floor":44.0,"key":"Kunai"},{"floor":44.0,"key":"Boot"},{"floor":48,"key":"Omamori"},{"floor":48,"key":"Eternal Feather"},{"floor":55,"key":"Calipers"},{"floor":55,"key":"Orichalcum"}],"event_choices":[{"damage_healed":0.0,"max_hp_gain":0.0,"max_hp_loss":0.0,"gold_gain":75.0,"event_name":"World of Goop","player_choice":"Gather Gold","floor":3.0,"gold_loss":0.0,"damage_taken":11.0},{"damage_healed":0.0,"max_hp_gain":0.0,"max_hp_loss":0.0,"gold_gain":0.0,"event_name":"Scrap Ooze","player_choice":"Success","floor":5.0,"gold_loss":0.0,"damage_taken":5.0,"relics_obtained":["PreservedInsect"]},{"cards_removed":["Strike_P"],"damage_healed":0.0,"max_hp_gain":0.0,"max_hp_loss":0.0,"gold_gain":0.0,"event_name":"Purifier","player_choice":"Purged","floor":13.0,"gold_loss":0.0,"damage_taken":0.0},{"damage_healed":0.0,"max_hp_gain":0.0,"max_hp_loss":0.0,"gold_gain":0.0,"event_name":"Match and Keep!","player_choice":"1 cards matched","floor":20.0,"gold_loss":0.0,"damage_taken":0.0,"cards_obtained":["CutThroughFate"]},{"damage_healed":0.0,"max_hp_gain":0.0,"max_hp_loss":0.0,"gold_gain":0.0,"event_name":"Back to Basics","player_choice":"Simplicity","floor":22.0,"gold_loss":0.0,"damage_taken":0.0,"cards_upgraded":["Strike_P","Strike_P","Defend_P","Defend_P","Defend_P","Defend_P"]},{"damage_healed":0.0,"max_hp_gain":0.0,"max_hp_loss":0.0,"gold_gain":0.0,"event_name":"Mysterious Sphere","player_choice":"Fight","floor":38.0,"gold_loss":0.0,"damage_taken":0.0},{"damage_healed":0.0,"max_hp_gain":0.0,"max_hp_loss":0.0,"gold_gain":50.0,"event_name":"Golden Shrine","player_choice":"Pray","floor":39.0,"gold_loss":0.0,"damage_taken":0.0},{"cards_removed":["Defend_P"],"damage_healed":0.0,"max_hp_gain":0.0,"max_hp_loss":0.0,"gold_gain":0.0,"event_name":"Falling","player_choice":"Removed Skill","floor":47.0,"gold_loss":0.0,"damage_taken":0.0}],"is_beta":true,"boss_relics":[{"not_picked":["Empty Cage","Cursed Key"],"picked":"Black Star"},{"not_picked":["SacredBark","Tiny House"],"picked":"SlaversCollar"}],"items_purged_floors":[4,54],"is_endless":false,"potions_floor_spawned":[1,2,8,11,24,29,31,41,42,45],"ascension_level":20}