{"gold_per_floor":[18,37,37,37,37,37,67,67,67,98,117,117,129,204,204,282,282,317,367,43,82,7,7,65,65,65,65,106,132,182,226,226,305,305,323,323,43,98,114,178,178,221,221,221,246,266,327,327,327,327,327,327,327,0,32,32],"floor_reached":56,"playtime":7009,"items_purged":["Defend_P","Defend_P"],"score":1937,"play_id":"632aafba-85ee-43d4-89bc-1a0f6be1eadd","local_time":"20210531234510","is_ascension_mode":true,"campfire_choices":[{"data":"Tantrum","floor":6,"key":"SMITH"},{"floor":8,"key":"REST"},{"floor":12,"key":"REST"},{"data":"MentalFortress","floor":15,"key":"SMITH"},{"data":"SandsOfTime","floor":23,"key":"SMITH"},{"data":"Wish","floor":25,"key":"SMITH"},{"data":"Perseverance","floor":32,"key":"SMITH"},{"floor":41,"key":"RECALL"},{"data":"Leg Sweep","floor":44,"key":"SMITH"},{"floor":49,"key":"REST"},{"floor":53,"key":"REST"}],"neow_cost":"NO_GOLD","seed_source_timestamp":935092368985600,"circlet_count":0,"master_deck":["AscendersBane","Eruption","Vigilance","Tantrum+1","MentalFortress+1","Perseverance+1","DeceiveReality","FlurryOfBlows","Wish+1","SandsOfTime+1","Sweeping Beam+1","FearNoEvil","Shrug It Off","Ball Lightning+1","Worship","Ragnarok","SashWhip+1","Adaptation+1","Leg Sweep+1","Apotheosis","Tantrum","LikeWater+1","Fusion+1","Clothesline","Trip+1","Protect"],"relics":["PureWater","Pantograph","White Beast Statue","Bronze Scales","Snecko Eye","Bag of Marbles","PrismaticShard","MealTicket","HornCleat","Centennial Puzzle","Astrolabe","Mango","Meat on the Bone","Juzu Bracelet","Sundial","Art of War","Pen Nib"],"potions_floor_usage":[16,16,24,28,33,40,40,45,50,55,55,56],"damage_taken":[{"damage":0,"enemies":"Small Slimes","floor":1,"turns":3},{"damage":10,"enemies":"2 Louse","floor":2,"turns":4},{"damage":43,"enemies":"Lagavulin","floor":7,"turns":5},{"damage":17,"enemies":"Gremlin Nob","floor":10,"turns":3},{"damage":0,"enemies":"Jaw Worm","floor":11,"turns":3},{"damage":5,"enemies":"3 Louse","floor":13,"turns":3},{"damage":1,"enemies":"The Guardian","floor":16,"turns":11},{"damage":15,"enemies":"2 Thieves","floor":18,"turns":3},{"damage":9,"enemies":"Shell Parasite","floor":21,"turns":4},{"damage":1,"enemies":"Slavers","floor":24,"turns":2},{"damage":8,"enemies":"Shelled Parasite and Fungi","floor":28,"turns":3},{"damage":3,"enemies":"Book of Stabbing","floor":29,"turns":3},{"damage":0,"enemies":"Snecko","floor":30,"turns":4},{"damage":0,"enemies":"Sentry and Sphere","floor":31,"turns":3},{"damage":12,"enemies":"Champ","floor":33,"turns":7},{"damage":0,"enemies":"3 Darklings","floor":35,"turns":2},{"damage":0,"enemies":"Mind Bloom Boss Battle","floor":38,"turns":7},{"damage":9,"enemies":"Orb Walker","floor":39,"turns":4},{"damage":18,"enemies":"Reptomancer","floor":40,"turns":5},{"damage":6,"enemies":"4 Shapes","floor":42,"turns":6},{"damage":16,"enemies":"Giant Head","floor":45,"turns":5},{"damage":9,"enemies":"3 Darklings","floor":46,"turns":3},{"damage":29,"enemies":"Nemesis","floor":47,"turns":7},{"damage":40,"enemies":"Awakened One","floor":50,"turns":16},{"damage":12,"enemies":"Donu and Deca","floor":51,"turns":9},{"damage":29,"enemies":"Shield and Spear","floor":55,"turns":5},{"damage":98,"enemies":"The Heart","floor":56,"turns":5}],"seed_played":"-6283076498034790989","potions_obtained":[{"floor":1,"key":"Energy Potion"},{"floor":10,"key":"FearPotion"},{"floor":11,"key":"PowerPotion"},{"floor":16,"key":"DistilledChaos"},{"floor":18,"key":"GamblersBrew"},{"floor":24,"key":"Energy Potion"},{"floor":28,"key":"Energy Potion"},{"floor":29,"key":"DistilledChaos"},{"floor":30,"key":"DuplicationPotion"},{"floor":31,"key":"SkillPotion"},{"floor":33,"key":"Weak Potion"},{"floor":35,"key":"SteroidPotion"},{"floor":38,"key":"Strength Potion"},{"floor":40,"key":"Weak Potion"},{"floor":42,"key":"SkillPotion"},{"floor":45,"key":"Dexterity Potion"},{"floor":47,"key":"GamblersBrew"},{"floor":55,"key":"Block Potion"}],"is_trial":false,"path_per_floor":["M","M","?","?","?","R","E","R","T","E","M","R","M","?","R","B",null,"M","?","$","M","?","R","E","R","T","?","M","E","M","M","R","B",null,"M","?","$","?","M","E","R","M","T","R","E","M","E","?","R","B","B",null,"R","$","E","B"],"character_chosen":"WATCHER","items_purchased":["Bag of Marbles","PrismaticShard","Apotheosis","Swift Potion","Art of War"],"campfire_rested":4,"item_purchase_floors":[20,20,37,54,54],"current_hp_per_floor":[61,51,51,44,49,49,6,27,27,10,10,31,26,15,15,39,65,50,50,50,41,41,41,40,40,40,40,32,29,29,29,29,42,65,65,65,69,83,74,56,56,50,50,50,46,49,32,32,56,53,66,79,83,83,54,0],"gold":32,"neow_bonus":"REMOVE_TWO","is_prod":false,"is_daily":false,"chose_seed":false,"campfire_upgraded":6,"win_rate":0,"timestamp":1622529910,"path_taken":["M","M","?","?","?","R","E","R","T","E","M","R","M","?","R","BOSS","M","?","$","M","?","R","E","R","T","?","M","E","M","M","R","BOSS","M","?","$","?","M","E","R","M","T","R","E","M","E","?","R","BOSS","BOSS","R","$","E","BOSS"],"build_version":"2020-12-18","purchased_purges":2,"victory":false,"max_hp_per_floor":[68,68,68,68,73,73,73,73,73,73,73,73,73,73,73,73,73,73,73,73,73,73,73,73,73,73,73,73,73,73,73,73,73,73,73,69,69,83,83,83,83,83,83,83,83,83,83,83,83,83,83,83,83,83,83,83],"relic_stats":{"counters":[27,135],"Astrolabe":["SashWhip","Adaptation","Prostrate"],"Pen Nib":[0],"Juzu Bracelet":0,"Centennial Puzzle":[33],"Sundial":[6],"Pantograph":125,"Bronze Scales":[390],"Snecko Eye":[186,184,172,193],"MealTicket":4,"Art of War":[1],"obtain_stats":[{"Astrolabe":34,"Mango":38,"Pen Nib":55,"Juzu Bracelet":45,"PrismaticShard":20,"White Beast Statue":9,"Centennial Puzzle":29,"HornCleat":26,"Sundial":47,"Pantograph":7,"Bronze Scales":10,"Snecko Eye":17,"MealTicket":24,"Bag of Marbles":20,"Art of War":54,"PureWater":0,"Meat on the Bone":40},{"Astrolabe":15,"Mango":17,"Pen Nib":26,"Juzu Bracelet":21,"PrismaticShard":8,"White Beast Statue":3,"Centennial Puzzle":12,"HornCleat":10,"Sundial":23,"Pantograph":3,"Bronze Scales":4,"Snecko Eye":7,"MealTicket":10,"Bag of Marbles":8,"Art of War":25,"PureWater":0,"Meat on the Bone":19},{"Astrolabe":61,"Mango":70,"Pen Nib":130,"Juzu Bracelet":90,"PrismaticShard":35,"White Beast Statue":12,"Centennial Puzzle":47,"HornCleat":41,"Sundial":100,"Pantograph":12,"Bronze Scales":15,"Snecko Eye":32,"MealTicket":41,"Bag of Marbles":35,"Art of War":125,"PureWater":0,"Meat on the Bone":79}],"Meat on the Bone":48},"card_choices":[{"not_picked":["InnerPeace","EmptyFist"],"picked":"Tantrum","floor":1},{"not_picked":["FlyingSleeves","Evaluate"],"picked":"MentalFortress","floor":2},{"not_picked":["Pray","Prostrate"],"picked":"Perseverance","floor":7},{"not_picked":["LikeWater","BowlingBash"],"picked":"DeceiveReality","floor":10},{"not_picked":["Protect","Swivel"],"picked":"Weave","floor":11},{"not_picked":["FlyingSleeves","CrushJoints"],"picked":"FlurryOfBlows","floor":13},{"not_picked":["Scrawl","Brilliance"],"picked":"Wish","floor":16},{"not_picked":["Halt","Crescendo"],"picked":"SandsOfTime","floor":18},{"not_picked":["ThirdEye","Outmaneuver+1"],"picked":"Sweeping Beam+1","floor":21},{"not_picked":["Leap","BowlingBash","Flechettes"],"picked":"SKIP","floor":24},{"not_picked":["Blind","Feel No Pain"],"picked":"FearNoEvil","floor":28},{"not_picked":["Weave","Sweeping Beam"],"picked":"Shrug It Off","floor":29},{"not_picked":["Deadly Poison","Go for the Eyes"],"picked":"Ball Lightning+1","floor":30},{"not_picked":["Storm of Steel","PathToVictory"],"picked":"Worship","floor":31},{"not_picked":["Rainbow","Thinking Ahead"],"picked":"Ragnarok","floor":33},{"not_picked":["Dropkick+1","All Out Attack+1"],"picked":"Leg Sweep","floor":35},{"not_picked":["Leap","Havoc"],"picked":"Tantrum","floor":38},{"not_picked":["Cold Snap+1","Quick Slash"],"picked":"LikeWater+1","floor":39},{"not_picked":["Burning Pact","Cold Snap","Consecrate"],"picked":"SKIP","floor":40},{"not_picked":["Defragment+1","Barrage+1"],"picked":"Fusion+1","floor":42},{"not_picked":["FollowUp","Masterful Stab"],"picked":"Clothesline","floor":45},{"not_picked":["Collect","Blur"],"picked":"Trip+1","floor":46},{"not_picked":["Conserve Battery","Dramatic Entrance","Brilliance"],"picked":"SKIP","floor":47},{"not_picked":["All Out Attack","ClearTheMind+1"],"picked":"Protect","floor":55}],"player_experience":3936880,"relics_obtained":[{"floor":7,"key":"Pantograph"},{"floor":9,"key":"White Beast Statue"},{"floor":10,"key":"Bronze Scales"},{"floor":24,"key":"MealTicket"},{"floor":26,"key":"HornCleat"},{"floor":29,"key":"Centennial Puzzle"},{"floor":38,"key":"Mango"},{"floor":40,"key":"Meat on the Bone"},{"floor":45,"key":"Juzu Bracelet"},{"floor":47,"key":"Sundial"},{"floor":55,"key":"Pen Nib"}],"event_choices":[{"damage_healed":0,"gold_gain":0,"player_choice":"Ignored","damage_taken":0,"max_hp_gain":0,"max_hp_loss":0,"event_name":"Liars Game","floor":3,"gold_loss":0},{"cards_removed":["Defend_P"],"damage_healed":0,"gold_gain":0,"player_choice":"Card Removal","damage_taken":7,"max_hp_gain":0,"max_hp_loss":0,"event_name":"Golden Wing","floor":4,"gold_loss":0},{"damage_healed":0,"gold_gain":0,"player_choice":"Donut","damage_taken":0,"max_hp_gain":5,"max_hp_loss":0,"event_name":"Big Fish","floor":5,"gold_loss":0},{"damage_healed":0,"gold_gain":75,"player_choice":"Gather Gold","damage_taken":11,"max_hp_gain":0,"max_hp_loss":0,"event_name":"World of Goop","floor":14,"gold_loss":0},{"damage_healed":0,"gold_gain":50,"player_choice":"Stole From Cult","damage_taken":0,"max_hp_gain":0,"max_hp_loss":0,"event_name":"Nest","floor":19,"gold_loss":0},{"cards_removed":["Weave"],"damage_healed":0,"gold_gain":0,"player_choice":"Gave Gold","damage_taken":0,"max_hp_gain":0,"max_hp_loss":0,"event_name":"Beggar","floor":22,"gold_loss":75},{"damage_healed":0,"gold_gain":0,"player_choice":"Max HP","damage_taken":0,"max_hp_gain":0,"max_hp_loss":4,"event_name":"Winding Halls","floor":36,"gold_loss":0},{"damage_healed":0,"gold_gain":0,"player_choice":"Fight","damage_taken":0,"max_hp_gain":0,"max_hp_loss":0,"event_name":"MindBloom","floor":38,"gold_loss":0},{"cards_removed":["Prostrate"],"damage_healed":0,"gold_gain":0,"player_choice":"Removed Skill","damage_taken":0,"max_hp_gain":0,"max_hp_loss":0,"event_name":"Falling","floor":48,"gold_loss":0}],"is_beta":true,"boss_relics":[{"not_picked":["Black Star","VioletLotus"],"picked":"Snecko Eye"},{"not_picked":["Runic Pyramid","Calling Bell"],"picked":"Astrolabe"}],"items_purged_floors":[37,54],"is_endless":false,"potions_floor_spawned":[1,10,11,13,16,18,21,24,28,29,30,31,33,35,38,39,40,42,45,46,47,55],"killed_by":"The Heart","ascension_level":20}