{"gold_per_floor":[110,129,145,145,145,179,179,190,235,235,264,31,57,57,57,129,129,146,178,23,23,42,42,69,83,83,95,105,105],"floor_reached":29,"playtime":1931,"items_purged":["Strike_P","Strike_P"],"score":576,"play_id":"3e345ef5-50f0-446f-8c23-37b577d80fca","local_time":"20210722145054","is_ascension_mode":true,"campfire_choices":[{"data":"CrushJoints","floor":7,"key":"SMITH"},{"data":"FlurryOfBlows","floor":10,"key":"SMITH"},{"data":"WheelKick","floor":15,"key":"SMITH"},{"floor":23,"key":"REST"}],"neow_cost":"NONE","seed_source_timestamp":278820768974300,"circlet_count":0,"master_deck":["AscendersBane","Strike_P","Defend_P","Defend_P","Defend_P","Defend_P","Eruption+1","Vigilance","DeceiveReality","FlurryOfBlows+1","CrushJoints+1","Meditate","Adaptation","MasterReality","WheelKick+1","Alpha+1","EmptyMind+1","Wireheading","DevaForm","DeceiveReality+1","FearNoEvil+1","MentalFortress","Perseverance+1"],"relics":["PureWater","Pear","Orichalcum","Ancient Tea Set","PreservedInsect","Nunchaku","Toxic Egg 2","VioletLotus","Red Mask","Unceasing Top","Dead Branch"],"potions_floor_usage":[6,19,19,24,25,28],"damage_taken":[{"damage":2,"enemies":"Jaw Worm","floor":1,"turns":4},{"damage":0,"enemies":"Small Slimes","floor":2,"turns":5},{"damage":0,"enemies":"Cultist","floor":3,"turns":2},{"damage":0,"enemies":"Lagavulin","floor":6,"turns":4},{"damage":14,"enemies":"Exordium Wildlife","floor":8,"turns":5},{"damage":10,"enemies":"Gremlin Nob","floor":11,"turns":3},{"damage":14,"enemies":"3 Sentries","floor":13,"turns":10},{"damage":5,"enemies":"The Guardian","floor":16,"turns":14},{"damage":19,"enemies":"Spheric Guardian","floor":18,"turns":4},{"damage":22,"enemies":"Masked Bandits","floor":19,"turns":3},{"damage":0,"enemies":"3 Byrds","floor":22,"turns":3},{"damage":11,"enemies":"Slavers","floor":24,"turns":3},{"damage":14,"enemies":"Cultist and Chosen","floor":25,"turns":4},{"damage":4,"enemies":"Snake Plant","floor":27,"turns":3},{"damage":11,"enemies":"Centurion and Healer","floor":28,"turns":8},{"damage":47,"enemies":"Book of Stabbing","floor":29,"turns":4}],"seed_played":"-3965075405757363273","potions_obtained":[{"floor":1,"key":"StancePotion"},{"floor":3,"key":"ColorlessPotion"},{"floor":8,"key":"LiquidMemories"},{"floor":13,"key":"AttackPotion"},{"floor":22,"key":"Regen Potion"},{"floor":25,"key":"SteroidPotion"},{"floor":27,"key":"PowerPotion"}],"is_trial":false,"path_per_floor":["M","M","M","?","?","E","R","M","T","R","E","$","E","?","R","B",null,"M","?","$","?","M","R","E","M","T","M","M","E"],"character_chosen":"WATCHER","items_purchased":["PreservedInsect","Weak Potion"],"campfire_rested":1,"item_purchase_floors":[12,20],"current_hp_per_floor":[59,59,59,59,59,69,69,55,55,55,45,45,31,26,26,21,64,45,23,23,23,23,46,47,33,33,29,18,0],"gold":105,"neow_bonus":"UPGRADE_CARD","is_prod":false,"is_daily":false,"chose_seed":false,"campfire_upgraded":3,"win_rate":0,"timestamp":1626990654,"path_taken":["M","M","M","?","?","E","R","M","T","R","E","$","E","?","R","BOSS","M","?","$","?","M","R","E","M","T","M","?","E"],"build_version":"2020-12-18","purchased_purges":2,"victory":false,"max_hp_per_floor":[68,68,68,68,68,78,78,78,78,78,78,78,78,78,78,78,78,78,78,78,78,78,78,78,78,78,78,78,78],"relic_stats":{"Nunchaku":[4],"counters":[16,79],"Dead Branch":[20],"PreservedInsect":115,"VioletLotus":[2],"Orichalcum":[96],"obtain_stats":[{"Nunchaku":13,"Pear":6,"Dead Branch":26,"PreservedInsect":12,"VioletLotus":17,"Red Mask":19,"PureWater":0,"Orichalcum":9,"Toxic Egg 2":14,"Ancient Tea Set":11,"Unceasing Top":24},{"Nunchaku":7,"Pear":4,"Dead Branch":13,"PreservedInsect":6,"VioletLotus":8,"Red Mask":10,"PureWater":0,"Orichalcum":5,"Toxic Egg 2":7,"Ancient Tea Set":6,"Unceasing Top":12},{"Nunchaku":33,"Pear":15,"Dead Branch":64,"PreservedInsect":23,"VioletLotus":47,"Red Mask":54,"PureWater":0,"Orichalcum":20,"Toxic Egg 2":33,"Ancient Tea Set":23,"Unceasing Top":60}],"Unceasing Top":[0]},"card_choices":[{"not_picked":["Perseverance","Halt"],"picked":"DeceiveReality","floor":1},{"not_picked":["Halt","PathToVictory"],"picked":"FlurryOfBlows","floor":2},{"not_picked":["ThirdEye","CutThroughFate"],"picked":"CrushJoints","floor":3},{"not_picked":["Brilliance","Prostrate"],"picked":"Meditate","floor":6},{"not_picked":["WaveOfTheHand","Prostrate"],"picked":"Adaptation","floor":8},{"not_picked":["WindmillStrike","Consecrate"],"picked":"MasterReality","floor":11},{"not_picked":["Consecrate","Collect"],"picked":"WheelKick","floor":13},{"not_picked":["Establishment","Brilliance"],"picked":"Alpha+1","floor":16},{"not_picked":["Vengeance+1","FollowUp+1"],"picked":"EmptyMind+1","floor":18},{"not_picked":["FollowUp","ClearTheMind+1"],"picked":"Wireheading","floor":19},{"not_picked":["JustLucky","Consecrate"],"picked":"DevaForm","floor":22},{"not_picked":["PathToVictory+1","FearNoEvil"],"picked":"DeceiveReality+1","floor":24},{"not_picked":["Pray+1","SignatureMove"],"picked":"FearNoEvil+1","floor":25},{"not_picked":["PathToVictory+1","Worship+1"],"picked":"MentalFortress","floor":27},{"not_picked":["JustLucky","Indignation+1"],"picked":"Perseverance+1","floor":28}],"player_experience":3979925,"relics_obtained":[{"floor":6,"key":"Pear"},{"floor":9,"key":"Orichalcum"},{"floor":11,"key":"Ancient Tea Set"},{"floor":13,"key":"Nunchaku"},{"floor":19,"key":"Red Mask"},{"floor":24,"key":"Unceasing Top"},{"floor":26,"key":"Dead Branch"}],"event_choices":[{"damage_healed":0,"gold_gain":0,"player_choice":"Leave","damage_taken":0,"max_hp_gain":0,"max_hp_loss":0,"event_name":"The Cleric","floor":4,"gold_loss":0},{"damage_healed":0,"gold_gain":0,"player_choice":"Ignored","damage_taken":0,"max_hp_gain":0,"max_hp_loss":0,"event_name":"Liars Game","floor":5,"gold_loss":0},{"damage_healed":0,"gold_gain":0,"player_choice":"Success","damage_taken":5,"relics_obtained":["Toxic Egg 2"],"max_hp_gain":0,"max_hp_loss":0,"event_name":"Scrap Ooze","floor":14,"gold_loss":0},{"damage_healed":0,"gold_gain":0,"player_choice":"Fought Bandits","damage_taken":0,"max_hp_gain":0,"max_hp_loss":0,"event_name":"Masked Bandits","floor":19,"gold_loss":0},{"cards_removed":["Strike_P"],"damage_healed":0,"gold_gain":0,"player_choice":"Purged","damage_taken":0,"max_hp_gain":0,"max_hp_loss":0,"event_name":"Purifier","floor":21,"gold_loss":0}],"is_beta":true,"boss_relics":[{"not_picked":["Runic Pyramid","Astrolabe"],"picked":"VioletLotus"}],"items_purged_floors":[12,20],"is_endless":false,"potions_floor_spawned":[1,3,8,13,18,22,25,27],"killed_by":"Book of Stabbing","ascension_level":20}