{"gold_per_floor":[109,120,139,154,50,50,125,153,226,256,256,268,268,278,278,357,357,368,368,379,393,393,393,393],"floor_reached":24,"playtime":1031,"items_purged":["Strike_P"],"score":566,"play_id":"bc0bae80-5a28-4450-a3d1-b90f928e96a5","local_time":"20210721230839","is_ascension_mode":true,"campfire_choices":[{"data":"Conclude","floor":6,"key":"SMITH"},{"data":"WheelKick","floor":15,"key":"SMITH"},{"data":"Devotion","floor":23,"key":"SMITH"}],"neow_cost":"TEN_PERCENT_HP_LOSS","seed_source_timestamp":223185911979000,"circlet_count":0,"master_deck":["AscendersBane","Strike_P","Defend_P","Defend_P","Defend_P","Eruption","Vigilance","Conclude+1","CutThroughFate","Tantrum","WheelKick+1","Halt","Devotion+1","Weave","TalkToTheHand","Meditate","Devotion","JustLucky","Adaptation"],"relics":["PureWater","TungstenRod","Lantern","VioletLotus"],"potions_floor_usage":[10,21,24],"damage_taken":[{"damage":0,"enemies":"Cultist","floor":1,"turns":3},{"damage":0,"enemies":"2 Louse","floor":2,"turns":3},{"damage":2,"enemies":"Small Slimes","floor":3,"turns":2},{"damage":9,"enemies":"Exordium Thugs","floor":4,"turns":4},{"damage":9,"enemies":"3 Sentries","floor":8,"turns":4},{"damage":0,"enemies":"Lagavulin","floor":10,"turns":3},{"damage":0,"enemies":"Exordium Wildlife","floor":12,"turns":2},{"damage":0,"enemies":"Large Slime","floor":14,"turns":3},{"damage":0,"enemies":"Slime Boss","floor":16,"turns":4},{"damage":0,"enemies":"Spheric Guardian","floor":18,"turns":2},{"damage":0,"enemies":"Chosen","floor":20,"turns":3},{"damage":0,"enemies":"Snake Plant","floor":21,"turns":2},{"damage":43,"enemies":"Slavers","floor":24,"turns":2}],"seed_played":"9129260008243311667","potions_obtained":[{"floor":1,"key":"SteroidPotion"},{"floor":2,"key":"DuplicationPotion"},{"floor":12,"key":"PowerPotion"},{"floor":18,"key":"AttackPotion"}],"is_trial":false,"path_per_floor":["M","M","M","M","$","R","?","E","T","E","?","M","?","M","R","B",null,"M","?","M","M","?","R","E"],"character_chosen":"WATCHER","items_purchased":["Halt"],"campfire_rested":0,"item_purchase_floors":[5],"current_hp_per_floor":[61,61,59,50,50,50,39,30,30,30,30,30,30,30,30,30,54,54,54,54,54,38,38,0],"gold":393,"neow_bonus":"REMOVE_TWO","is_prod":false,"is_daily":false,"chose_seed":false,"campfire_upgraded":3,"win_rate":0,"timestamp":1626934119,"path_taken":["M","M","M","?","$","R","?","E","T","E","?","M","?","?","R","BOSS","M","?","M","M","?","R","E"],"build_version":"2020-12-18","purchased_purges":1,"victory":false,"max_hp_per_floor":[62,62,62,62,62,62,62,62,62,62,62,62,62,62,62,62,62,62,62,62,62,67,67,67],"relic_stats":{"counters":[13,37],"VioletLotus":[0],"obtain_stats":[{"Lantern":10,"VioletLotus":17,"PureWater":0,"TungstenRod":8},{"Lantern":6,"VioletLotus":9,"PureWater":0,"TungstenRod":5},{"Lantern":19,"VioletLotus":28,"PureWater":0,"TungstenRod":16}],"TungstenRod":7},"card_choices":[{"not_picked":["Nirvana","CrushJoints"],"picked":"Conclude","floor":1},{"not_picked":["SignatureMove","FollowUp"],"picked":"CutThroughFate","floor":2},{"not_picked":["Prostrate","SashWhip"],"picked":"Tantrum","floor":3},{"not_picked":["JustLucky","Halt"],"picked":"WheelKick","floor":4},{"not_picked":["FlyingSleeves","Protect"],"picked":"Devotion","floor":8},{"not_picked":["ForeignInfluence","Vengeance"],"picked":"Weave","floor":10},{"not_picked":["Evaluate","BowlingBash"],"picked":"TalkToTheHand","floor":12},{"not_picked":["Consecrate","Judgement"],"picked":"Meditate","floor":14},{"not_picked":["Brilliance","Alpha"],"picked":"Devotion","floor":16},{"not_picked":["EmptyFist","Protect"],"picked":"JustLucky","floor":18},{"not_picked":["ThirdEye","Halt"],"picked":"Adaptation","floor":20},{"not_picked":["PathToVictory","Swivel","Adaptation"],"picked":"SKIP","floor":21}],"player_experience":3978894,"relics_obtained":[{"floor":8,"key":"TungstenRod"},{"floor":10,"key":"Lantern"}],"event_choices":[{"damage_healed":0,"gold_gain":75,"player_choice":"Gather Gold","damage_taken":11,"max_hp_gain":0,"max_hp_loss":0,"event_name":"World of Goop","floor":7,"gold_loss":0},{"damage_healed":0,"gold_gain":0,"player_choice":"Ignored","damage_taken":0,"max_hp_gain":0,"max_hp_loss":0,"event_name":"Liars Game","floor":11,"gold_loss":0},{"cards_removed":["Strike_P"],"damage_healed":0,"gold_gain":0,"player_choice":"Purged","damage_taken":0,"max_hp_gain":0,"max_hp_loss":0,"event_name":"Purifier","floor":13,"gold_loss":0},{"damage_healed":0,"gold_gain":0,"player_choice":"Ignored","damage_taken":0,"max_hp_gain":0,"max_hp_loss":0,"event_name":"Vampires","floor":19,"gold_loss":0},{"damage_healed":0,"gold_gain":0,"player_choice":"Shed Blood","damage_taken":22,"max_hp_gain":5,"max_hp_loss":0,"event_name":"Forgotten Altar","floor":22,"gold_loss":0}],"is_beta":true,"boss_relics":[{"not_picked":["Snecko Eye","Coffee Dripper"],"picked":"VioletLotus"}],"items_purged_floors":[5],"is_endless":false,"potions_floor_spawned":[1,2,4,8,12,18],"killed_by":"Slavers","ascension_level":20}