{"gold_per_floor":[11,31,50,15,30,61,61,61,61,61,76,76,103,134,134,209,209,223,223,223],"floor_reached":20,"playtime":1621,"items_purged":[],"score":414,"play_id":"f732afcf-d846-4fe9-8a21-00ece622ee7e","local_time":"20210721174333","is_ascension_mode":true,"campfire_choices":[{"data":"SandsOfTime","floor":7,"key":"SMITH"},{"data":"EmptyFist","floor":10,"key":"SMITH"},{"data":"TalkToTheHand","floor":15,"key":"SMITH"}],"neow_cost":"NO_GOLD","seed_source_timestamp":203089832281400,"circlet_count":0,"master_deck":["AscendersBane","Strike_P","Strike_P","Strike_P","Defend_P","Defend_P","Defend_P+1","Eruption","Vigilance+1","EmptyBody","SandsOfTime+1","Halt","TalkToTheHand+1","EmptyFist+1","Perseverance","InnerPeace","LessonLearned","Blasphemy","Consecrate"],"relics":["PureWater","Bag of Marbles","Lantern","Frozen Egg 2","Odd Mushroom","CaptainsWheel","VioletLotus"],"potions_floor_usage":[14,16,20],"damage_taken":[{"damage":3,"enemies":"2 Louse","floor":1,"turns":3},{"damage":4,"enemies":"Small Slimes","floor":2,"turns":4},{"damage":0,"enemies":"Cultist","floor":3,"turns":4},{"damage":1,"enemies":"Blue Slaver","floor":5,"turns":3},{"damage":32,"enemies":"3 Sentries","floor":6,"turns":12},{"damage":0,"enemies":"Exordium Wildlife","floor":11,"turns":2},{"damage":4,"enemies":"The Mushroom Lair","floor":13,"turns":3},{"damage":0,"enemies":"Lagavulin","floor":14,"turns":5},{"damage":4,"enemies":"The Guardian","floor":16,"turns":16},{"damage":40,"enemies":"Spheric Guardian","floor":18,"turns":12},{"damage":10,"enemies":"3 Byrds","floor":20,"turns":4}],"seed_played":"-1063064105225065308","potions_obtained":[{"floor":2,"key":"SteroidPotion"},{"floor":5,"key":"Energy Potion"},{"floor":13,"key":"AttackPotion"},{"floor":18,"key":"PowerPotion"}],"is_trial":false,"path_per_floor":["M","M","M","?","M","E","R","?","T","R","M","?","?","E","R","B",null,"M","?","M"],"character_chosen":"WATCHER","items_purchased":[],"campfire_rested":0,"item_purchase_floors":[],"current_hp_per_floor":[58,54,54,68,67,35,35,35,35,35,35,24,20,20,20,16,55,15,9,0],"gold":223,"neow_bonus":"REMOVE_TWO","is_prod":false,"is_daily":false,"chose_seed":false,"campfire_upgraded":3,"win_rate":0,"timestamp":1626914613,"path_taken":["M","M","M","?","M","E","R","?","T","R","M","?","?","E","R","BOSS","M","?","?"],"build_version":"2020-12-18","purchased_purges":0,"victory":false,"max_hp_per_floor":[68,68,68,68,68,68,68,68,68,68,68,68,68,68,68,68,68,68,68,68],"relic_stats":{"counters":[11,68],"VioletLotus":[7],"obtain_stats":[{"Lantern":9,"CaptainsWheel":14,"VioletLotus":17,"Bag of Marbles":6,"PureWater":0,"Frozen Egg 2":12,"Odd Mushroom":13},{"Lantern":5,"CaptainsWheel":8,"VioletLotus":9,"Bag of Marbles":5,"PureWater":0,"Frozen Egg 2":6,"Odd Mushroom":7},{"Lantern":26,"CaptainsWheel":36,"VioletLotus":52,"Bag of Marbles":26,"PureWater":0,"Frozen Egg 2":28,"Odd Mushroom":31}]},"card_choices":[{"not_picked":["Prostrate","PathToVictory"],"picked":"EmptyBody","floor":1},{"not_picked":["EmptyFist","EmptyBody"],"picked":"SandsOfTime","floor":2},{"not_picked":["FlyingSleeves","ClearTheMind"],"picked":"Halt","floor":3},{"not_picked":["Adaptation","Consecrate"],"picked":"TalkToTheHand","floor":5},{"not_picked":["Evaluate","ThirdEye"],"picked":"EmptyFist","floor":6},{"not_picked":["FollowUp","CarveReality"],"picked":"Perseverance","floor":11},{"not_picked":["WaveOfTheHand","Evaluate"],"picked":"InnerPeace","floor":13},{"not_picked":["SashWhip","WaveOfTheHand"],"picked":"LessonLearned","floor":14},{"not_picked":["DeusExMachina","SpiritShield"],"picked":"Blasphemy","floor":16},{"not_picked":["Evaluate","EmptyBody"],"picked":"Consecrate","floor":18}],"player_experience":3977273,"relics_obtained":[{"floor":6,"key":"Bag of Marbles"},{"floor":9,"key":"Lantern"},{"floor":13,"key":"Odd Mushroom"},{"floor":14,"key":"CaptainsWheel"}],"event_choices":[{"damage_healed":17,"gold_gain":0,"player_choice":"Healed","damage_taken":0,"max_hp_gain":0,"max_hp_loss":0,"event_name":"The Cleric","floor":4,"gold_loss":35},{"damage_healed":0,"gold_gain":0,"player_choice":"Ignored","damage_taken":0,"max_hp_gain":0,"max_hp_loss":0,"event_name":"Liars Game","floor":8,"gold_loss":0},{"damage_healed":0,"gold_gain":0,"player_choice":"Success","damage_taken":11,"relics_obtained":["Frozen Egg 2"],"max_hp_gain":0,"max_hp_loss":0,"event_name":"Scrap Ooze","floor":12,"gold_loss":0},{"damage_healed":0,"gold_gain":0,"player_choice":"Fought Mushrooms","damage_taken":0,"max_hp_gain":0,"max_hp_loss":0,"event_name":"Mushrooms","floor":13,"gold_loss":0},{"damage_healed":0,"gold_gain":0,"player_choice":"","damage_taken":6,"max_hp_gain":0,"max_hp_loss":0,"event_name":"Knowing Skull","floor":19,"potions_obtained":[],"gold_loss":0,"cards_obtained":[]}],"is_beta":true,"boss_relics":[{"not_picked":["Empty Cage","Runic Dome"],"picked":"VioletLotus"}],"items_purged_floors":[],"is_endless":false,"potions_floor_spawned":[2,5,13,18],"killed_by":"3 Byrds","ascension_level":20}