{"gold_per_floor":[114,127,138,138,138,179,179,203,203,128,161,311,15,45,45,45],"floor_reached":16,"playtime":871,"items_purged":["Strike_P","Doubt"],"score":216,"play_id":"b93c91f6-4809-4aaa-9c2d-668f936db2c8","local_time":"20210720225639","is_ascension_mode":true,"campfire_choices":[{"floor":7,"key":"REST"},{"data":"WheelKick","floor":15,"key":"SMITH"}],"neow_cost":"PERCENT_DAMAGE","seed_source_timestamp":136226803129800,"circlet_count":0,"master_deck":["AscendersBane","Strike_P","Strike_P","Strike_P","Defend_P","Defend_P","Defend_P+1","Defend_P","Eruption","Vigilance","WheelKick+1","Wireheading+1","Weave","LikeWater","SashWhip","CarveReality"],"relics":["PureWater","Dead Branch","Golden Idol","Turnip","Thread and Needle","Peace Pipe","OrangePellets"],"potions_floor_usage":[6,11],"damage_taken":[{"damage":0,"enemies":"Jaw Worm","floor":1,"turns":1},{"damage":0,"enemies":"2 Louse","floor":2,"turns":3},{"damage":0,"enemies":"Small Slimes","floor":3,"turns":4},{"damage":12,"enemies":"3 Sentries","floor":6,"turns":4},{"damage":16,"enemies":"3 Louse","floor":8,"turns":4},{"damage":43,"enemies":"Gremlin Nob","floor":11,"turns":4},{"damage":18,"enemies":"Hexaghost","floor":16,"turns":9}],"seed_played":"7021941345091248768","potions_obtained":[{"floor":1,"key":"Strength Potion"},{"floor":2,"key":"FairyPotion"},{"floor":6,"key":"BlessingOfTheForge"}],"is_trial":false,"path_per_floor":["M","M","M","?","?","E","R","M","T","$","E","?","$","?","R","B"],"character_chosen":"WATCHER","items_purchased":["OrangePellets","CarveReality"],"campfire_rested":1,"item_purchase_floors":[13,13],"current_hp_per_floor":[43,43,43,43,24,12,30,14,14,14,18,18,18,18,18,0],"gold":45,"neow_bonus":"ONE_RARE_RELIC","is_prod":false,"is_daily":false,"chose_seed":false,"campfire_upgraded":1,"win_rate":0,"timestamp":1626846999,"path_taken":["M","M","M","?","?","E","R","M","T","$","E","?","$","?","R","BOSS"],"build_version":"2020-12-18","purchased_purges":2,"victory":false,"max_hp_per_floor":[68,68,68,62,62,62,62,62,62,62,62,62,62,62,62,62],"relic_stats":{"Peace Pipe":0,"OrangePellets":[0],"counters":[7,29],"Golden Idol":20,"Dead Branch":[18],"Turnip":[0],"obtain_stats":[{"Peace Pipe":11,"OrangePellets":13,"Golden Idol":4,"Dead Branch":0,"Thread and Needle":9,"Turnip":6,"PureWater":0},{"Peace Pipe":6,"OrangePellets":6,"Golden Idol":3,"Dead Branch":0,"Thread and Needle":5,"Turnip":4,"PureWater":0},{"Peace Pipe":20,"OrangePellets":20,"Golden Idol":8,"Dead Branch":0,"Thread and Needle":16,"Turnip":12,"PureWater":0}]},"card_choices":[{"not_picked":["FollowUp","Tantrum"],"picked":"WheelKick","floor":1},{"not_picked":["PathToVictory","Pray"],"picked":"Wireheading","floor":2},{"not_picked":["FlyingSleeves","FollowUp"],"picked":"Weave","floor":3},{"not_picked":["WindmillStrike","JustLucky"],"picked":"LikeWater","floor":6},{"not_picked":["JustLucky","PathToVictory"],"picked":"SashWhip","floor":8},{"not_picked":["WindmillStrike","Evaluate","WreathOfFlame"],"picked":"SKIP","floor":11}],"player_experience":3976096,"relics_obtained":[{"floor":6,"key":"Turnip"},{"floor":9,"key":"Thread and Needle"},{"floor":11,"key":"Peace Pipe"}],"event_choices":[{"damage_healed":0,"gold_gain":0,"player_choice":"Lose Max HP","damage_taken":0,"relics_obtained":["Golden Idol"],"max_hp_gain":0,"max_hp_loss":6,"event_name":"Golden Idol","floor":4,"gold_loss":0},{"damage_healed":0,"gold_gain":0,"player_choice":"Entered Light","damage_taken":19,"max_hp_gain":0,"max_hp_loss":0,"event_name":"Shining Light","floor":5,"gold_loss":0,"cards_upgraded":["Wireheading","Defend_P"]},{"damage_healed":0,"gold_gain":150,"player_choice":"AGREE","damage_taken":0,"max_hp_gain":0,"max_hp_loss":0,"event_name":"Liars Game","floor":12,"gold_loss":0,"cards_obtained":["Doubt"]},{"damage_healed":0,"gold_gain":30,"player_choice":"Searched \u00271\u0027 times","damage_taken":0,"max_hp_gain":0,"max_hp_loss":0,"event_name":"Dead Adventurer","floor":14,"gold_loss":0}],"is_beta":true,"boss_relics":[],"items_purged_floors":[10,13],"is_endless":false,"potions_floor_spawned":[1,2,6],"killed_by":"Hexaghost","ascension_level":20}