{"gold_per_floor":[216,231,241,241,258,258,288,288,335,351,4,38,38,55,55,127,127,144,173,187,187,204,204,204],"floor_reached":24,"playtime":1797,"items_purged":["Pain"],"score":566,"play_id":"0beaab09-560c-44e5-931a-c8bb71097802","local_time":"20210722184925","is_ascension_mode":true,"campfire_choices":[{"floor":6.0,"key":"REST"},{"data":"Conclude","floor":8.0,"key":"SMITH"},{"data":"TalkToTheHand","floor":15.0,"key":"SMITH"},{"floor":23,"key":"REST"}],"neow_cost":"NONE","seed_source_timestamp":293071340194100,"circlet_count":0,"master_deck":["AscendersBane","Strike_P","Strike_P","Strike_P","Defend_P","Defend_P","Defend_P","Defend_P","Eruption","Vigilance","EmptyBody","TalkToTheHand+1","CrushJoints","SandsOfTime","Conclude+1","Master of Strategy","Meditate","Wireheading","Vault","FlurryOfBlows","EmptyBody+1","CutThroughFate"],"special_seed":0,"relics":["PureWater","WarpedTongs","Bottled Flame","Pen Nib","Potion Belt","SacredBark","Red Mask"],"potions_floor_usage":[16,16,19,22],"damage_taken":[{"damage":7.0,"enemies":"Small Slimes","floor":1.0,"turns":3.0},{"damage":1.0,"enemies":"Cultist","floor":2.0,"turns":3.0},{"damage":0.0,"enemies":"2 Louse","floor":3.0,"turns":4.0},{"damage":24.0,"enemies":"Exordium Thugs","floor":5.0,"turns":6.0},{"damage":1.0,"enemies":"Lagavulin","floor":7.0,"turns":5.0},{"damage":3.0,"enemies":"Looter","floor":10.0,"turns":4.0},{"damage":0.0,"enemies":"Gremlin Nob","floor":12.0,"turns":1.0},{"damage":15.0,"enemies":"Lots of Slimes","floor":14.0,"turns":3.0},{"damage":0,"enemies":"Slime Boss","floor":16,"turns":4},{"damage":11,"enemies":"3 Byrds","floor":18,"turns":5},{"damage":12,"enemies":"Masked Bandits","floor":19,"turns":4},{"damage":0,"enemies":"Chosen","floor":20,"turns":3},{"damage":16,"enemies":"Snecko","floor":22,"turns":6},{"damage":43,"enemies":"Slavers","floor":24,"turns":5}],"seed_played":"-1055329783737323569","potions_obtained":[{"floor":3.0,"key":"Energy Potion"},{"floor":7.0,"key":"SpeedPotion"},{"floor":14.0,"key":"LiquidMemories"},{"floor":18,"key":"DistilledChaos"},{"floor":19,"key":"SteroidPotion"}],"is_trial":false,"path_per_floor":["M","M","M","?","M","R","E","R","T","M","$","E","?","M","R","B",null,"M","?","M","?","M","R","E"],"character_chosen":"WATCHER","items_purchased":["Master of Strategy","Fire Potion"],"campfire_rested":2,"item_purchase_floors":[11,11],"current_hp_per_floor":[54,53,53,53,29,49,48,48,48,45,45,45,45,30,30,30,59,48,36,36,36,20,40,0],"gold":204,"neow_bonus":"HUNDRED_GOLD","is_prod":false,"is_daily":false,"chose_seed":false,"campfire_upgraded":2,"win_rate":0,"timestamp":1627004965,"path_taken":["M","M","M","?","?","R","E","R","T","M","$","E","?","M","R","BOSS","M","?","M","?","M","R","E"],"build_version":"2020-12-18","purchased_purges":1,"victory":false,"max_hp_per_floor":[68,68,68,68,68,68,68,68,68,68,68,68,68,68,68,68,68,68,68,68,68,68,68,68],"relic_stats":{"counters":[14,56],"Pen Nib":[6],"obtain_stats":[{"Potion Belt":12,"Bottled Flame":7,"SacredBark":17,"Pen Nib":9,"Red Mask":19,"PureWater":0,"WarpedTongs":4},{"Potion Belt":7,"Bottled Flame":5,"SacredBark":9,"Pen Nib":5,"Red Mask":11,"PureWater":0,"WarpedTongs":3},{"Potion Belt":26,"Bottled Flame":21,"SacredBark":33,"Pen Nib":21,"Red Mask":42,"PureWater":0,"WarpedTongs":10}],"WarpedTongs":[46]},"card_choices":[{"not_picked":["Protect","ClearTheMind"],"picked":"EmptyBody","floor":1.0},{"not_picked":["FlurryOfBlows","Meditate"],"picked":"TalkToTheHand","floor":2.0},{"not_picked":["Protect","WreathOfFlame"],"picked":"CrushJoints","floor":3.0},{"not_picked":["Brilliance","BattleHymn"],"picked":"SandsOfTime","floor":5.0},{"not_picked":["WaveOfTheHand","FollowUp"],"picked":"Conclude","floor":7.0},{"not_picked":["Evaluate","EmptyBody","Swivel"],"picked":"SKIP","floor":10.0},{"not_picked":["SignatureMove","CutThroughFate"],"picked":"Meditate","floor":12.0},{"not_picked":["CutThroughFate","EmptyBody"],"picked":"Wireheading","floor":14.0},{"not_picked":["Blasphemy","Scrawl"],"picked":"Vault","floor":16},{"not_picked":["EmptyBody","CutThroughFate"],"picked":"FlurryOfBlows","floor":18},{"not_picked":["BowlingBash","Perseverance"],"picked":"EmptyBody+1","floor":19},{"not_picked":["ClearTheMind","Fasting2"],"picked":"CutThroughFate","floor":20},{"not_picked":["EmptyMind","Blasphemy","Consecrate"],"picked":"SKIP","floor":22}],"player_experience":3981856,"relics_obtained":[{"floor":7.0,"key":"Bottled Flame"},{"floor":9.0,"key":"Pen Nib"},{"floor":12.0,"key":"Potion Belt"},{"floor":19,"key":"Red Mask"}],"event_choices":[{"damage_healed":0.0,"max_hp_gain":0.0,"max_hp_loss":0.0,"gold_gain":0.0,"event_name":"Accursed Blacksmith","player_choice":"Rummage","floor":4.0,"gold_loss":0.0,"damage_taken":0.0,"relics_obtained":["WarpedTongs"],"cards_obtained":["Pain"]},{"damage_healed":0.0,"max_hp_gain":0.0,"max_hp_loss":0.0,"gold_gain":0.0,"event_name":"Match and Keep!","player_choice":"0 cards matched","floor":13.0,"gold_loss":0.0,"damage_taken":0.0,"cards_obtained":[]},{"damage_healed":0,"gold_gain":0,"player_choice":"Fought Bandits","damage_taken":0,"max_hp_gain":0,"max_hp_loss":0,"event_name":"Masked Bandits","floor":19,"gold_loss":0},{"cards_removed":["Strike_P"],"damage_healed":0,"gold_gain":0,"player_choice":"Card Removal","damage_taken":0,"max_hp_gain":0,"max_hp_loss":0,"event_name":"Wheel of Change","floor":21,"gold_loss":0}],"is_beta":true,"boss_relics":[{"not_picked":["Tiny House","Philosopher\u0027s Stone"],"picked":"SacredBark"}],"items_purged_floors":[11],"is_endless":false,"potions_floor_spawned":[3,7,14,18,19],"killed_by":"Slavers","ascension_level":20}