{"gold_per_floor":[115,125,139,157,27,27,37,63,137,137,169,193,268,297,297,372,372,383,383,45,45,61,61,75,75,99,99,99,115,125,156,156,232,232,247,247,267,278,106,138,138,163,232,232,264,278,278,304,304,304,304,304,304,23,52,52],"floor_reached":57,"playtime":6194,"items_purged":[],"score":3166,"play_id":"77283ba7-a2c3-4d9c-9ebc-5bfb35067008","local_time":"20211218153241","is_ascension_mode":true,"campfire_choices":[{"data":"1","floor":6.0,"key":"LIFT"},{"data":"2","floor":10.0,"key":"LIFT"},{"data":"3","floor":15.0,"key":"LIFT"},{"floor":23.0,"key":"REST"},{"floor":25.0,"key":"REST"},{"data":"LikeWater","floor":32.0,"key":"SMITH"},{"floor":41.0,"key":"RECALL"},{"data":"Omniscience","floor":44,"key":"SMITH"},{"floor":49,"key":"REST"},{"floor":53,"key":"REST"}],"neow_cost":"TEN_PERCENT_HP_LOSS","seed_source_timestamp":301607511905700,"circlet_count":0,"master_deck":["AscendersBane","Strike_P+1","Defend_P+1","Defend_P+1","Defend_P+1","Eruption+1","Vigilance+1","FearNoEvil+1","CrushJoints+1","BowlingBash+1","LikeWater+1","Meditate+1","JustLucky+1","LessonLearned+1","Wallop+1","JustLucky","TalkToTheHand+1","FlurryOfBlows+1","DevaForm+1","ThirdEye+1","WheelKick+1","Protect+1","Fasting2+1","Prostrate+1","Omniscience+1","DeceiveReality+1","SashWhip+1","Enlightenment+1","Dark Shackles+1","InnerPeace","Vault+1"],"special_seed":0,"relics":["PureWater","Girya","Orichalcum","HornCleat","CaptainsWheel","Odd Mushroom","Bag of Marbles","Runic Pyramid","Incense Burner","Bag of Preparation","Kunai","Tiny Chest","Astrolabe","Gremlin Horn","Vajra","StrikeDummy","The Courier","Mummified Hand","Ornamental Fan","Nunchaku"],"potions_floor_usage":[42,51,56,56],"damage_taken":[{"damage":0.0,"enemies":"Cultist","floor":1.0,"turns":3.0},{"damage":0.0,"enemies":"Jaw Worm","floor":2.0,"turns":3.0},{"damage":14.0,"enemies":"2 Louse","floor":3.0,"turns":2.0},{"damage":11.0,"enemies":"Blue Slaver","floor":4.0,"turns":5.0},{"damage":1.0,"enemies":"Looter","floor":7.0,"turns":3.0},{"damage":0.0,"enemies":"Lagavulin","floor":8.0,"turns":3.0},{"damage":4.0,"enemies":"3 Sentries","floor":11.0,"turns":4.0},{"damage":0.0,"enemies":"The Mushroom Lair","floor":12.0,"turns":4.0},{"damage":0.0,"enemies":"Gremlin Nob","floor":14.0,"turns":2.0},{"damage":19.0,"enemies":"Hexaghost","floor":16.0,"turns":9.0},{"damage":15.0,"enemies":"2 Thieves","floor":18.0,"turns":4.0},{"damage":8.0,"enemies":"Shell Parasite","floor":22.0,"turns":3.0},{"damage":16.0,"enemies":"Snake Plant","floor":24.0,"turns":4.0},{"damage":0.0,"enemies":"Centurion and Healer","floor":29.0,"turns":3.0},{"damage":0.0,"enemies":"3 Cultists","floor":30.0,"turns":6.0},{"damage":3.0,"enemies":"Gremlin Leader","floor":31.0,"turns":10.0},{"damage":0.0,"enemies":"Collector","floor":33.0,"turns":7.0},{"damage":5.0,"enemies":"3 Darklings","floor":35.0,"turns":4.0},{"damage":0.0,"enemies":"Orb Walker","floor":37.0,"turns":4.0},{"damage":7.0,"enemies":"Spire Growth","floor":38.0,"turns":5.0},{"damage":0.0,"enemies":"Nemesis","floor":40.0,"turns":7.0},{"damage":12,"enemies":"Reptomancer","floor":42,"turns":9},{"damage":0,"enemies":"Nemesis","floor":45,"turns":5},{"damage":4,"enemies":"Transient","floor":46,"turns":6},{"damage":29,"enemies":"Reptomancer","floor":48,"turns":9},{"damage":1,"enemies":"Awakened One","floor":50,"turns":12},{"damage":0,"enemies":"Time Eater","floor":51,"turns":12},{"damage":0,"enemies":"Shield and Spear","floor":55,"turns":12},{"damage":4,"enemies":"The Heart","floor":56,"turns":9}],"seed_played":"-149550117361602961","potions_obtained":[{"floor":2.0,"key":"SmokeBomb"},{"floor":3.0,"key":"LiquidMemories"},{"floor":11.0,"key":"GamblersBrew"},{"floor":14.0,"key":"CultistPotion"},{"floor":16.0,"key":"LiquidMemories"},{"floor":24.0,"key":"Regen Potion"},{"floor":35.0,"key":"Regen Potion"},{"floor":40.0,"key":"FearPotion"},{"floor":48,"key":"Block Potion"},{"floor":55,"key":"Explosive Potion"}],"is_trial":false,"path_per_floor":["M","M","M","M","$","R","M","E","T","R","E","?","?","E","R","B",null,"M","?","$","?","M","R","M","R","T","T","T","M","M","E","R","B",null,"M","?","M","M","$","E","R","E","T","R","E","M","?","E","R","B","B",null,"R","$","E","B",null],"character_chosen":"WATCHER","items_purchased":["LikeWater","Meditate","Incense Burner","Omniscience","DeceiveReality","Ornamental Fan","InnerPeace"],"campfire_rested":4,"item_purchase_floors":[5,5,20,39,39,54,54],"current_hp_per_floor":[61,61,47,36,36,36,35,35,35,35,31,31,20,20,20,1,47,32,32,32,32,24,42,26,44,44,44,44,44,44,56,56,56,61,56,56,56,49,49,49,49,49,49,49,49,45,35,6,24,23,23,52,62,62,62,58],"gold":52,"neow_bonus":"ONE_RARE_RELIC","is_prod":false,"is_daily":false,"chose_seed":false,"campfire_upgraded":2,"win_rate":0,"timestamp":1639870361,"path_taken":["M","M","M","?","$","R","M","E","T","R","E","?","?","E","R","BOSS","M","?","$","?","M","R","M","R","T","?","?","M","?","E","R","BOSS","M","?","M","M","$","E","R","E","T","R","E","M","?","E","R","BOSS","BOSS","R","$","E","BOSS"],"build_version":"2020-12-18","purchased_purges":0,"victory":true,"max_hp_per_floor":[62,62,62,62,62,62,62,62,62,62,62,62,62,62,62,62,62,62,62,62,62,62,62,62,62,62,62,62,62,62,62,62,62,62,62,62,62,62,62,62,62,62,62,62,62,62,62,62,62,62,62,62,62,62,62,62],"relic_stats":{"Girya":3,"Gremlin Horn":[18,19],"counters":[29,169],"Astrolabe":["ThirdEye","WheelKick","Protect"],"The Courier":70,"Bag of Preparation":[32],"Orichalcum":[54],"Nunchaku":[3],"Mummified Hand":[17],"Ornamental Fan":[48],"Tiny Chest":0,"Kunai":[64],"PureWater":[23],"obtain_stats":[{"Girya":0,"Gremlin Horn":40,"Astrolabe":34,"Vajra":42,"The Courier":45,"Incense Burner":20,"Bag of Preparation":27,"Orichalcum":8,"Odd Mushroom":12,"CaptainsWheel":11,"Nunchaku":55,"HornCleat":9,"Mummified Hand":48,"Ornamental Fan":54,"Tiny Chest":31,"Bag of Marbles":14,"Kunai":28,"PureWater":0,"StrikeDummy":43,"Runic Pyramid":17},{"Girya":0,"Gremlin Horn":21,"Astrolabe":17,"Vajra":22,"The Courier":23,"Incense Burner":11,"Bag of Preparation":13,"Orichalcum":6,"Odd Mushroom":8,"CaptainsWheel":7,"Nunchaku":28,"HornCleat":6,"Mummified Hand":25,"Ornamental Fan":27,"Tiny Chest":16,"Bag of Marbles":9,"Kunai":13,"PureWater":0,"StrikeDummy":22,"Runic Pyramid":10},{"Girya":0,"Gremlin Horn":95,"Astrolabe":75,"Vajra":104,"The Courier":109,"Incense Burner":42,"Bag of Preparation":49,"Orichalcum":19,"Odd Mushroom":27,"CaptainsWheel":23,"Nunchaku":160,"HornCleat":19,"Mummified Hand":124,"Ornamental Fan":148,"Tiny Chest":68,"Bag of Marbles":29,"Kunai":49,"PureWater":0,"StrikeDummy":104,"Runic Pyramid":38}]},"card_choices":[{"not_picked":["FlurryOfBlows","Crescendo"],"picked":"FearNoEvil","floor":1.0},{"not_picked":["ThirdEye","Meditate"],"picked":"CrushJoints","floor":2.0},{"not_picked":["CrushJoints","WheelKick"],"picked":"BowlingBash","floor":3.0},{"not_picked":["FollowUp","Consecrate","JustLucky"],"picked":"SKIP","floor":4.0},{"not_picked":["Adaptation","FollowUp"],"picked":"JustLucky","floor":7.0},{"not_picked":["JustLucky","Swivel","EmptyBody"],"picked":"SKIP","floor":8.0},{"not_picked":["ConjureBlade","SignatureMove","PathToVictory"],"picked":"SKIP","floor":11.0},{"not_picked":["ReachHeaven","ClearTheMind","FearNoEvil"],"picked":"SKIP","floor":14.0},{"not_picked":["Ragnarok","Brilliance"],"picked":"LessonLearned","floor":16.0},{"not_picked":["InnerPeace","Nirvana"],"picked":"Wallop","floor":18.0},{"not_picked":["DeceiveReality","Fasting2"],"picked":"JustLucky","floor":22.0},{"not_picked":["SashWhip","ReachHeaven","EmptyMind"],"picked":"SKIP","floor":24.0},{"not_picked":["Crescendo","BowlingBash"],"picked":"TalkToTheHand","floor":29.0},{"not_picked":["FlyingSleeves","PathToVictory","SashWhip"],"picked":"SKIP","floor":30.0},{"not_picked":["ClearTheMind","FollowUp"],"picked":"FlurryOfBlows","floor":31.0},{"not_picked":["Establishment","LessonLearned"],"picked":"DevaForm","floor":33.0},{"not_picked":["EmptyFist","Consecrate","FlyingSleeves"],"picked":"SKIP","floor":35.0},{"not_picked":["Meditate","CrushJoints"],"picked":"Fasting2","floor":37.0},{"not_picked":["FlurryOfBlows","Evaluate"],"picked":"Prostrate","floor":38.0},{"not_picked":["Nirvana","Evaluate"],"picked":"SashWhip+1","floor":40.0},{"not_picked":["Vengeance","JustLucky","Swivel"],"picked":"SKIP","floor":42},{"not_picked":["Study","Swivel","SandsOfTime"],"picked":"SKIP","floor":45},{"not_picked":["FlurryOfBlows","Alpha","EmptyFist"],"picked":"SKIP","floor":46},{"not_picked":["Sadistic Nature","Trip"],"picked":"Enlightenment","floor":47},{"not_picked":["Secret Technique","Discovery"],"picked":"Dark Shackles","floor":47},{"not_picked":["PathToVictory+1","Consecrate","CrushJoints"],"picked":"SKIP","floor":48},{"not_picked":["CrushJoints","Prostrate"],"picked":"Vault","floor":55}],"player_experience":3983653,"relics_obtained":[{"floor":8.0,"key":"Orichalcum"},{"floor":9.0,"key":"HornCleat"},{"floor":11.0,"key":"CaptainsWheel"},{"floor":12.0,"key":"Odd Mushroom"},{"floor":14.0,"key":"Bag of Marbles"},{"floor":27.0,"key":"Bag of Preparation"},{"floor":28.0,"key":"Kunai"},{"floor":31.0,"key":"Tiny Chest"},{"floor":40.0,"key":"Gremlin Horn"},{"floor":42,"key":"Vajra"},{"floor":43,"key":"StrikeDummy"},{"floor":45,"key":"The Courier"},{"floor":48,"key":"Mummified Hand"},{"floor":55,"key":"Nunchaku"}],"event_choices":[{"damage_healed":0.0,"max_hp_gain":0.0,"max_hp_loss":0.0,"gold_gain":0.0,"event_name":"Mushrooms","player_choice":"Fought Mushrooms","floor":12.0,"gold_loss":0.0,"damage_taken":0.0},{"damage_healed":0.0,"max_hp_gain":0.0,"max_hp_loss":0.0,"gold_gain":75.0,"event_name":"World of Goop","player_choice":"Gather Gold","floor":13.0,"gold_loss":0.0,"damage_taken":11.0},{"damage_healed":0.0,"max_hp_gain":0.0,"max_hp_loss":0.0,"gold_gain":0.0,"event_name":"Back to Basics","player_choice":"Simplicity","floor":19.0,"gold_loss":0.0,"damage_taken":0.0,"cards_upgraded":["Strike_P","Strike_P","Strike_P","Strike_P","Defend_P","Defend_P","Defend_P","Defend_P"]},{"cards_removed":["Defend_P"],"damage_healed":0.0,"max_hp_gain":0.0,"max_hp_loss":0.0,"gold_gain":0.0,"event_name":"Falling","player_choice":"Removed Skill","floor":36.0,"gold_loss":0.0,"damage_taken":0.0},{"damage_healed":0,"gold_gain":0,"player_choice":"Memory 3","damage_taken":10,"max_hp_gain":0,"max_hp_loss":0,"event_name":"SensoryStone","floor":47,"gold_loss":0}],"is_beta":true,"boss_relics":[{"not_picked":["Empty Cage","SlaversCollar"],"picked":"Runic Pyramid"},{"not_picked":["SacredBark","Tiny House"],"picked":"Astrolabe"}],"items_purged_floors":[],"is_endless":false,"potions_floor_spawned":[2,3,11,14,16,22,24,30,35,40,48,55],"ascension_level":20}