{"gold_per_floor":[363,374,374,244,261,261,279,279,279,311,323,323],"floor_reached":12,"playtime":573,"items_purged":["Strike_P"],"score":160,"play_id":"ee09a9ff-f55e-4fb5-bd0e-ad69837a2d8c","local_time":"20211218212830","is_ascension_mode":true,"campfire_choices":[{"data":"PathToVictory","floor":6,"key":"SMITH"},{"floor":8,"key":"REST"}],"neow_cost":"PERCENT_DAMAGE","seed_source_timestamp":328670966191700,"circlet_count":0,"master_deck":["AscendersBane","Strike_P","Strike_P","Defend_P","Defend_P","Defend_P","Defend_P","Eruption","Vigilance","PathToVictory+1","EmptyBody","Meditate"],"relics":["PureWater","Sundial","Bottled Lightning"],"potions_floor_usage":[7,11],"damage_taken":[{"damage":3,"enemies":"Small Slimes","floor":1,"turns":6},{"damage":0,"enemies":"Cultist","floor":2,"turns":4},{"damage":6,"enemies":"Jaw Worm","floor":5,"turns":5},{"damage":11,"enemies":"Exordium Thugs","floor":7,"turns":6},{"damage":19,"enemies":"Lagavulin","floor":10,"turns":7},{"damage":12,"enemies":"Lots of Slimes","floor":11,"turns":7},{"damage":41,"enemies":"Gremlin Nob","floor":12,"turns":3}],"seed_played":"-4146605253103287758","potions_obtained":[{"floor":7,"key":"Energy Potion"}],"is_trial":false,"path_per_floor":["M","M","?","$","M","R","M","R","T","E","M","E"],"character_chosen":"WATCHER","items_purchased":["BlessingOfTheForge"],"campfire_rested":1,"item_purchase_floors":[4],"current_hp_per_floor":[40,40,40,40,34,34,23,43,43,24,12,0],"gold":323,"neow_bonus":"TWO_FIFTY_GOLD","is_prod":false,"is_daily":false,"chose_seed":false,"campfire_upgraded":1,"win_rate":0,"timestamp":1639891710,"path_taken":["M","M","?","$","M","R","?","R","T","E","?","E"],"build_version":"2020-12-18","purchased_purges":1,"victory":false,"max_hp_per_floor":[68,68,68,68,68,68,68,68,68,68,68,68],"relic_stats":{"counters":[7,38],"Sundial":[4],"Bottled Lightning":"PathToVictory","PureWater":[4],"obtain_stats":[{"Sundial":9,"Bottled Lightning":10,"PureWater":0},{"Sundial":4,"Bottled Lightning":5,"PureWater":0},{"Sundial":21,"Bottled Lightning":28,"PureWater":0}]},"card_choices":[{"not_picked":["Evaluate","FlyingSleeves"],"picked":"PathToVictory","floor":1},{"not_picked":["Crescendo","SignatureMove","Protect"],"picked":"SKIP","floor":2},{"not_picked":["TalkToTheHand","BowlingBash","Protect"],"picked":"SKIP","floor":5},{"not_picked":["FlyingSleeves","FollowUp"],"picked":"EmptyBody","floor":7},{"not_picked":["Collect","Consecrate","FlurryOfBlows"],"picked":"SKIP","floor":10},{"not_picked":["Protect","CutThroughFate"],"picked":"Meditate","floor":11}],"player_experience":3989847,"relics_obtained":[{"floor":9,"key":"Sundial"},{"floor":10,"key":"Bottled Lightning"}],"event_choices":[{"cards_removed":["Strike_P"],"damage_healed":0,"gold_gain":0,"player_choice":"Offered Basic","damage_taken":0,"max_hp_gain":0,"max_hp_loss":0,"event_name":"Bonfire Elementals","floor":3,"gold_loss":0}],"is_beta":true,"boss_relics":[],"items_purged_floors":[4],"is_endless":false,"potions_floor_spawned":[7],"killed_by":"Gremlin Nob","ascension_level":20}