{"gold_per_floor":[109,109,123,143,143,172,185,214,214,224,83,83,111,126,126,200,200,212,231,250,250],"floor_reached":21,"playtime":1248,"items_purged":["Strike_P"],"score":556,"play_id":"e882b243-cdbb-4dd9-aab7-a2979ae15898","local_time":"20211218223646","is_ascension_mode":true,"campfire_choices":[{"data":"Conclude","floor":12,"key":"SMITH"},{"data":"Eruption","floor":15,"key":"SMITH"}],"neow_cost":"NONE","seed_source_timestamp":332091866635600,"circlet_count":0,"master_deck":["AscendersBane","Strike_P","Strike_P","Defend_P","Defend_P","Defend_P","Defend_P","Eruption+1","Vigilance","Wallop+1","Wallop","WheelKick","JustLucky","Halt","Conclude+1","MentalFortress","Consecrate","DevaForm","ClearTheMind+1"],"relics":["PureWater","Smiling Mask","Ancient Tea Set","Eternal Feather","Ginger","Coffee Dripper"],"potions_floor_usage":[6,8,13,16],"damage_taken":[{"damage":9,"enemies":"Cultist","floor":1,"turns":5},{"damage":2,"enemies":"Jaw Worm","floor":3,"turns":5},{"damage":0,"enemies":"Small Slimes","floor":4,"turns":3},{"damage":18,"enemies":"Lagavulin","floor":6,"turns":6},{"damage":0,"enemies":"3 Louse","floor":7,"turns":3},{"damage":0,"enemies":"Gremlin Nob","floor":8,"turns":2},{"damage":19,"enemies":"Exordium Wildlife","floor":10,"turns":4},{"damage":10,"enemies":"Lagavulin","floor":13,"turns":7},{"damage":0,"enemies":"2 Fungi Beasts","floor":14,"turns":2},{"damage":0,"enemies":"Slime Boss","floor":16,"turns":6},{"damage":32,"enemies":"Shell Parasite","floor":18,"turns":6},{"damage":13,"enemies":"3 Byrds","floor":19,"turns":4},{"damage":11,"enemies":"Centurion and Healer","floor":20,"turns":4},{"damage":7,"enemies":"Snake Plant","floor":21,"turns":2}],"seed_played":"2164732472969391059","potions_obtained":[{"floor":1,"key":"ColorlessPotion"},{"floor":3,"key":"Explosive Potion"},{"floor":7,"key":"SkillPotion"},{"floor":14,"key":"Dexterity Potion"}],"is_trial":false,"path_per_floor":["M","?","M","M","?","E","M","E","T","M","$","R","E","M","R","B",null,"M","M","M","M"],"character_chosen":"WATCHER","items_purchased":["MentalFortress","SteroidPotion"],"campfire_rested":0,"item_purchase_floors":[11,11],"current_hp_per_floor":[58,58,56,56,56,38,38,38,38,19,19,28,18,18,27,27,62,30,17,6,0],"gold":250,"neow_bonus":"TEN_PERCENT_HP_BONUS","is_prod":false,"is_daily":false,"chose_seed":false,"campfire_upgraded":2,"win_rate":0,"timestamp":1639895806,"path_taken":["M","?","M","M","?","E","?","E","T","M","$","R","E","M","R","BOSS","M","?","?","M"],"build_version":"2020-12-18","purchased_purges":1,"victory":false,"max_hp_per_floor":[74,74,74,74,74,74,74,74,74,74,74,74,74,74,74,74,74,74,74,74,74],"relic_stats":{"counters":[14,59],"Eternal Feather":18,"Ginger":[4],"PureWater":[7],"Smiling Mask":25,"Ancient Tea Set":[4],"obtain_stats":[{"Eternal Feather":9,"Coffee Dripper":17,"Ginger":13,"PureWater":0,"Smiling Mask":6,"Ancient Tea Set":8},{"Eternal Feather":6,"Coffee Dripper":10,"Ginger":8,"PureWater":0,"Smiling Mask":4,"Ancient Tea Set":6},{"Eternal Feather":24,"Coffee Dripper":43,"Ginger":35,"PureWater":0,"Smiling Mask":19,"Ancient Tea Set":24}]},"card_choices":[{"not_picked":["Consecrate","Vengeance"],"picked":"Wallop","floor":1},{"not_picked":["JustLucky","SashWhip"],"picked":"Wallop","floor":3},{"not_picked":["ClearTheMind","InnerPeace"],"picked":"WheelKick","floor":4},{"not_picked":["WheelKick","Omniscience"],"picked":"JustLucky","floor":6},{"not_picked":["JustLucky","Fasting2"],"picked":"Halt","floor":7},{"not_picked":["DeceiveReality","Protect"],"picked":"Conclude","floor":8},{"not_picked":["ClearTheMind","CrushJoints","EmptyBody"],"picked":"SKIP","floor":10},{"not_picked":["EmptyFist","Pray"],"picked":"Consecrate","floor":13},{"not_picked":["Pray","CarveReality","Crescendo"],"picked":"SKIP","floor":14},{"not_picked":["Omniscience","Alpha"],"picked":"DevaForm","floor":16},{"not_picked":["CrushJoints","Consecrate","Wallop"],"picked":"SKIP","floor":18},{"not_picked":["Indignation","EmptyBody"],"picked":"ClearTheMind+1","floor":19},{"not_picked":["PathToVictory","SashWhip","BattleHymn"],"picked":"SKIP","floor":20}],"player_experience":3990420,"relics_obtained":[{"floor":6,"key":"Smiling Mask"},{"floor":8,"key":"Ancient Tea Set"},{"floor":9,"key":"Eternal Feather"},{"floor":13,"key":"Ginger"}],"event_choices":[{"damage_healed":0,"gold_gain":0,"player_choice":"Grow","damage_taken":0,"max_hp_gain":0,"max_hp_loss":0,"event_name":"Living Wall","floor":2,"gold_loss":0,"cards_upgraded":["Wallop"]},{"cards_removed":["Strike_P"],"damage_healed":0,"gold_gain":0,"player_choice":"Purged","damage_taken":0,"max_hp_gain":0,"max_hp_loss":0,"event_name":"Purifier","floor":5,"gold_loss":0}],"is_beta":true,"boss_relics":[{"not_picked":["SlaversCollar","Busted Crown"],"picked":"Coffee Dripper"}],"items_purged_floors":[11],"is_endless":false,"potions_floor_spawned":[1,3,7,14],"killed_by":"Snake Plant","ascension_level":20}