{"gold_per_floor":[18,38,57,57,74,74,101,101,155,185,185,66,97,112,112,186,186,204,218,228,153,153,153,188,216,285,185,185,214,229,258,258,332,332,351,406,419,444,75,109,128,128,128,162,177,211,222,257,257,257,257,257,257,48,77,77],"floor_reached":57,"playtime":5382,"items_purged":["Defend_P","Writhe","ConjureBlade"],"score":3386,"play_id":"f7113d16-64e1-45d8-a9de-bb73d800ccff","local_time":"20211229005806","is_ascension_mode":true,"campfire_choices":[{"data":"EmptyFist","floor":6.0,"key":"SMITH"},{"data":"Eruption","floor":8.0,"key":"SMITH"},{"data":"MentalFortress","floor":11.0,"key":"SMITH"},{"data":"BowlingBash","floor":15.0,"key":"SMITH"},{"floor":23.0,"key":"REST"},{"data":"Wallop","floor":28.0,"key":"SMITH"},{"floor":32.0,"key":"REST"},{"floor":49,"key":"RECALL"},{"data":"TalkToTheHand","floor":53,"key":"SMITH"}],"neow_cost":"NO_GOLD","seed_source_timestamp":390461062861500,"circlet_count":0,"master_deck":["AscendersBane","Eruption+1","Vigilance","MentalFortress+1","EmptyFist+1","Wallop+1","BowlingBash+1","Vault","EmptyMind","InnerPeace","Vault","FearNoEvil","Conclude","MentalFortress","Indignation","SandsOfTime","FlurryOfBlows+1","Tantrum","JustLucky+1","Halt","TalkToTheHand+1","Impatience","Scrawl"],"special_seed":0,"relics":["PureWater","WingedGreaves","Sundial","Centennial Puzzle","Toy Ornithopter","Vajra","Cursed Key","Enchiridion","InkBottle","Dream Catcher","Anchor","FossilizedHelix","Pandora\u0027s Box","TungstenRod","Ginger","ClockworkSouvenir","Pocketwatch","Kunai","TeardropLocket","MealTicket","Ice Cream"],"potions_floor_usage":[50,56],"damage_taken":[{"damage":0.0,"enemies":"Cultist","floor":1.0,"turns":3.0},{"damage":0.0,"enemies":"Small Slimes","floor":2.0,"turns":4.0},{"damage":0.0,"enemies":"2 Louse","floor":3.0,"turns":4.0},{"damage":0.0,"enemies":"Looter","floor":5.0,"turns":2.0},{"damage":0.0,"enemies":"Gremlin Nob","floor":7.0,"turns":2.0},{"damage":22.0,"enemies":"Lagavulin","floor":10.0,"turns":4.0},{"damage":0.0,"enemies":"Gremlin Nob","floor":13.0,"turns":3.0},{"damage":0.0,"enemies":"Exordium Wildlife","floor":14.0,"turns":2.0},{"damage":0.0,"enemies":"Slime Boss","floor":16.0,"turns":4.0},{"damage":4.0,"enemies":"Shell Parasite","floor":18.0,"turns":4.0},{"damage":4.0,"enemies":"3 Byrds","floor":19.0,"turns":6.0},{"damage":2.0,"enemies":"3 Cultists","floor":20.0,"turns":4.0},{"damage":6.0,"enemies":"Gremlin Leader","floor":24.0,"turns":5.0},{"damage":0.0,"enemies":"Book of Stabbing","floor":25.0,"turns":5.0},{"damage":23.0,"enemies":"Slavers","floor":29.0,"turns":6.0},{"damage":0.0,"enemies":"Cultist and Chosen","floor":30.0,"turns":3.0},{"damage":0.0,"enemies":"Gremlin Leader","floor":31.0,"turns":4.0},{"damage":2.0,"enemies":"Collector","floor":33.0,"turns":11.0},{"damage":0.0,"enemies":"3 Shapes","floor":35.0,"turns":3.0},{"damage":0.0,"enemies":"2 Orb Walkers","floor":36.0,"turns":3.0},{"damage":0,"enemies":"Orb Walker","floor":37,"turns":4},{"damage":0,"enemies":"Mind Bloom Boss Battle","floor":38,"turns":5},{"damage":0,"enemies":"Nemesis","floor":40,"turns":5},{"damage":0,"enemies":"Maw","floor":41,"turns":4},{"damage":0,"enemies":"Reptomancer","floor":44,"turns":3},{"damage":0,"enemies":"3 Darklings","floor":45,"turns":3},{"damage":19,"enemies":"Nemesis","floor":46,"turns":6},{"damage":0,"enemies":"Spire Growth","floor":47,"turns":5},{"damage":0,"enemies":"Reptomancer","floor":48,"turns":2},{"damage":0,"enemies":"Time Eater","floor":50,"turns":8},{"damage":27,"enemies":"Donu and Deca","floor":51,"turns":10},{"damage":36,"enemies":"Shield and Spear","floor":55,"turns":8},{"damage":1,"enemies":"The Heart","floor":56,"turns":9}],"seed_played":"3175742607916927178","potions_obtained":[{"floor":1.0,"key":"FearPotion"},{"floor":2.0,"key":"Energy Potion"},{"floor":13.0,"key":"Swift Potion"},{"floor":16.0,"key":"Dexterity Potion"},{"floor":18.0,"key":"Ambrosia"},{"floor":24.0,"key":"FairyPotion"},{"floor":31.0,"key":"EssenceOfSteel"},{"floor":36.0,"key":"FearPotion"},{"floor":38,"key":"EntropicBrew"},{"floor":48,"key":"PowerPotion"}],"is_trial":false,"path_per_floor":["M","M","M","?","M","R","E","R","T","E","R","$","E","M","R","B",null,"M","M","M","?","?","R","E","E","T","$","R","E","M","E","R","B",null,"M","?","M","?","$","E","M","?","T","E","M","E","M","E","R","B","B",null,"R","$","E","B",null],"character_chosen":"WATCHER","items_purchased":["Wallop","ClockworkSouvenir","Tantrum","Ambrosia","Impatience"],"campfire_rested":2,"item_purchase_floors":[12,39,39,54,54],"current_hp_per_floor":[61,61,61,61,61,61,61,61,61,39,39,39,39,44,44,49,63,59,55,53,53,32,52,51,51,51,51,51,28,28,28,48,46,63,63,68,68,68,68,68,68,68,68,68,68,49,49,49,49,54,27,58,58,68,32,36],"gold":77,"neow_bonus":"ONE_RARE_RELIC","is_prod":false,"is_daily":false,"chose_seed":false,"campfire_upgraded":6,"win_rate":0,"timestamp":1640768286,"path_taken":["M","?","M","?","M","R","E","R","T","E","R","$","E","M","R","BOSS","M","M","M","?","?","R","E","E","T","$","R","E","M","E","R","BOSS","M","?","M","?","$","E","M","?","T","E","M","E","M","E","R","BOSS","BOSS","R","$","E","BOSS"],"build_version":"2020-12-18","purchased_purges":3,"victory":true,"max_hp_per_floor":[68,68,68,68,68,68,68,68,68,68,68,68,68,68,68,68,68,68,68,68,68,68,68,68,68,68,68,68,68,68,68,68,68,68,68,68,68,68,68,68,68,68,68,68,68,68,68,68,68,68,68,68,68,68,68,68],"relic_stats":{"Ice Cream":[5],"counters":[33,154],"Ginger":[9],"Cursed Key":1,"Centennial Puzzle":[33],"Dream Catcher":1,"Sundial":[30],"Pandora\u0027s Box":["FearNoEvil","Conclude","MentalFortress","Indignation","ConjureBlade","SandsOfTime"],"MealTicket":10,"WingedGreaves":3,"Kunai":[43],"PureWater":[20],"obtain_stats":[{"Ice Cream":55,"Vajra":13,"Enchiridion":22,"Ginger":38,"TeardropLocket":46,"Cursed Key":17,"ClockworkSouvenir":39,"Centennial Puzzle":9,"Dream Catcher":25,"Anchor":29,"Sundial":7,"Pandora\u0027s Box":34,"MealTicket":48,"WingedGreaves":0,"Kunai":44,"PureWater":0,"Toy Ornithopter":10,"InkBottle":24,"FossilizedHelix":31,"TungstenRod":36,"Pocketwatch":40},{"Ice Cream":32,"Vajra":7,"Enchiridion":12,"Ginger":22,"TeardropLocket":27,"Cursed Key":9,"ClockworkSouvenir":22,"Centennial Puzzle":5,"Dream Catcher":14,"Anchor":15,"Sundial":5,"Pandora\u0027s Box":18,"MealTicket":29,"WingedGreaves":0,"Kunai":25,"PureWater":0,"Toy Ornithopter":6,"InkBottle":13,"FossilizedHelix":17,"TungstenRod":20,"Pocketwatch":23},{"Ice Cream":145,"Vajra":22,"Enchiridion":42,"Ginger":91,"TeardropLocket":112,"Cursed Key":28,"ClockworkSouvenir":91,"Centennial Puzzle":15,"Dream Catcher":52,"Anchor":58,"Sundial":15,"Pandora\u0027s Box":76,"MealTicket":119,"WingedGreaves":0,"Kunai":103,"PureWater":0,"Toy Ornithopter":19,"InkBottle":47,"FossilizedHelix":65,"TungstenRod":82,"Pocketwatch":96}],"Toy Ornithopter":30,"InkBottle":[58],"FossilizedHelix":[69],"TungstenRod":12,"Pocketwatch":[9]},"card_choices":[{"not_picked":["SignatureMove","Evaluate","Crescendo"],"picked":"SKIP","floor":1.0},{"not_picked":["SashWhip","Crescendo"],"picked":"MentalFortress","floor":2.0},{"not_picked":["Prostrate","BowlingBash"],"picked":"EmptyFist","floor":3.0},{"not_picked":["Sanctity","Protect","Fasting2"],"picked":"SKIP","floor":5.0},{"not_picked":["EmptyBody","Omniscience","Swivel"],"picked":"SKIP","floor":7.0},{"not_picked":["WaveOfTheHand","Evaluate","Prostrate"],"picked":"SKIP","floor":10.0},{"not_picked":["Fasting2","JustLucky"],"picked":"BowlingBash","floor":13.0},{"not_picked":["WheelKick","ThirdEye","Study"],"picked":"SKIP","floor":14.0},{"not_picked":["Ragnarok","Devotion"],"picked":"Vault","floor":16.0},{"not_picked":["Evaluate","FlyingSleeves","CrushJoints"],"picked":"SKIP","floor":18.0},{"not_picked":["JustLucky","Study","CrushJoints"],"picked":"SKIP","floor":19.0},{"not_picked":["ClearTheMind","PathToVictory"],"picked":"FearNoEvil+1","floor":20.0},{"not_picked":["BowlingBash","DevaForm","CutThroughFate"],"picked":"SKIP","floor":24.0},{"not_picked":["ThirdEye","FearNoEvil","Protect"],"picked":"SKIP","floor":25.0},{"not_picked":["FlyingSleeves","Crescendo","SignatureMove"],"picked":"SKIP","floor":29.0},{"not_picked":["ThirdEye","Protect"],"picked":"EmptyMind","floor":30.0},{"not_picked":["Evaluate","MasterReality"],"picked":"InnerPeace","floor":31.0},{"not_picked":["Omniscience","Judgement"],"picked":"Vault","floor":33.0},{"not_picked":["SashWhip","Prostrate+1","WindmillStrike+1"],"picked":"SKIP","floor":35.0},{"not_picked":["FollowUp+1","EmptyFist"],"picked":"FlurryOfBlows+1","floor":37},{"not_picked":["Tantrum","WaveOfTheHand","Prostrate+1"],"picked":"SKIP","floor":40},{"not_picked":["PathToVictory","BowlingBash","WheelKick"],"picked":"SKIP","floor":41},{"not_picked":["LikeWater","ClearTheMind+1"],"picked":"JustLucky+1","floor":44},{"not_picked":["BowlingBash","Brilliance"],"picked":"Halt","floor":45},{"not_picked":["JustLucky","InnerPeace"],"picked":"TalkToTheHand","floor":46},{"not_picked":["Nirvana","Halt","Indignation"],"picked":"SKIP","floor":47},{"not_picked":["Collect+1","BowlingBash","Sanctity"],"picked":"SKIP","floor":48},{"not_picked":["Fasting2","BowlingBash"],"picked":"Scrawl","floor":55}],"player_experience":4046442,"relics_obtained":[{"floor":7.0,"key":"Sundial"},{"floor":9.0,"key":"Centennial Puzzle"},{"floor":10.0,"key":"Toy Ornithopter"},{"floor":13.0,"key":"Vajra"},{"floor":22.0,"key":"Enchiridion"},{"floor":24.0,"key":"InkBottle"},{"floor":25.0,"key":"Dream Catcher"},{"floor":29.0,"key":"Anchor"},{"floor":31.0,"key":"FossilizedHelix"},{"floor":36.0,"key":"TungstenRod"},{"floor":38,"key":"Ginger"},{"floor":40,"key":"Pocketwatch"},{"floor":44,"key":"Kunai"},{"floor":46,"key":"TeardropLocket"},{"floor":48,"key":"MealTicket"},{"floor":55,"key":"Ice Cream"}],"event_choices":[{"damage_healed":0.0,"max_hp_gain":0.0,"max_hp_loss":0.0,"gold_gain":0.0,"event_name":"Liars Game","player_choice":"Ignored","floor":4.0,"gold_loss":0.0,"damage_taken":0.0},{"cards_removed":["Strike_P"],"damage_healed":0.0,"max_hp_gain":0.0,"max_hp_loss":0.0,"gold_gain":0.0,"event_name":"Beggar","player_choice":"Gave Gold","floor":21.0,"gold_loss":75.0,"damage_taken":0.0},{"damage_healed":0.0,"max_hp_gain":0.0,"max_hp_loss":0.0,"gold_gain":0.0,"event_name":"Cursed Tome","player_choice":"Obtained Book","floor":22.0,"gold_loss":0.0,"damage_taken":21.0},{"damage_healed":0.0,"max_hp_gain":0.0,"max_hp_loss":0.0,"gold_gain":0.0,"event_name":"Mysterious Sphere","player_choice":"Fight","floor":36.0,"gold_loss":0.0,"damage_taken":0.0},{"damage_healed":0,"gold_gain":0,"player_choice":"Fight","damage_taken":0,"max_hp_gain":0,"max_hp_loss":0,"event_name":"MindBloom","floor":38,"gold_loss":0},{"cards_removed":["FearNoEvil"],"damage_healed":0,"gold_gain":0,"player_choice":"Removed Attack","damage_taken":0,"max_hp_gain":0,"max_hp_loss":0,"event_name":"Falling","floor":42,"gold_loss":0}],"is_beta":true,"boss_relics":[{"not_picked":["Runic Pyramid","Sozu"],"picked":"Cursed Key"},{"not_picked":["Coffee Dripper","Calling Bell"],"picked":"Pandora\u0027s Box"}],"items_purged_floors":[12,27,39],"is_endless":false,"potions_floor_spawned":[1,2,13,16,18,24,31,36,37,38,40,48],"ascension_level":20}