{"gold_per_floor":[163,182,195,2,2,2,13,38,84,84],"floor_reached":10,"playtime":641,"items_purged":["Defend_P"],"score":136,"play_id":"4b102f84-4674-48c5-82a4-950165840d03","local_time":"20211227192737","is_ascension_mode":true,"campfire_choices":[{"data":"CrushJoints","floor":6,"key":"SMITH"}],"neow_cost":"NONE","seed_source_timestamp":289236771734100,"circlet_count":0,"master_deck":["AscendersBane","Strike_P+1","Strike_P","Strike_P","Defend_P","Defend_P","Defend_P","Eruption","Vigilance","CrushJoints+1","FlurryOfBlows","Wireheading","TalkToTheHand","MentalFortress","EmptyBody","Scrawl"],"relics":["Tiny House","Yang","Regal Pillow"],"potions_floor_usage":[8],"damage_taken":[{"damage":2,"enemies":"Jaw Worm","floor":1,"turns":3},{"damage":0,"enemies":"Cultist","floor":2,"turns":3},{"damage":12,"enemies":"Small Slimes","floor":3,"turns":4},{"damage":9,"enemies":"Exordium Wildlife","floor":7,"turns":3},{"damage":22,"enemies":"Gremlin Nob","floor":8,"turns":4},{"damage":26,"enemies":"3 Sentries","floor":10,"turns":8}],"seed_played":"-3377211702317021922","potions_obtained":[{"floor":0,"key":"DistilledChaos"},{"floor":2,"key":"BottledMiracle"}],"is_trial":false,"path_per_floor":["M","M","M","$","?","R","M","E","T","E"],"character_chosen":"WATCHER","items_purchased":["TalkToTheHand","MentalFortress"],"campfire_rested":0,"item_purchase_floors":[4,4],"current_hp_per_floor":[64,64,52,52,52,52,43,21,21,0],"gold":84,"neow_bonus":"BOSS_RELIC","is_prod":false,"is_daily":false,"chose_seed":false,"campfire_upgraded":1,"win_rate":0,"timestamp":1640662057,"path_taken":["M","M","M","$","?","R","M","E","T","E"],"build_version":"2020-12-18","purchased_purges":1,"victory":false,"max_hp_per_floor":[73,73,73,73,73,73,73,73,73,73],"relic_stats":{"Regal Pillow":0,"counters":[6,25],"Yang":[15],"obtain_stats":[{"Regal Pillow":9,"Tiny House":0,"Yang":8,"PureWater":0},{"Regal Pillow":5,"Tiny House":0,"Yang":5,"PureWater":0},{"Regal Pillow":17,"Tiny House":0,"Yang":17,"PureWater":0}]},"card_choices":[{"not_picked":["ReachHeaven","ClearTheMind"],"picked":"CrushJoints","floor":0},{"not_picked":["ThirdEye","EmptyFist"],"picked":"FlurryOfBlows","floor":1},{"not_picked":["Prostrate","Vengeance","FlyingSleeves"],"picked":"SKIP","floor":2},{"not_picked":["Collect","EmptyFist"],"picked":"Wireheading","floor":3},{"not_picked":["Crescendo","PathToVictory"],"picked":"EmptyBody","floor":7},{"not_picked":["CrushJoints","Nirvana"],"picked":"Scrawl","floor":8}],"player_experience":4007455,"relics_obtained":[{"floor":8,"key":"Yang"},{"floor":9,"key":"Regal Pillow"}],"event_choices":[{"cards_removed":["Strike_P"],"damage_healed":0,"gold_gain":0,"player_choice":"Purged","damage_taken":0,"max_hp_gain":0,"max_hp_loss":0,"event_name":"Purifier","floor":5,"gold_loss":0}],"is_beta":true,"boss_relics":[],"items_purged_floors":[4],"is_endless":false,"potions_floor_spawned":[2],"killed_by":"3 Sentries","ascension_level":20}