{"gold_per_floor":[99,99,99,99,99,99,99,99,99,99,99,99,99,24,24,24,24,24,24,24,24,24,24,24,24,24,24,24,24,24,24,24,24,24,24,24,24,24,24,24,24,24,24,24,24,24,24,24,24,24],"floor_reached":50,"playtime":3276,"items_purged":["Defend_P"],"score":1263,"play_id":"353044c3-bf4d-4998-bfc0-f22e892a1e63","local_time":"20211227202223","is_ascension_mode":true,"campfire_choices":[{"data":"WheelKick","floor":6,"key":"SMITH"},{"data":"CrushJoints","floor":8,"key":"SMITH"},{"data":"SashWhip","floor":13,"key":"SMITH"},{"data":"TalkToTheHand","floor":15,"key":"SMITH"},{"data":"SpiritShield","floor":23,"key":"SMITH"},{"floor":25,"key":"REST"},{"floor":32,"key":"REST"},{"floor":40,"key":"REST"},{"data":"TalkToTheHand","floor":45,"key":"SMITH"},{"floor":47,"key":"RECALL"},{"floor":49,"key":"REST"}],"neow_cost":"NONE","seed_source_timestamp":289889022775200,"circlet_count":0,"master_deck":["AscendersBane","Strike_P","Strike_P","Defend_P","Defend_P+1","Eruption","Vigilance","SashWhip+1","WheelKick+1","TalkToTheHand+1","CrushJoints+1","ThirdEye+1","SpiritShield+1","FlurryOfBlows","Fasting2","Fasting2","Halt","TalkToTheHand+1","TalkToTheHand+1","Scrawl","CurseOfTheBell","Wallop+1","DeceiveReality+1","CutThroughFate+1","Halt+1","WaveOfTheHand"],"relics":["Ectoplasm","Darkstone Periapt","Eternal Feather","Bottled Flame","Black Star","Yang","Bag of Marbles","Shuriken","Happy Flower","Matryoshka","White Beast Statue","Calling Bell","Molten Egg 2","Unceasing Top","Boot","CaptainsWheel","Dream Catcher","Frozen Egg 2","MealTicket","Pear","War Paint","Strawberry","FossilizedHelix"],"potions_floor_usage":[12,24,29,31,35,39,41,41,46,46],"damage_taken":[{"damage":2,"enemies":"Jaw Worm","floor":1,"turns":4},{"damage":0,"enemies":"2 Louse","floor":2,"turns":2},{"damage":0,"enemies":"Cultist","floor":3,"turns":2},{"damage":10,"enemies":"Lagavulin","floor":7,"turns":6},{"damage":7,"enemies":"3 Louse","floor":10,"turns":3},{"damage":0,"enemies":"Red Slaver","floor":11,"turns":3},{"damage":6,"enemies":"Gremlin Nob","floor":12,"turns":3},{"damage":1,"enemies":"Hexaghost","floor":16,"turns":9},{"damage":10,"enemies":"Shell Parasite","floor":18,"turns":6},{"damage":0,"enemies":"Spheric Guardian","floor":20,"turns":3},{"damage":7,"enemies":"Snecko","floor":22,"turns":4},{"damage":33,"enemies":"Book of Stabbing","floor":24,"turns":6},{"damage":5,"enemies":"Centurion and Healer","floor":28,"turns":6},{"damage":41,"enemies":"Gremlin Leader","floor":29,"turns":8},{"damage":1,"enemies":"Book of Stabbing","floor":31,"turns":4},{"damage":13,"enemies":"Champ","floor":33,"turns":11},{"damage":29,"enemies":"3 Shapes","floor":35,"turns":7},{"damage":13,"enemies":"Orb Walker","floor":36,"turns":5},{"damage":0,"enemies":"Maw","floor":38,"turns":6},{"damage":5,"enemies":"2 Orb Walkers","floor":39,"turns":3},{"damage":30,"enemies":"Giant Head","floor":41,"turns":8},{"damage":0,"enemies":"Nemesis","floor":44,"turns":9},{"damage":65,"enemies":"Reptomancer","floor":46,"turns":7},{"damage":71,"enemies":"Time Eater","floor":50,"turns":14}],"seed_played":"2354437031238665605","potions_obtained":[{"floor":7,"key":"Swift Potion"},{"floor":11,"key":"BlessingOfTheForge"},{"floor":12,"key":"Energy Potion"},{"floor":20,"key":"Ancient Potion"},{"floor":24,"key":"PowerPotion"},{"floor":28,"key":"Weak Potion"},{"floor":33,"key":"Explosive Potion"},{"floor":35,"key":"Ambrosia"},{"floor":36,"key":"Energy Potion"},{"floor":39,"key":"FearPotion"},{"floor":41,"key":"LiquidMemories"},{"floor":44,"key":"Regen Potion"},{"floor":46,"key":"Swift Potion"}],"is_trial":false,"path_per_floor":["M","M","M","?","?","R","E","R","T","M","M","E","R","$","R","B",null,"M","?","M","?","M","R","E","R","T","?","M","E","$","E","R","B",null,"M","M","$","M","?","R","E","$","T","E","R","E","R","?","R","B"],"character_chosen":"WATCHER","items_purchased":[],"campfire_rested":4,"item_purchase_floors":[],"current_hp_per_floor":[59,59,59,59,59,59,49,49,49,42,42,36,45,45,51,50,64,54,54,54,60,53,62,29,60,60,60,55,14,14,13,47,34,70,41,28,28,28,23,59,29,29,29,39,54,11,26,26,70,0],"gold":24,"neow_bonus":"BOSS_RELIC","is_prod":false,"is_daily":false,"chose_seed":false,"campfire_upgraded":6,"win_rate":0,"timestamp":1640665343,"path_taken":["M","M","M","?","?","R","E","R","T","M","M","E","R","$","R","BOSS","M","?","M","?","?","R","E","R","T","?","M","E","$","E","R","BOSS","M","?","$","M","?","R","E","?","T","E","R","E","R","?","R","BOSS"],"build_version":"2020-12-18","purchased_purges":1,"victory":false,"max_hp_per_floor":[68,68,68,68,68,68,68,68,68,68,68,68,68,68,68,68,68,68,68,68,74,74,74,74,74,74,74,74,74,74,74,74,74,80,80,80,80,80,80,80,80,80,80,90,90,97,97,97,97,97],"relic_stats":{"Darkstone Periapt":12,"Happy Flower":[24],"counters":[24,139],"Eternal Feather":102,"Yang":[192],"War Paint":["Defend_P","ThirdEye"],"Boot":[29],"White Beast Statue":[0.0,0.02499840000000001,0.0,0.27258880000000013,0.0,0.4967808000000003,0.0,0.1935360000000001,0.0,0.012096000000000006,0.0,3.604857600000001],"Bottled Flame":"TalkToTheHand","Dream Catcher":1,"Matryoshka":1,"Shuriken":[35],"MealTicket":0,"Ectoplasm":707,"Black Star":6,"obtain_stats":[{"Darkstone Periapt":7,"Pear":44,"Happy Flower":29,"Eternal Feather":9,"Yang":24,"Frozen Egg 2":41,"War Paint":44,"Boot":34,"White Beast Statue":31,"Calling Bell":34,"Bottled Flame":12,"CaptainsWheel":39,"Dream Catcher":41,"Matryoshka":31,"Shuriken":26,"Strawberry":46,"Molten Egg 2":34,"MealTicket":43,"Ectoplasm":0,"Black Star":17,"Bag of Marbles":24,"PureWater":0,"Unceasing Top":34,"FossilizedHelix":46},{"Darkstone Periapt":4,"Pear":22,"Happy Flower":14,"Eternal Feather":4,"Yang":12,"Frozen Egg 2":21,"War Paint":22,"Boot":16,"White Beast Statue":15,"Calling Bell":16,"Bottled Flame":7,"CaptainsWheel":20,"Dream Catcher":21,"Matryoshka":15,"Shuriken":12,"Strawberry":23,"Molten Egg 2":16,"MealTicket":21,"Ectoplasm":0,"Black Star":8,"Bag of Marbles":12,"PureWater":0,"Unceasing Top":16,"FossilizedHelix":23},{"Darkstone Periapt":14,"Pear":118,"Happy Flower":65,"Eternal Feather":14,"Yang":51,"Frozen Egg 2":109,"War Paint":118,"Boot":80,"White Beast Statue":69,"Calling Bell":80,"Bottled Flame":23,"CaptainsWheel":101,"Dream Catcher":109,"Matryoshka":69,"Shuriken":51,"Strawberry":125,"Molten Egg 2":80,"MealTicket":109,"Ectoplasm":0,"Black Star":32,"Bag of Marbles":51,"PureWater":0,"Unceasing Top":80,"FossilizedHelix":125}],"Unceasing Top":[0],"FossilizedHelix":[4]},"card_choices":[{"not_picked":["Crescendo","WaveOfTheHand"],"picked":"SashWhip","floor":1},{"not_picked":["Evaluate","ThirdEye"],"picked":"WheelKick","floor":2},{"not_picked":["Nirvana","ThirdEye"],"picked":"TalkToTheHand","floor":3},{"not_picked":["SashWhip","Evaluate","WreathOfFlame"],"picked":"SKIP","floor":7},{"not_picked":["Protect","FlyingSleeves"],"picked":"ThirdEye","floor":10},{"not_picked":["Crescendo","Consecrate","Evaluate"],"picked":"SKIP","floor":11},{"not_picked":["Protect","Perseverance","ForeignInfluence"],"picked":"SKIP","floor":12},{"not_picked":["Ragnarok","Blasphemy"],"picked":"SpiritShield","floor":16},{"not_picked":["FollowUp","ReachHeaven"],"picked":"FlurryOfBlows","floor":18},{"not_picked":["Consecrate","WreathOfFlame+1","EmptyBody"],"picked":"SKIP","floor":20},{"not_picked":["Consecrate","SignatureMove","WindmillStrike"],"picked":"SKIP","floor":22},{"not_picked":["ClearTheMind","Worship"],"picked":"Halt","floor":24},{"not_picked":["Crescendo","CrushJoints","EmptyBody"],"picked":"SKIP","floor":28},{"not_picked":["EmptyMind","Fasting2"],"picked":"TalkToTheHand","floor":29},{"not_picked":["Perseverance","CarveReality","EmptyFist"],"picked":"SKIP","floor":31},{"not_picked":["Brilliance","Devotion"],"picked":"Scrawl","floor":33},{"not_picked":["SignatureMove+1","CrushJoints+1","Consecrate+1"],"picked":"SKIP","floor":35},{"not_picked":["EmptyBody+1","Wireheading"],"picked":"Wallop+1","floor":36},{"not_picked":["EmptyFist+1","ThirdEye"],"picked":"DeceiveReality+1","floor":38},{"not_picked":["SandsOfTime+1","PathToVictory","LikeWater+1"],"picked":"SKIP","floor":41},{"not_picked":["ForeignInfluence","EmptyBody"],"picked":"CutThroughFate+1","floor":44},{"not_picked":["DeceiveReality","ForeignInfluence"],"picked":"Halt+1","floor":46},{"not_picked":["ClearTheMind+1","Indignation"],"picked":"WaveOfTheHand","floor":49}],"player_experience":4008096,"relics_obtained":[{"floor":7,"key":"Darkstone Periapt"},{"floor":9,"key":"Eternal Feather"},{"floor":12,"key":"Bottled Flame"},{"floor":24,"key":"Yang"},{"floor":24,"key":"Bag of Marbles"},{"floor":26,"key":"Shuriken"},{"floor":29,"key":"Happy Flower"},{"floor":31,"key":"Matryoshka"},{"floor":31,"key":"White Beast Statue"},{"floor":34,"key":"Molten Egg 2"},{"floor":34,"key":"Unceasing Top"},{"floor":34,"key":"Boot"},{"floor":39,"key":"CaptainsWheel"},{"floor":41,"key":"Dream Catcher"},{"floor":41,"key":"Frozen Egg 2"},{"floor":43,"key":"MealTicket"},{"floor":44,"key":"Pear"},{"floor":44,"key":"War Paint"},{"floor":46,"key":"Strawberry"},{"floor":46,"key":"FossilizedHelix"}],"event_choices":[{"damage_healed":0,"gold_gain":0,"player_choice":"Ignored","damage_taken":0,"max_hp_gain":0,"max_hp_loss":0,"event_name":"Liars Game","floor":4,"gold_loss":0},{"damage_healed":0,"gold_gain":0,"cards_transformed":["Strike_P"],"player_choice":"Transformed","damage_taken":0,"max_hp_gain":0,"max_hp_loss":0,"event_name":"Transmorgrifier","floor":5,"gold_loss":0,"cards_obtained":["CrushJoints"]},{"damage_healed":0,"gold_gain":0,"cards_transformed":["Defend_P","Strike_P"],"player_choice":"Became Test Subject","damage_taken":0,"max_hp_gain":0,"max_hp_loss":0,"event_name":"Drug Dealer","floor":19,"gold_loss":0,"cards_obtained":["Fasting2","Fasting2"]},{"damage_healed":0,"gold_gain":0,"player_choice":"Cursed","damage_taken":0,"max_hp_gain":0,"max_hp_loss":0,"event_name":"Wheel of Change","floor":21,"gold_loss":0,"cards_obtained":["Decay"]},{"damage_healed":0,"gold_gain":0,"player_choice":"Copied","damage_taken":0,"max_hp_gain":0,"max_hp_loss":0,"event_name":"Duplicator","floor":27,"gold_loss":0,"cards_obtained":["TalkToTheHand"]},{"damage_healed":0,"gold_gain":0,"player_choice":"Fight","damage_taken":0,"max_hp_gain":0,"max_hp_loss":0,"event_name":"Mysterious Sphere","floor":39,"gold_loss":0},{"cards_removed":["Decay"],"damage_healed":0,"gold_gain":0,"player_choice":"Removed Curses","damage_taken":0,"max_hp_gain":0,"max_hp_loss":0,"event_name":"Fountain of Cleansing","floor":48,"gold_loss":0}],"is_beta":true,"boss_relics":[{"not_picked":["Sozu","Cursed Key"],"picked":"Black Star"},{"not_picked":["Busted Crown","Tiny House"],"picked":"Calling Bell"}],"items_purged_floors":[14],"is_endless":false,"potions_floor_spawned":[7,11,12,20,24,28,33,35,36,38,39,41,44,46],"killed_by":"Time Eater","ascension_level":20}