{"gold_per_floor":[111,111,124,137,137,137,164,175,175,175,201,236,56,71,71,143,143,160,21,32,82,4,4,32,32,58,58,58,93,41,73,73,147,147,166,166,186,202,253,253,283,302,353,388,388,388,263,294,294,294,294,294,294,49,76,76],"floor_reached":57,"playtime":3259,"items_purged":["Strike_P","Strike_P","Defend_P","Defend_P"],"score":3299,"play_id":"35bad372-3523-45c2-8d08-a02a1939a487","local_time":"20211226003807","is_ascension_mode":true,"campfire_choices":[{"data":"EmptyFist","floor":6.0,"key":"SMITH"},{"floor":10.0,"key":"REST"},{"data":"Eruption","floor":15.0,"key":"SMITH"},{"data":"Tantrum","floor":23.0,"key":"SMITH"},{"data":"MentalFortress","floor":25,"key":"SMITH"},{"floor":27,"key":"REST"},{"data":"MentalFortress","floor":28,"key":"SMITH"},{"floor":32,"key":"REST"},{"floor":40,"key":"RECALL"},{"data":"Scrawl","floor":45,"key":"SMITH"},{"floor":49,"key":"REST"},{"data":"Scrawl","floor":53,"key":"SMITH"}],"neow_cost":"PERCENT_DAMAGE","seed_source_timestamp":132417067177700,"circlet_count":0,"master_deck":["AscendersBane","Strike_P","Strike_P","Defend_P","Eruption+1","Vigilance","FlurryOfBlows+1","EmptyFist+1","CutThroughFate","CutThroughFate+1","Wallop","MentalFortress+1","EmptyBody","Scrawl+1","FollowUp+1","InnerPeace","Tantrum+1","MentalFortress+1","CutThroughFate","Scrawl+1","Flash of Steel","WaveOfTheHand+1"],"special_seed":0,"relics":["PureWater","CloakClasp","WingedGreaves","Shuriken","Mercury Hourglass","Bottled Flame","Pear","VioletLotus","Anchor","Whetstone","Thread and Needle","Busted Crown","TungstenRod","Ornamental Fan","Art of War","Bag of Marbles","Oddly Smooth Stone","Kunai"],"potions_floor_usage":[24,31,33,39,56],"damage_taken":[{"damage":0.0,"enemies":"2 Louse","floor":1.0,"turns":4.0},{"damage":0.0,"enemies":"Jaw Worm","floor":3.0,"turns":5.0},{"damage":4.0,"enemies":"Cultist","floor":4.0,"turns":3.0},{"damage":10.0,"enemies":"3 Sentries","floor":7.0,"turns":7.0},{"damage":1.0,"enemies":"3 Louse","floor":8.0,"turns":3.0},{"damage":7.0,"enemies":"Lagavulin","floor":11.0,"turns":5.0},{"damage":0.0,"enemies":"3 Sentries","floor":12.0,"turns":3.0},{"damage":0.0,"enemies":"Large Slime","floor":14.0,"turns":2.0},{"damage":3.0,"enemies":"Slime Boss","floor":16.0,"turns":6.0},{"damage":12.0,"enemies":"2 Thieves","floor":18.0,"turns":4.0},{"damage":8.0,"enemies":"3 Byrds","floor":20.0,"turns":3.0},{"damage":15,"enemies":"Book of Stabbing","floor":24,"turns":3},{"damage":36,"enemies":"Gremlin Leader","floor":29,"turns":4},{"damage":0,"enemies":"Slavers","floor":31,"turns":2},{"damage":26,"enemies":"Automaton","floor":33,"turns":7},{"damage":0,"enemies":"3 Shapes","floor":35,"turns":2},{"damage":0,"enemies":"Orb Walker","floor":37,"turns":2},{"damage":0,"enemies":"Spire Growth","floor":38,"turns":3},{"damage":0,"enemies":"2 Orb Walkers","floor":39,"turns":3},{"damage":0,"enemies":"Giant Head","floor":41,"turns":4},{"damage":4,"enemies":"Sphere and 2 Shapes","floor":42,"turns":3},{"damage":0,"enemies":"Nemesis","floor":44,"turns":5},{"damage":0,"enemies":"Giant Head","floor":48,"turns":2},{"damage":0,"enemies":"Donu and Deca","floor":50,"turns":4},{"damage":0,"enemies":"Awakened One","floor":51,"turns":8},{"damage":0,"enemies":"Shield and Spear","floor":55,"turns":2},{"damage":52,"enemies":"The Heart","floor":56,"turns":8}],"seed_played":"-1823699964064252928","potions_obtained":[{"floor":4.0,"key":"SkillPotion"},{"floor":12.0,"key":"AttackPotion"},{"floor":16.0,"key":"Explosive Potion"},{"floor":18.0,"key":"Fire Potion"},{"floor":24,"key":"Energy Potion"},{"floor":29,"key":"Swift Potion"},{"floor":31,"key":"Explosive Potion"},{"floor":33,"key":"SkillPotion"},{"floor":41,"key":"Weak Potion"}],"is_trial":false,"path_per_floor":["M","?","M","M","?","R","E","M","T","R","E","E","$","M","R","B",null,"M","$","M","?","$","R","E","R","T","R","R","E","$","E","R","B",null,"M","?","M","M","?","R","E","M","T","E","R","?","$","E","R","B","B",null,"R","$","E","B",null],"character_chosen":"WATCHER","items_purchased":["MentalFortress","EmptyBody","InnerPeace","Tantrum","CutThroughFate","Flash of Steel"],"campfire_rested":4,"item_purchase_floors":[13,13,19,22,30,54],"current_hp_per_floor":[43,43,43,39,34,34,24,23,23,43,36,46,46,46,46,43,69,57,57,49,49,49,49,34,34,34,57,57,21,21,21,44,18,63,63,63,63,63,63,63,63,59,59,59,59,50,50,50,73,73,73,77,77,77,77,25],"gold":76,"neow_bonus":"ONE_RARE_RELIC","is_prod":false,"is_daily":false,"chose_seed":false,"campfire_upgraded":7,"win_rate":0,"timestamp":1640507887,"path_taken":["M","?","M","M","?","R","E","M","T","R","E","E","?","M","R","BOSS","M","$","M","?","?","R","E","R","T","R","R","E","$","E","R","BOSS","M","?","M","M","?","R","E","M","T","E","R","?","$","E","R","BOSS","BOSS","R","$","E","BOSS"],"build_version":"2020-12-18","purchased_purges":4,"victory":true,"max_hp_per_floor":[68,68,68,68,68,68,68,68,68,68,68,78,78,78,78,78,78,78,78,78,78,78,78,78,78,78,78,78,78,78,78,78,78,78,78,78,78,78,78,78,78,78,78,78,78,78,78,78,78,78,78,78,78,78,78,78],"relic_stats":{"counters":[27,107],"CloakClasp":[250],"Whetstone":["FlurryOfBlows","CutThroughFate"],"Mercury Hourglass":[344],"Bottled Flame":"FlurryOfBlows","Busted Crown":24,"Shuriken":[98],"Ornamental Fan":[192],"WingedGreaves":3,"VioletLotus":[41],"Art of War":[0],"Kunai":[10],"PureWater":[17],"obtain_stats":[{"Pear":12,"Oddly Smooth Stone":48,"Thread and Needle":31,"CloakClasp":0,"Whetstone":29,"Mercury Hourglass":9,"Bottled Flame":11,"Anchor":24,"Busted Crown":34,"Shuriken":7,"Ornamental Fan":41,"WingedGreaves":5,"VioletLotus":17,"Art of War":43,"Bag of Marbles":44,"Kunai":55,"PureWater":0,"TungstenRod":39},{"Pear":7,"Oddly Smooth Stone":23,"Thread and Needle":14,"CloakClasp":0,"Whetstone":13,"Mercury Hourglass":5,"Bottled Flame":6,"Anchor":12,"Busted Crown":15,"Shuriken":4,"Ornamental Fan":20,"WingedGreaves":3,"VioletLotus":9,"Art of War":21,"Bag of Marbles":22,"Kunai":26,"PureWater":0,"TungstenRod":19},{"Pear":30,"Oddly Smooth Stone":85,"Thread and Needle":54,"CloakClasp":0,"Whetstone":52,"Mercury Hourglass":22,"Bottled Flame":27,"Anchor":48,"Busted Crown":61,"Shuriken":19,"Ornamental Fan":75,"WingedGreaves":12,"VioletLotus":38,"Art of War":78,"Bag of Marbles":83,"Kunai":99,"PureWater":0,"TungstenRod":71}],"TungstenRod":17},"card_choices":[{"not_picked":["Halt","JustLucky"],"picked":"FlurryOfBlows","floor":1.0},{"not_picked":["Collect","Protect"],"picked":"EmptyFist","floor":3.0},{"not_picked":["FlyingSleeves","BowlingBash"],"picked":"CutThroughFate","floor":4.0},{"not_picked":["Brilliance","Weave"],"picked":"CutThroughFate","floor":7.0},{"not_picked":["EmptyFist","Protect","FollowUp"],"picked":"SKIP","floor":8.0},{"not_picked":["Protect","Pray","CrushJoints"],"picked":"SKIP","floor":11.0},{"not_picked":["BowlingBash","Wish"],"picked":"Wallop","floor":12.0},{"not_picked":["FlyingSleeves","ReachHeaven","WreathOfFlame"],"picked":"SKIP","floor":14.0},{"not_picked":["Judgement","Ragnarok"],"picked":"Scrawl","floor":16.0},{"not_picked":["Perseverance+1","BowlingBash"],"picked":"FollowUp+1","floor":18.0},{"not_picked":["BowlingBash","WreathOfFlame","Protect"],"picked":"SKIP","floor":20.0},{"not_picked":["Weave","Consecrate+1"],"picked":"MentalFortress","floor":24},{"not_picked":["Consecrate","LikeWater","Worship"],"picked":"SKIP","floor":29},{"not_picked":["Crescendo","Brilliance"],"picked":"Scrawl","floor":31},{"not_picked":["Protect"],"picked":"SKIP","floor":35},{"not_picked":["Pray"],"picked":"SKIP","floor":37},{"not_picked":["ThirdEye"],"picked":"SKIP","floor":38},{"not_picked":["Crescendo"],"picked":"SKIP","floor":41},{"not_picked":["CrushJoints"],"picked":"SKIP","floor":42},{"not_picked":["Prostrate+1"],"picked":"SKIP","floor":44},{"not_picked":["Blasphemy"],"picked":"SKIP","floor":48},{"not_picked":[],"picked":"WaveOfTheHand+1","floor":55}],"player_experience":4004196,"relics_obtained":[{"floor":7.0,"key":"Shuriken"},{"floor":9.0,"key":"Mercury Hourglass"},{"floor":11.0,"key":"Bottled Flame"},{"floor":12.0,"key":"Pear"},{"floor":24,"key":"Anchor"},{"floor":29,"key":"Whetstone"},{"floor":31,"key":"Thread and Needle"},{"floor":39,"key":"TungstenRod"},{"floor":41,"key":"Ornamental Fan"},{"floor":43,"key":"Art of War"},{"floor":44,"key":"Bag of Marbles"},{"floor":48,"key":"Oddly Smooth Stone"},{"floor":55,"key":"Kunai"}],"event_choices":[{"damage_healed":0.0,"max_hp_gain":0.0,"max_hp_loss":0.0,"gold_gain":0.0,"event_name":"Liars Game","player_choice":"Ignored","floor":2.0,"gold_loss":0.0,"damage_taken":0.0},{"damage_healed":0.0,"max_hp_gain":0.0,"max_hp_loss":0.0,"gold_gain":0.0,"event_name":"Scrap Ooze","player_choice":"Success","floor":5.0,"gold_loss":0.0,"damage_taken":5.0,"relics_obtained":["WingedGreaves"]},{"damage_healed":0.0,"max_hp_gain":0.0,"max_hp_loss":0.0,"gold_gain":50.0,"event_name":"Golden Shrine","player_choice":"Pray","floor":21.0,"gold_loss":0.0,"damage_taken":0.0},{"cards_removed":["Defend_P"],"damage_healed":0,"gold_gain":0,"player_choice":"Removed Skill","damage_taken":0,"max_hp_gain":0,"max_hp_loss":0,"event_name":"Falling","floor":36,"gold_loss":0},{"damage_healed":0,"gold_gain":0,"player_choice":"Fight","damage_taken":0,"max_hp_gain":0,"max_hp_loss":0,"event_name":"Mysterious Sphere","floor":39,"gold_loss":0},{"damage_healed":0,"gold_gain":0,"player_choice":"Memory 3","damage_taken":10,"max_hp_gain":0,"max_hp_loss":0,"event_name":"SensoryStone","floor":46,"gold_loss":0}],"is_beta":true,"boss_relics":[{"not_picked":["Tiny House","Velvet Choker"],"picked":"VioletLotus"},{"not_picked":["SacredBark","SlaversCollar"],"picked":"Busted Crown"}],"items_purged_floors":[13,19,47,54],"is_endless":false,"potions_floor_spawned":[4,12,16,18,24,29,31,33,35,41,44,48],"ascension_level":20}