{"gold_per_floor":[119,119,131,142,13,13,40,40,63,63,213,225,240,267,267,345,345,364,289,299,21,21,46,96,96,96,96,124,124,137,152,152,228,228,273,273,273,7,56,118,118,174,174,174,249,307,307],"floor_reached":47,"playtime":13246,"items_purged":["Strike_P","Strike_P","Strike_P"],"score":1168,"play_id":"d60ff65c-353f-4392-9669-f9e006eaf445","local_time":"20211228204528","is_ascension_mode":true,"campfire_choices":[{"data":"EmptyFist","floor":6,"key":"SMITH"},{"data":"CarveReality","floor":8,"key":"SMITH"},{"data":"Eruption","floor":10,"key":"SMITH"},{"data":"FlyingSleeves","floor":15,"key":"SMITH"},{"data":"SpiritShield","floor":25,"key":"SMITH"},{"floor":27,"key":"REST"},{"data":"WheelKick","floor":29,"key":"SMITH"},{"floor":32,"key":"REST"},{"floor":41,"key":"REST"},{"floor":44,"key":"RECALL"}],"neow_cost":"NONE","seed_source_timestamp":367684451962300,"circlet_count":0,"master_deck":["AscendersBane","Defend_P","Defend_P+1","Eruption+1","Vigilance+1","FlyingSleeves+1","CarveReality+1","EmptyFist+1","CutThroughFate+1","MasterReality","SpiritShield+1","Establishment","CutThroughFate","WheelKick+1","MentalFortress","DeusExMachina","Adaptation+1","Wish+1","SashWhip+1","DeceiveReality","Protect","Wish","Wallop+1"],"relics":["PureWater","Regal Pillow","Omamori","Akabeko","Snecko Eye","War Paint","Frozen Egg 2","Blue Candle","SlaversCollar","Strawberry","White Beast Statue","Whetstone"],"potions_floor_usage":[7,14,20,23,23,23,31,33,39,47],"damage_taken":[{"damage":1,"enemies":"2 Louse","floor":1,"turns":3},{"damage":0,"enemies":"Jaw Worm","floor":3,"turns":4},{"damage":0,"enemies":"Cultist","floor":4,"turns":2},{"damage":12,"enemies":"Lagavulin","floor":7,"turns":5},{"damage":0,"enemies":"2 Fungi Beasts","floor":12,"turns":3},{"damage":5,"enemies":"Red Slaver","floor":13,"turns":3},{"damage":14,"enemies":"3 Sentries","floor":14,"turns":8},{"damage":15,"enemies":"The Guardian","floor":16,"turns":10},{"damage":0,"enemies":"Shell Parasite","floor":18,"turns":2},{"damage":13,"enemies":"3 Byrds","floor":20,"turns":6},{"damage":13,"enemies":"Book of Stabbing","floor":23,"turns":4},{"damage":3,"enemies":"Gremlin Leader","floor":28,"turns":7},{"damage":24,"enemies":"Snake Plant","floor":30,"turns":3},{"damage":0,"enemies":"Cultist and Chosen","floor":31,"turns":4},{"damage":57,"enemies":"Collector","floor":33,"turns":9},{"damage":0,"enemies":"Orb Walker","floor":35,"turns":3},{"damage":13,"enemies":"3 Darklings","floor":39,"turns":8},{"damage":1,"enemies":"Nemesis","floor":40,"turns":7},{"damage":34,"enemies":"Reptomancer","floor":42,"turns":7},{"damage":5,"enemies":"Spire Growth","floor":45,"turns":7},{"damage":0,"enemies":"Nemesis","floor":46,"turns":7},{"damage":37,"enemies":"Maw","floor":47,"turns":5}],"seed_played":"3862505396353583461","potions_obtained":[{"floor":3,"key":"DuplicationPotion"},{"floor":4,"key":"SkillPotion"},{"floor":12,"key":"EntropicBrew"},{"floor":14,"key":"LiquidMemories"},{"floor":20,"key":"Block Potion"},{"floor":28,"key":"Ancient Potion"},{"floor":42,"key":"PowerPotion"},{"floor":45,"key":"SneckoOil"},{"floor":46,"key":"FearPotion"}],"is_trial":false,"path_per_floor":["M","?","M","M","$","R","E","R","T","R","?","M","M","E","R","B",null,"M","?","M","$","?","E","?","R","T","R","E","R","M","M","R","B",null,"M","?","?","$","M","E","R","E","T","R","M","E","M"],"character_chosen":"WATCHER","items_purchased":["EmptyFist","WheelKick","MentalFortress","DeceiveReality","Fire Potion"],"campfire_rested":3,"item_purchase_floors":[5,21,21,38,38],"current_hp_per_floor":[60,53,53,53,53,53,41,41,41,41,41,41,36,22,22,7,53,53,53,40,40,40,27,27,27,27,62,59,59,35,35,68,11,54,54,44,44,44,31,37,74,40,40,40,35,35,0],"gold":307,"neow_bonus":"REMOVE_CARD","is_prod":false,"is_daily":false,"chose_seed":false,"campfire_upgraded":6,"win_rate":0,"timestamp":1640753128,"path_taken":["M","?","M","M","$","R","E","R","T","R","?","M","M","E","R","BOSS","M","?","M","$","?","E","?","R","T","R","E","R","?","M","R","BOSS","M","?","?","$","?","E","R","E","T","R","M","E","M"],"build_version":"2020-12-18","purchased_purges":3,"victory":false,"max_hp_per_floor":[68,68,68,68,68,68,68,68,68,68,68,68,68,68,68,68,68,68,68,68,68,68,68,68,68,68,68,68,68,68,68,68,68,68,68,68,68,68,68,75,75,75,75,75,75,75,75],"relic_stats":{"Regal Pillow":43,"counters":[22,117],"Blue Candle":[0],"Snecko Eye":[160,160,141,141,-119],"Omamori":1,"Whetstone":["Wallop","CutThroughFate"],"PureWater":[14],"War Paint":["Defend_P","Vigilance"],"obtain_stats":[{"SlaversCollar":34,"Regal Pillow":7,"Blue Candle":28,"Strawberry":40,"Snecko Eye":17,"Omamori":9,"Whetstone":46,"PureWater":0,"War Paint":23,"Frozen Egg 2":26,"Akabeko":14,"White Beast Statue":42},{"SlaversCollar":15,"Regal Pillow":4,"Blue Candle":12,"Strawberry":18,"Snecko Eye":8,"Omamori":4,"Whetstone":21,"PureWater":0,"War Paint":11,"Frozen Egg 2":11,"Akabeko":7,"White Beast Statue":19},{"SlaversCollar":73,"Regal Pillow":14,"Blue Candle":57,"Strawberry":91,"Snecko Eye":38,"Omamori":14,"Whetstone":112,"PureWater":0,"War Paint":50,"Frozen Egg 2":50,"Akabeko":28,"White Beast Statue":98}],"White Beast Statue":[0.0,0.0,0.0,0.0,0.30000000000000004,0.0,0.5800000000000001,0.0,0.12000000000000002,0.0,0.0,1.1800000000000002]},"card_choices":[{"not_picked":["FlyingSleeves","ClearTheMind","WreathOfFlame"],"picked":"SKIP","floor":1},{"not_picked":["FollowUp","WaveOfTheHand"],"picked":"FlyingSleeves","floor":3},{"not_picked":["Crescendo","Meditate"],"picked":"CarveReality","floor":4},{"not_picked":["FollowUp","Halt","Sanctity"],"picked":"SKIP","floor":7},{"not_picked":["Evaluate","JustLucky"],"picked":"CutThroughFate","floor":12},{"not_picked":["SashWhip","Consecrate"],"picked":"MasterReality","floor":13},{"not_picked":["FollowUp","EmptyBody"],"picked":"SpiritShield","floor":14},{"not_picked":["Judgement","SpiritShield"],"picked":"Establishment","floor":16},{"not_picked":["Study","JustLucky+1"],"picked":"CutThroughFate","floor":18},{"not_picked":["Pray+1","LikeWater","CutThroughFate"],"picked":"SKIP","floor":20},{"not_picked":["CrushJoints","CutThroughFate"],"picked":"DeusExMachina","floor":23},{"not_picked":["EmptyBody","WreathOfFlame+1","Vengeance+1"],"picked":"SKIP","floor":28},{"not_picked":["Collect","Halt"],"picked":"Adaptation+1","floor":30},{"not_picked":["Indignation","InnerPeace","Nirvana+1"],"picked":"SKIP","floor":31},{"not_picked":["ConjureBlade","MasterReality+1"],"picked":"Wish","floor":33},{"not_picked":["Weave","CrushJoints"],"picked":"SashWhip+1","floor":35},{"not_picked":["FollowUp","SashWhip"],"picked":"Protect","floor":39},{"not_picked":["WreathOfFlame+1","ClearTheMind","ReachHeaven"],"picked":"SKIP","floor":40},{"not_picked":["WreathOfFlame","FlyingSleeves"],"picked":"Wish","floor":42},{"not_picked":["EmptyBody","FollowUp"],"picked":"Wallop","floor":45},{"not_picked":["JustLucky","Crescendo+1","PathToVictory"],"picked":"SKIP","floor":46}],"player_experience":4025259,"relics_obtained":[{"floor":7,"key":"Regal Pillow"},{"floor":9,"key":"Omamori"},{"floor":14,"key":"Akabeko"},{"floor":23,"key":"War Paint"},{"floor":26,"key":"Frozen Egg 2"},{"floor":28,"key":"Blue Candle"},{"floor":40,"key":"Strawberry"},{"floor":42,"key":"White Beast Statue"},{"floor":46,"key":"Whetstone"}],"event_choices":[{"cards_removed":["Strike_P"],"damage_healed":0,"gold_gain":0,"player_choice":"Card Removal","damage_taken":7,"max_hp_gain":0,"max_hp_loss":0,"event_name":"Golden Wing","floor":2,"gold_loss":0},{"damage_healed":0,"gold_gain":150,"player_choice":"AGREE","damage_taken":0,"max_hp_gain":0,"max_hp_loss":0,"event_name":"Liars Game","floor":11,"gold_loss":0,"cards_obtained":["Doubt"]},{"cards_removed":["Defend_P"],"damage_healed":0,"gold_gain":0,"player_choice":"Gave Gold","damage_taken":0,"max_hp_gain":0,"max_hp_loss":0,"event_name":"Beggar","floor":19,"gold_loss":75},{"damage_healed":0,"gold_gain":0,"player_choice":"Ignored","damage_taken":0,"max_hp_gain":0,"max_hp_loss":0,"event_name":"Vampires","floor":22,"gold_loss":0},{"damage_healed":0,"gold_gain":50,"player_choice":"Stole From Cult","damage_taken":0,"max_hp_gain":0,"max_hp_loss":0,"event_name":"Nest","floor":24,"gold_loss":0},{"damage_healed":0,"gold_gain":0,"player_choice":"Memory 3","damage_taken":10,"max_hp_gain":0,"max_hp_loss":0,"event_name":"SensoryStone","floor":36,"gold_loss":0},{"damage_healed":0,"gold_gain":0,"player_choice":"Upgraded","damage_taken":0,"max_hp_gain":0,"max_hp_loss":0,"event_name":"Upgrade Shrine","floor":37,"gold_loss":0,"cards_upgraded":["Wish"]}],"is_beta":true,"boss_relics":[{"not_picked":["Runic Pyramid","Tiny House"],"picked":"Snecko Eye"},{"not_picked":["Sozu","Runic Dome"],"picked":"SlaversCollar"}],"items_purged_floors":[5,21,38],"is_endless":false,"potions_floor_spawned":[3,4,12,14,18,20,28,42,45,46],"killed_by":"Maw","ascension_level":20}