{"gold_per_floor":[119,136,61,61,71,71,104,104,129,157,167,167,180,214,214,292,292,302,572,610,183,58,58,68,111,111,139,176,210,248,306,306,384,384,401,110,155,193,233,233,286,331,331,331,373,412,362,362,362,362,362,362,362,21,52,52],"floor_reached":57,"playtime":4661,"items_purged":["Defend_P","SignatureMove","Ragnarok","SignatureMove","CutThroughFate"],"score":2803,"play_id":"82f09d36-7ab6-4b3f-acd6-646cacc73e4d","local_time":"20211231010507","is_ascension_mode":true,"campfire_choices":[{"data":"TalkToTheHand","floor":6.0,"key":"SMITH"},{"data":"Eruption","floor":8.0,"key":"SMITH"},{"data":"FlurryOfBlows","floor":12.0,"key":"SMITH"},{"data":"CrushJoints","floor":15.0,"key":"SMITH"},{"floor":23.0,"key":"REST"},{"floor":32.0,"key":"REST"},{"floor":40.0,"key":"RECALL"},{"floor":44.0,"key":"REST"},{"floor":49.0,"key":"REST"},{"floor":53.0,"key":"REST"}],"neow_cost":"TEN_PERCENT_HP_LOSS","seed_source_timestamp":564334443510100,"circlet_count":0,"master_deck":["AscendersBane","Eruption+1","Vigilance","Protect","DeusExMachina","EmptyFist+1","TalkToTheHand+1","FlurryOfBlows+1","InnerPeace","CrushJoints+1","MentalFortress","Wish","TalkToTheHand+1","TalkToTheHand","Tantrum","Meditate","CutThroughFate+1","Adaptation","Master of Strategy","Vault"],"special_seed":0,"relics":["PureWater","Happy Flower","Lantern","Dream Catcher","Darkstone Periapt","Pandora\u0027s Box","PreservedInsect","DollysMirror","Pantograph","Smiling Mask","Gremlin Horn","Du-Vu Doll","Fusion Hammer","Bag of Preparation","Unceasing Top","Mummified Hand","Mango"],"potions_floor_usage":[56],"damage_taken":[{"damage":0.0,"enemies":"2 Louse","floor":1.0,"turns":4.0},{"damage":0.0,"enemies":"Cultist","floor":2.0,"turns":3.0},{"damage":0.0,"enemies":"Small Slimes","floor":5.0,"turns":3.0},{"damage":9.0,"enemies":"3 Sentries","floor":7.0,"turns":8.0},{"damage":16.0,"enemies":"Gremlin Nob","floor":10.0,"turns":3.0},{"damage":0.0,"enemies":"3 Louse","floor":11.0,"turns":3.0},{"damage":0.0,"enemies":"Looter","floor":13.0,"turns":2.0},{"damage":0.0,"enemies":"Lagavulin","floor":14.0,"turns":3.0},{"damage":19.0,"enemies":"Hexaghost","floor":16.0,"turns":6.0},{"damage":1.0,"enemies":"Shell Parasite","floor":18.0,"turns":3.0},{"damage":0.0,"enemies":"Chosen","floor":20.0,"turns":2.0},{"damage":0.0,"enemies":"3 Cultists","floor":24.0,"turns":4.0},{"damage":3.0,"enemies":"Snake Plant","floor":25.0,"turns":4.0},{"damage":7.0,"enemies":"Gremlin Leader","floor":27.0,"turns":3.0},{"damage":22.0,"enemies":"Shelled Parasite and Fungi","floor":28.0,"turns":4.0},{"damage":1.0,"enemies":"Slavers","floor":29.0,"turns":3.0},{"damage":1.0,"enemies":"Centurion and Healer","floor":30.0,"turns":4.0},{"damage":0.0,"enemies":"Gremlin Leader","floor":31.0,"turns":3.0},{"damage":2.0,"enemies":"Collector","floor":33.0,"turns":5.0},{"damage":0.0,"enemies":"Orb Walker","floor":35.0,"turns":1.0},{"damage":0.0,"enemies":"2 Orb Walkers","floor":37.0,"turns":3.0},{"damage":0.0,"enemies":"3 Darklings","floor":38.0,"turns":2.0},{"damage":0.0,"enemies":"Maw","floor":39.0,"turns":6.0},{"damage":0.0,"enemies":"Giant Head","floor":41.0,"turns":5.0},{"damage":0.0,"enemies":"Transient","floor":42.0,"turns":6.0},{"damage":18.0,"enemies":"Jaw Worm Horde","floor":45.0,"turns":2.0},{"damage":0.0,"enemies":"Spire Growth","floor":46.0,"turns":3.0},{"damage":12.0,"enemies":"Time Eater","floor":50.0,"turns":7.0},{"damage":23.0,"enemies":"Donu and Deca","floor":51.0,"turns":8.0},{"damage":10.0,"enemies":"Shield and Spear","floor":55.0,"turns":6.0},{"damage":51,"enemies":"The Heart","floor":56,"turns":9}],"seed_played":"-7883379549021301075","potions_obtained":[{"floor":2.0,"key":"LiquidMemories"},{"floor":10.0,"key":"Block Potion"},{"floor":11.0,"key":"Regen Potion"},{"floor":14.0,"key":"Strength Potion"},{"floor":18.0,"key":"BlessingOfTheForge"},{"floor":25.0,"key":"Strength Potion"},{"floor":27.0,"key":"AttackPotion"},{"floor":29.0,"key":"Fire Potion"},{"floor":31.0,"key":"PowerPotion"},{"floor":35.0,"key":"PowerPotion"}],"is_trial":false,"path_per_floor":["M","M","$","?","M","R","E","R","T","E","M","R","M","E","R","B",null,"M","?","M","$","$","R","M","M","T","E","M","E","M","E","R","B",null,"M","$","?","M","M","R","E","M","T","R","M","M","$","?","R","B","B",null,"R","$","E","B",null],"character_chosen":"WATCHER","items_purchased":["PreservedInsect","DollysMirror","Adaptation","Bag of Preparation","Ancient Potion","Block Potion","Master of Strategy"],"campfire_rested":5,"item_purchase_floors":[21,21,36,36,54,54,54],"current_hp_per_floor":[61,61,61,61,61,61,52,52,52,36,36,36,36,36,36,17,51,50,23,23,23,23,41,41,38,38,31,9,8,7,7,25,48,59,59,59,59,59,59,59,59,59,59,62,44,44,44,34,52,50,39,56,62,62,66,25],"gold":52,"neow_bonus":"TRANSFORM_TWO_CARDS","is_prod":false,"is_daily":false,"chose_seed":false,"campfire_upgraded":4,"win_rate":0,"timestamp":1640941507,"path_taken":["M","M","$","?","M","R","E","R","T","E","M","R","M","E","R","BOSS","M","?","?","?","$","R","M","M","T","E","M","E","M","E","R","BOSS","M","$","?","M","M","R","E","M","T","R","M","M","$","?","R","BOSS","BOSS","R","$","E","BOSS"],"build_version":"2020-12-18","purchased_purges":5,"victory":true,"max_hp_per_floor":[62,62,62,62,62,62,62,62,62,62,62,62,62,62,62,62,62,62,62,62,62,62,62,62,62,62,62,62,62,62,62,62,62,62,62,62,62,62,62,62,62,62,62,62,62,62,62,62,62,62,62,62,62,62,76,76],"relic_stats":{"Darkstone Periapt":0,"Happy Flower":[36],"Gremlin Horn":[14,14],"counters":[31,128],"PreservedInsect":342,"Bag of Preparation":[25],"Smiling Mask":225,"Dream Catcher":5,"Mummified Hand":[22],"Pantograph":57,"Pandora\u0027s Box":["SignatureMove","CutThroughFate","Ragnarok","SignatureMove","Wish"],"PureWater":[18],"obtain_stats":[{"Darkstone Periapt":14,"Lantern":9,"Happy Flower":7,"Gremlin Horn":29,"Mango":55,"PreservedInsect":21,"Bag of Preparation":36,"Smiling Mask":27,"Du-Vu Doll":31,"Dream Catcher":10,"DollysMirror":21,"Mummified Hand":41,"Pantograph":26,"Pandora\u0027s Box":17,"Fusion Hammer":34,"PureWater":0,"Unceasing Top":37},{"Darkstone Periapt":8,"Lantern":4,"Happy Flower":4,"Gremlin Horn":16,"Mango":30,"PreservedInsect":11,"Bag of Preparation":20,"Smiling Mask":14,"Du-Vu Doll":18,"Dream Catcher":5,"DollysMirror":11,"Mummified Hand":24,"Pantograph":13,"Pandora\u0027s Box":9,"Fusion Hammer":19,"PureWater":0,"Unceasing Top":21},{"Darkstone Periapt":29,"Lantern":18,"Happy Flower":18,"Gremlin Horn":58,"Mango":119,"PreservedInsect":40,"Bag of Preparation":71,"Smiling Mask":51,"Du-Vu Doll":65,"Dream Catcher":21,"DollysMirror":40,"Mummified Hand":87,"Pantograph":48,"Pandora\u0027s Box":35,"Fusion Hammer":70,"PureWater":0,"Unceasing Top":74}],"Unceasing Top":[0]},"card_choices":[{"not_picked":["Consecrate","SashWhip","Pray"],"picked":"SKIP","floor":1.0},{"not_picked":["ThirdEye","ReachHeaven"],"picked":"EmptyFist","floor":2.0},{"not_picked":["Conclude","FlurryOfBlows"],"picked":"TalkToTheHand","floor":5.0},{"not_picked":["SashWhip","Halt","EmptyBody"],"picked":"SKIP","floor":7.0},{"not_picked":["Perseverance","ThirdEye"],"picked":"FlurryOfBlows","floor":10.0},{"not_picked":["CrushJoints","EmptyBody"],"picked":"InnerPeace","floor":11.0},{"not_picked":["PathToVictory","Swivel"],"picked":"CrushJoints","floor":13.0},{"not_picked":["Omniscience","FlyingSleeves"],"picked":"MentalFortress","floor":14.0},{"not_picked":["ThirdEye","Sanctity","SignatureMove+1"],"picked":"SKIP","floor":18.0},{"not_picked":["BowlingBash","FlyingSleeves","FollowUp"],"picked":"SKIP","floor":20.0},{"not_picked":["BowlingBash","WreathOfFlame"],"picked":"TalkToTheHand","floor":24.0},{"not_picked":["LessonLearned","FlyingSleeves"],"picked":"Tantrum","floor":25.0},{"not_picked":["PathToVictory","SashWhip","Wallop"],"picked":"SKIP","floor":27.0},{"not_picked":["Prostrate","SashWhip","PathToVictory+1"],"picked":"SKIP","floor":28.0},{"not_picked":["CutThroughFate+1","JustLucky"],"picked":"Meditate","floor":29.0},{"not_picked":["Protect","Consecrate","SashWhip"],"picked":"SKIP","floor":30.0},{"not_picked":["Wish","Crescendo"],"picked":"CutThroughFate+1","floor":31.0},{"not_picked":["CutThroughFate","Vengeance","Indignation"],"picked":"SKIP","floor":35.0},{"not_picked":["CrushJoints","FlurryOfBlows","Evaluate"],"picked":"SKIP","floor":38.0},{"not_picked":["FlurryOfBlows+1","CrushJoints","Consecrate+1"],"picked":"SKIP","floor":39.0},{"not_picked":["DeceiveReality","Wallop","JustLucky"],"picked":"SKIP","floor":41.0},{"not_picked":["SashWhip","BowlingBash","JustLucky"],"picked":"SKIP","floor":42.0},{"not_picked":["Pray+1","ThirdEye+1","JustLucky"],"picked":"SKIP","floor":45.0},{"not_picked":["JustLucky","Prostrate+1","Sanctity"],"picked":"SKIP","floor":46.0},{"not_picked":["Pray","Collect"],"picked":"Vault","floor":55.0}],"player_experience":4061989,"relics_obtained":[{"floor":7.0,"key":"Happy Flower"},{"floor":9.0,"key":"Lantern"},{"floor":10.0,"key":"Dream Catcher"},{"floor":14.0,"key":"Darkstone Periapt"},{"floor":26.0,"key":"Pantograph"},{"floor":27.0,"key":"Smiling Mask"},{"floor":29.0,"key":"Gremlin Horn"},{"floor":31.0,"key":"Du-Vu Doll"},{"floor":37.0,"key":"Unceasing Top"},{"floor":41.0,"key":"Mummified Hand"},{"floor":55.0,"key":"Mango"}],"event_choices":[{"damage_healed":0.0,"max_hp_gain":0.0,"max_hp_loss":0.0,"gold_gain":0.0,"event_name":"Upgrade Shrine","player_choice":"Upgraded","floor":4.0,"gold_loss":0.0,"damage_taken":0.0,"cards_upgraded":["EmptyFist"]},{"damage_healed":0.0,"max_hp_gain":0.0,"max_hp_loss":0.0,"gold_gain":270.0,"event_name":"Knowing Skull","player_choice":"GOLD GOLD GOLD ","floor":19.0,"potions_obtained":[],"gold_loss":0.0,"damage_taken":27.0,"cards_obtained":[]},{"damage_healed":0.0,"max_hp_gain":0.0,"max_hp_loss":0.0,"gold_gain":0.0,"event_name":"Mysterious Sphere","player_choice":"Fight","floor":37.0,"gold_loss":0.0,"damage_taken":0.0},{"damage_healed":0.0,"max_hp_gain":0.0,"max_hp_loss":0.0,"gold_gain":0.0,"event_name":"SensoryStone","player_choice":"Memory 3","floor":48.0,"gold_loss":0.0,"damage_taken":10.0}],"is_beta":true,"boss_relics":[{"not_picked":["Tiny House","Runic Dome"],"picked":"Pandora\u0027s Box"},{"not_picked":["Astrolabe","Philosopher\u0027s Stone"],"picked":"Fusion Hammer"}],"items_purged_floors":[3,21,22,36,47],"is_endless":false,"potions_floor_spawned":[2,10,11,14,18,25,27,29,31,35,39,41,46],"ascension_level":20}