{"gold_per_floor":[113,113,130,130,144,144,144,172,172,172,184,184,218,143,143,220,220,235,251,301,312,325,325,358,358,385,414,426,185,216,91,91,167,167,182,182,202,253,278,278,289,60,134,134,150,150,150,150,150,150,150,150,150,25,53,53],"floor_reached":57,"playtime":3734,"items_purged":["Strike_P+1","BattleHymn+1","CrushJoints+1"],"score":2732,"play_id":"d7e1597d-08d8-4cec-8ccf-a0ade452669b","local_time":"20211231135949","is_ascension_mode":true,"campfire_choices":[{"data":"EmptyFist","floor":6,"key":"SMITH"},{"data":"Wallop","floor":10,"key":"SMITH"},{"data":"CrushJoints","floor":12,"key":"SMITH"},{"data":"Eruption","floor":15,"key":"SMITH"},{"data":"Adaptation","floor":23,"key":"SMITH"},{"floor":25,"key":"REST"},{"floor":32,"key":"REST"},{"floor":40,"key":"RECALL"},{"floor":46,"key":"REST"},{"floor":49,"key":"REST"},{"floor":53,"key":"REST"}],"neow_cost":"TEN_PERCENT_HP_LOSS","seed_source_timestamp":612049878970700,"circlet_count":0,"master_deck":["AscendersBane","Eruption+1","Vigilance","Perseverance+1","Wallop+1","CarveReality+1","EmptyFist+1","Swivel+1","Halt+1","Tantrum+1","Adaptation+1","ClearTheMind+1","MentalFortress","FlurryOfBlows","Scrawl","FearNoEvil","MentalFortress"],"relics":["PureWater","Lizard Tail","Pocketwatch","Vajra","Astrolabe","Oddly Smooth Stone","Bronze Scales","Whetstone","Fusion Hammer","Thread and Needle","Nunchaku","Torii"],"potions_floor_usage":[8,19,28,33,37,38,55,56],"damage_taken":[{"damage":1,"enemies":"Small Slimes","floor":1,"turns":4},{"damage":0,"enemies":"2 Louse","floor":3,"turns":3},{"damage":0,"enemies":"Jaw Worm","floor":5,"turns":2},{"damage":16,"enemies":"3 Sentries","floor":8,"turns":5},{"damage":1,"enemies":"Red Slaver","floor":11,"turns":2},{"damage":0,"enemies":"Lagavulin","floor":13,"turns":3},{"damage":11,"enemies":"Hexaghost","floor":16,"turns":7},{"damage":0,"enemies":"Chosen","floor":18,"turns":2},{"damage":13,"enemies":"3 Byrds","floor":19,"turns":3},{"damage":0,"enemies":"3 Cultists","floor":21,"turns":4},{"damage":0,"enemies":"Centurion and Healer","floor":22,"turns":3},{"damage":16,"enemies":"Book of Stabbing","floor":24,"turns":4},{"damage":25,"enemies":"Slavers","floor":27,"turns":5},{"damage":0,"enemies":"Shelled Parasite and Fungi","floor":28,"turns":2},{"damage":0,"enemies":"Gremlin Leader","floor":30,"turns":4},{"damage":4,"enemies":"Collector","floor":33,"turns":5},{"damage":0,"enemies":"Orb Walker","floor":35,"turns":2},{"damage":23,"enemies":"3 Darklings","floor":37,"turns":4},{"damage":6,"enemies":"2 Orb Walkers","floor":38,"turns":3},{"damage":0,"enemies":"Spire Growth","floor":41,"turns":3},{"damage":0,"enemies":"Maw","floor":45,"turns":2},{"damage":52,"enemies":"Awakened One","floor":50,"turns":7},{"damage":5,"enemies":"Donu and Deca","floor":51,"turns":7},{"damage":0,"enemies":"Shield and Spear","floor":55,"turns":3},{"damage":28,"enemies":"The Heart","floor":56,"turns":9}],"seed_played":"7691602387348847974","potions_obtained":[{"floor":1,"key":"ColorlessPotion"},{"floor":11,"key":"Energy Potion"},{"floor":13,"key":"CultistPotion"},{"floor":18,"key":"Explosive Potion"},{"floor":24,"key":"BottledMiracle"},{"floor":27,"key":"Strength Potion"},{"floor":35,"key":"Weak Potion"},{"floor":37,"key":"Ancient Potion"},{"floor":41,"key":"SteroidPotion"}],"is_trial":false,"path_per_floor":["M","?","M","?","M","R","?","E","T","R","M","R","E","?","R","B",null,"M","M","?","M","M","R","E","R","T","E","M","$","E","$","R","B",null,"M","?","M","?","T","R","M","$","T","$","M","R","?","$","R","B","B",null,"R","$","E","B",null],"character_chosen":"WATCHER","items_purchased":["MentalFortress","DuplicationPotion","FlurryOfBlows","Scrawl","FearNoEvil"],"campfire_rested":5,"item_purchase_floors":[29,29,31,42,42],"current_hp_per_floor":[60,60,60,41,41,41,41,25,25,25,24,24,24,24,24,13,50,50,37,37,37,37,37,21,39,39,14,14,14,14,14,32,28,54,54,54,31,25,25,25,25,25,25,25,25,43,43,43,61,9,4,48,62,62,62,34],"gold":53,"neow_bonus":"TRANSFORM_TWO_CARDS","is_prod":false,"is_daily":false,"chose_seed":false,"campfire_upgraded":5,"win_rate":0,"timestamp":1640987989,"path_taken":["M","?","M","?","M","R","?","E","T","R","M","R","E","?","R","BOSS","M","M","?","?","M","R","E","R","T","E","M","$","E","?","R","BOSS","M","?","M","?","?","R","M","$","T","$","?","R","?","$","R","BOSS","BOSS","R","$","E","BOSS"],"build_version":"2020-12-18","purchased_purges":3,"victory":true,"max_hp_per_floor":[62,62,62,62,62,62,62,62,62,62,62,62,62,62,62,62,62,62,62,62,62,62,62,62,62,62,62,62,62,62,62,62,62,62,62,62,62,62,62,62,62,62,62,62,62,62,62,62,62,62,62,62,62,62,62,62],"relic_stats":{"Lizard Tail":0,"Nunchaku":[17],"Torii":21,"counters":[25,98],"Astrolabe":["Swivel","Halt","BattleHymn"],"Bronze Scales":[195],"Whetstone":["CarveReality","Tantrum"],"PureWater":[23],"obtain_stats":[{"Lizard Tail":8,"Nunchaku":39,"Torii":55,"Astrolabe":17,"Bronze Scales":27,"Vajra":13,"Oddly Smooth Stone":24,"Thread and Needle":38,"Fusion Hammer":34,"Whetstone":30,"PureWater":0,"Pocketwatch":9},{"Lizard Tail":4,"Nunchaku":19,"Torii":24,"Astrolabe":7,"Bronze Scales":13,"Vajra":6,"Oddly Smooth Stone":12,"Thread and Needle":19,"Fusion Hammer":16,"Whetstone":15,"PureWater":0,"Pocketwatch":4},{"Lizard Tail":14,"Nunchaku":67,"Torii":89,"Astrolabe":26,"Bronze Scales":47,"Vajra":19,"Oddly Smooth Stone":42,"Thread and Needle":67,"Fusion Hammer":58,"Whetstone":53,"PureWater":0,"Pocketwatch":14}],"Pocketwatch":[43]},"card_choices":[{"not_picked":["Wallop","Collect","Evaluate"],"picked":"SKIP","floor":1},{"not_picked":["ClearTheMind","BowlingBash"],"picked":"CarveReality","floor":3},{"not_picked":["EmptyBody","Perseverance"],"picked":"EmptyFist","floor":5},{"not_picked":["WindmillStrike","SashWhip","Alpha"],"picked":"SKIP","floor":8},{"not_picked":["SashWhip","Evaluate"],"picked":"CrushJoints","floor":11},{"not_picked":["Consecrate","DeusExMachina","BowlingBash"],"picked":"SKIP","floor":13},{"not_picked":["Evaluate","FlyingSleeves","Sanctity+1"],"picked":"SKIP","floor":18},{"not_picked":["Wireheading","PathToVictory","SashWhip"],"picked":"SKIP","floor":19},{"not_picked":["EmptyFist+1","WaveOfTheHand+1"],"picked":"Tantrum","floor":21},{"not_picked":["Conclude","Evaluate"],"picked":"Adaptation","floor":22},{"not_picked":["EmptyFist","CutThroughFate"],"picked":"ClearTheMind+1","floor":24},{"not_picked":["LikeWater","Meditate","Collect"],"picked":"SKIP","floor":27},{"not_picked":["Halt","Sanctity","EmptyBody+1"],"picked":"SKIP","floor":28},{"not_picked":["FlyingSleeves+1","Brilliance","Halt"],"picked":"SKIP","floor":30},{"not_picked":["LikeWater","Consecrate","Halt"],"picked":"SKIP","floor":35},{"not_picked":["CutThroughFate","Sanctity","EmptyBody"],"picked":"SKIP","floor":37},{"not_picked":["PathToVictory","Consecrate","JustLucky"],"picked":"SKIP","floor":41},{"not_picked":["FollowUp","WreathOfFlame","Crescendo"],"picked":"SKIP","floor":45},{"not_picked":["WheelKick","Consecrate","Vengeance"],"picked":"SKIP","floor":55}],"player_experience":4071210,"relics_obtained":[{"floor":8,"key":"Lizard Tail"},{"floor":9,"key":"Pocketwatch"},{"floor":13,"key":"Vajra"},{"floor":24,"key":"Oddly Smooth Stone"},{"floor":27,"key":"Bronze Scales"},{"floor":30,"key":"Whetstone"},{"floor":38,"key":"Thread and Needle"},{"floor":39,"key":"Nunchaku"},{"floor":55,"key":"Torii"}],"event_choices":[{"cards_removed":["Defend_P"],"damage_healed":0,"gold_gain":0,"player_choice":"Forget","damage_taken":0,"max_hp_gain":0,"max_hp_loss":0,"event_name":"Living Wall","floor":2,"gold_loss":0},{"damage_healed":0,"gold_gain":0,"player_choice":"Entered Light","damage_taken":19,"max_hp_gain":0,"max_hp_loss":0,"event_name":"Shining Light","floor":4,"gold_loss":0,"cards_upgraded":["Perseverance","Strike_P"]},{"damage_healed":0,"gold_gain":0,"player_choice":"Searched \u00271\u0027 times","damage_taken":0,"max_hp_gain":0,"max_hp_loss":0,"event_name":"Dead Adventurer","floor":7,"gold_loss":0},{"cards_removed":["Strike_P"],"damage_healed":0,"gold_gain":0,"player_choice":"Card Removal","damage_taken":0,"max_hp_gain":0,"max_hp_loss":0,"event_name":"The Cleric","floor":14,"gold_loss":75},{"damage_healed":0,"gold_gain":50,"player_choice":"Pray","damage_taken":0,"max_hp_gain":0,"max_hp_loss":0,"event_name":"Golden Shrine","floor":20,"gold_loss":0},{"damage_healed":0,"gold_gain":0,"player_choice":"Ignored","damage_taken":0,"max_hp_gain":0,"max_hp_loss":0,"event_name":"Tomb of Lord Red Mask","floor":36,"gold_loss":0},{"damage_healed":0,"gold_gain":0,"player_choice":"Fight","damage_taken":0,"max_hp_gain":0,"max_hp_loss":0,"event_name":"Mysterious Sphere","floor":38,"gold_loss":0},{"damage_healed":0,"gold_gain":0,"player_choice":"Copied","damage_taken":0,"max_hp_gain":0,"max_hp_loss":0,"event_name":"Duplicator","floor":47,"gold_loss":0,"cards_obtained":["MentalFortress"]}],"is_beta":true,"boss_relics":[{"not_picked":["Tiny House","Busted Crown"],"picked":"Astrolabe"},{"not_picked":["Calling Bell","Velvet Choker"],"picked":"Fusion Hammer"}],"items_purged_floors":[29,31,54],"is_endless":false,"potions_floor_spawned":[1,11,13,18,24,27,30,35,37,41],"ascension_level":20}