{"gold_per_floor":[214,224,224,239,28,60,83,113,190,36,66,66,99,109,109,182,182,193,213,213,40,50,50,78,89,112,112,112,138,153,182,182,259,259,276,293,312,330,81,81],"floor_reached":40,"playtime":4418,"items_purged":["Strike_P","Strike_P"],"score":1052,"play_id":"6c09053c-7839-4797-9d0a-468dfdf096b6","local_time":"20211225000745","is_ascension_mode":true,"campfire_choices":[{"floor":12,"key":"REST"},{"data":"Devotion","floor":15,"key":"SMITH"},{"floor":23,"key":"REST"},{"floor":28,"key":"RECALL"},{"floor":32,"key":"REST"}],"neow_cost":"NONE","seed_source_timestamp":43035215117000,"circlet_count":0,"master_deck":["AscendersBane","Strike_P","Strike_P","Defend_P","Defend_P","Defend_P","Eruption","Vigilance","CutThroughFate","FlurryOfBlows","EmptyBody","DeceiveReality","Devotion+1","CutThroughFate","Tantrum","MentalFortress","Meditate","Prostrate","Scrawl","EmptyFist","ThirdEye+1","Adaptation","Devotion+1","SashWhip+1","Brilliance+1","CutThroughFate+1","LessonLearned+1","FearNoEvil+1"],"special_seed":0,"relics":["PureWater","WingedGreaves","Odd Mushroom","Regal Pillow","HornCleat","Bag of Preparation","Sundial","Fusion Hammer","Vajra","Pear","Ancient Tea Set","Molten Egg 2","InkBottle","SlaversCollar","Medical Kit"],"potions_floor_usage":[8,8,29,31,31],"damage_taken":[{"damage":11.0,"enemies":"Small Slimes","floor":1.0,"turns":5.0},{"damage":0.0,"enemies":"Jaw Worm","floor":2.0,"turns":3.0},{"damage":0.0,"enemies":"Cultist","floor":4.0,"turns":2.0},{"damage":2.0,"enemies":"3 Sentries","floor":6.0,"turns":8.0},{"damage":23.0,"enemies":"The Mushroom Lair","floor":7.0,"turns":5.0},{"damage":0,"enemies":"Gremlin Nob","floor":8,"turns":2},{"damage":10,"enemies":"3 Sentries","floor":11,"turns":10},{"damage":2,"enemies":"Gremlin Nob","floor":13,"turns":3},{"damage":0,"enemies":"Large Slime","floor":14,"turns":4},{"damage":5,"enemies":"The Guardian","floor":16,"turns":7},{"damage":2,"enemies":"3 Byrds","floor":18,"turns":4},{"damage":0,"enemies":"Spheric Guardian","floor":19,"turns":3},{"damage":14,"enemies":"Snake Plant","floor":22,"turns":5},{"damage":11,"enemies":"Gremlin Leader","floor":24,"turns":6},{"damage":0,"enemies":"Centurion and Healer","floor":25,"turns":4},{"damage":7,"enemies":"Book of Stabbing","floor":29,"turns":3},{"damage":0,"enemies":"Snecko","floor":30,"turns":5},{"damage":4,"enemies":"Slavers","floor":31,"turns":5},{"damage":24,"enemies":"Collector","floor":33,"turns":7},{"damage":4,"enemies":"Orb Walker","floor":35,"turns":3},{"damage":21,"enemies":"3 Darklings","floor":36,"turns":4},{"damage":11,"enemies":"Jaw Worm Horde","floor":37,"turns":4},{"damage":14,"enemies":"Maw","floor":38,"turns":6},{"damage":29,"enemies":"Nemesis","floor":40,"turns":5}],"seed_played":"6984017935462430172","potions_obtained":[{"floor":1.0,"key":"BlessingOfTheForge"},{"floor":7.0,"key":"AttackPotion"},{"floor":13,"key":"GamblersBrew"},{"floor":14,"key":"Block Potion"},{"floor":29,"key":"SneckoOil"},{"floor":37,"key":"Ambrosia"},{"floor":38,"key":"Dexterity Potion"}],"is_trial":false,"path_per_floor":["M","M","?","M","$","E","?","E","T","$","E","R","E","M","R","B",null,"M","M","?","$","M","R","E","M","T","?","R","E","M","E","R","B",null,"M","M","M","M","$","E"],"character_chosen":"WATCHER","items_purchased":["DeceiveReality","PowerPotion","Fire Potion","Vajra","FearNoEvil+1","Medical Kit"],"campfire_rested":3,"item_purchase_floors":[5,5,10,21,39,39],"current_hp_per_floor":[50,50,43,43,43,41,18,18,18,18,8,43,41,41,41,36,60,58,58,39,39,25,61,60,60,60,60,60,53,53,49,83,59,77,73,52,41,27,27,0],"gold":81,"neow_bonus":"HUNDRED_GOLD","is_prod":false,"is_daily":false,"chose_seed":false,"campfire_upgraded":1,"win_rate":0,"timestamp":1640419665,"path_taken":["M","M","?","M","$","E","?","E","T","?","E","R","E","?","R","BOSS","M","M","?","$","M","R","E","M","T","?","R","E","?","E","R","BOSS","M","M","M","M","$","E"],"build_version":"2020-12-18","purchased_purges":2,"victory":false,"max_hp_per_floor":[68,68,68,68,68,68,68,68,68,68,68,68,68,68,68,68,68,68,68,73,73,73,73,83,83,83,83,83,83,83,83,83,83,83,83,83,83,83,83,83],"relic_stats":{"Regal Pillow":40,"counters":[24,113],"Sundial":[14],"WingedGreaves":3,"Bag of Preparation":[34],"PureWater":[15],"Ancient Tea Set":[4],"Medical Kit":[2],"obtain_stats":[{"Regal Pillow":8,"Pear":24,"Vajra":21,"Bag of Preparation":11,"Odd Mushroom":7,"Ancient Tea Set":26,"Medical Kit":39,"SlaversCollar":34,"HornCleat":9,"Sundial":13,"Molten Egg 2":29,"WingedGreaves":6,"Fusion Hammer":17,"PureWater":0,"InkBottle":31},{"Regal Pillow":6,"Pear":14,"Vajra":12,"Bag of Preparation":7,"Odd Mushroom":5,"Ancient Tea Set":15,"Medical Kit":23,"SlaversCollar":19,"HornCleat":6,"Sundial":8,"Molten Egg 2":16,"WingedGreaves":4,"Fusion Hammer":10,"PureWater":0,"InkBottle":18},{"Regal Pillow":25,"Pear":67,"Vajra":56,"Bag of Preparation":35,"Odd Mushroom":23,"Ancient Tea Set":71,"Medical Kit":108,"SlaversCollar":91,"HornCleat":25,"Sundial":38,"Molten Egg 2":74,"WingedGreaves":18,"Fusion Hammer":49,"PureWater":0,"InkBottle":84}],"InkBottle":[15]},"card_choices":[{"not_picked":["LikeWater","PathToVictory"],"picked":"CutThroughFate","floor":1.0},{"not_picked":["ThirdEye","Adaptation"],"picked":"FlurryOfBlows","floor":2.0},{"not_picked":["FlurryOfBlows","ForeignInfluence"],"picked":"EmptyBody","floor":4.0},{"not_picked":["Halt","BowlingBash"],"picked":"Devotion","floor":6.0},{"not_picked":["PathToVictory","Swivel"],"picked":"CutThroughFate","floor":7.0},{"not_picked":["CutThroughFate","Conclude"],"picked":"Tantrum","floor":8},{"not_picked":["ThirdEye","FollowUp"],"picked":"MentalFortress","floor":11},{"not_picked":["EmptyFist","JustLucky"],"picked":"Meditate","floor":13},{"not_picked":["Consecrate","Swivel"],"picked":"Prostrate","floor":14},{"not_picked":["SpiritShield","ConjureBlade"],"picked":"Scrawl","floor":16},{"not_picked":["FlyingSleeves","CarveReality"],"picked":"EmptyFist","floor":18},{"not_picked":["FlurryOfBlows+1","BattleHymn"],"picked":"ThirdEye+1","floor":19},{"not_picked":["FlyingSleeves+1","Weave","FollowUp"],"picked":"SKIP","floor":22},{"not_picked":["JustLucky","Evaluate"],"picked":"Adaptation","floor":24},{"not_picked":["Prostrate","WheelKick","Vengeance"],"picked":"SKIP","floor":25},{"not_picked":["ClearTheMind","Crescendo","Pray"],"picked":"SKIP","floor":29},{"not_picked":["ThirdEye","EmptyFist+1"],"picked":"SashWhip+1","floor":30},{"not_picked":["SignatureMove+1","Protect","Halt"],"picked":"SKIP","floor":31},{"not_picked":["Devotion","ConjureBlade"],"picked":"Brilliance+1","floor":33},{"not_picked":["EmptyFist+1","Indignation","BowlingBash+1"],"picked":"SKIP","floor":35},{"not_picked":["ThirdEye","FlurryOfBlows+1","ClearTheMind"],"picked":"SKIP","floor":36},{"not_picked":["EmptyBody","CarveReality+1"],"picked":"CutThroughFate+1","floor":37},{"not_picked":["Collect+1","BattleHymn"],"picked":"LessonLearned+1","floor":38}],"player_experience":3998235,"relics_obtained":[{"floor":6.0,"key":"WingedGreaves"},{"floor":7.0,"key":"Odd Mushroom"},{"floor":8,"key":"Regal Pillow"},{"floor":9,"key":"HornCleat"},{"floor":11,"key":"Bag of Preparation"},{"floor":13,"key":"Sundial"},{"floor":24,"key":"Pear"},{"floor":26,"key":"Ancient Tea Set"},{"floor":29,"key":"Molten Egg 2"},{"floor":31,"key":"InkBottle"}],"event_choices":[{"cards_removed":["Defend_P"],"damage_healed":0.0,"max_hp_gain":0.0,"max_hp_loss":0.0,"gold_gain":0.0,"event_name":"Golden Wing","player_choice":"Card Removal","floor":3.0,"gold_loss":0.0,"damage_taken":7.0},{"damage_healed":0.0,"max_hp_gain":0.0,"max_hp_loss":0.0,"gold_gain":0.0,"event_name":"Mushrooms","player_choice":"Fought Mushrooms","floor":7.0,"gold_loss":0.0,"damage_taken":0.0},{"damage_healed":0,"gold_gain":0,"player_choice":"Shed Blood","damage_taken":24,"max_hp_gain":5,"max_hp_loss":0,"event_name":"Forgotten Altar","floor":20,"gold_loss":0},{"damage_healed":0,"gold_gain":0,"player_choice":"Copied","damage_taken":0,"max_hp_gain":0,"max_hp_loss":0,"event_name":"Duplicator","floor":27,"gold_loss":0,"cards_obtained":["Devotion"]}],"is_beta":true,"boss_relics":[{"not_picked":["Pandora\u0027s Box","Coffee Dripper"],"picked":"Fusion Hammer"},{"not_picked":["Runic Pyramid","Velvet Choker"],"picked":"SlaversCollar"}],"items_purged_floors":[5,10],"is_endless":false,"potions_floor_spawned":[1,7,13,14,19,24,29,37,38],"killed_by":"Nemesis","ascension_level":20}