{"gold_per_floor":[110,35,35,54,70,70,96,112,186,233,266,266,161,174,174,174],"floor_reached":16,"playtime":740,"items_purged":["Defend_P"],"score":270,"play_id":"42d40d69-c3f1-4754-9494-50be8cbcf7fb","local_time":"20211228212243","is_ascension_mode":true,"campfire_choices":[{"data":"SandsOfTime","floor":6,"key":"SMITH"},{"data":"EmptyFist","floor":12,"key":"SMITH"},{"data":"TalkToTheHand","floor":15,"key":"SMITH"}],"neow_cost":"NONE","seed_source_timestamp":382443349706200,"circlet_count":0,"master_deck":["AscendersBane","Strike_P","Strike_P","Strike_P","Defend_P","Defend_P","Eruption+1","Vigilance","SandsOfTime+1","TalkToTheHand+1","EmptyFist+1","CutThroughFate","MentalFortress+1"],"relics":["PureWater","StoneCalendar","Frozen Egg 2","Omamori","Art of War"],"potions_floor_usage":[7,16,16],"damage_taken":[{"damage":4,"enemies":"Small Slimes","floor":1,"turns":4},{"damage":0,"enemies":"Jaw Worm","floor":4,"turns":5},{"damage":0,"enemies":"Cultist","floor":5,"turns":3},{"damage":32,"enemies":"3 Sentries","floor":7,"turns":6},{"damage":1,"enemies":"3 Louse","floor":8,"turns":3},{"damage":0,"enemies":"Gremlin Nob","floor":11,"turns":2},{"damage":8,"enemies":"Blue Slaver","floor":14,"turns":2},{"damage":22,"enemies":"Slime Boss","floor":16,"turns":6}],"seed_played":"7828903843599255409","potions_obtained":[{"floor":5,"key":"Fruit Juice"},{"floor":7,"key":"PowerPotion"},{"floor":8,"key":"Explosive Potion"}],"is_trial":false,"path_per_floor":["M","?","?","M","M","R","E","M","T","T","E","R","$","M","R","B"],"character_chosen":"WATCHER","items_purchased":["CutThroughFate"],"campfire_rested":0,"item_purchase_floors":[13],"current_hp_per_floor":[57,57,50,50,50,50,23,22,22,22,22,22,22,14,14,0],"gold":174,"neow_bonus":"UPGRADE_CARD","is_prod":false,"is_daily":false,"chose_seed":false,"campfire_upgraded":3,"win_rate":0,"timestamp":1640755363,"path_taken":["M","?","?","M","M","R","E","M","T","?","E","R","?","?","R","BOSS"],"build_version":"2020-12-18","purchased_purges":1,"victory":false,"max_hp_per_floor":[68,68,68,68,68,68,73,73,73,73,73,73,73,73,73,73],"relic_stats":{"counters":[8,31],"StoneCalendar":[0],"Omamori":0,"Art of War":[1],"PureWater":[7],"obtain_stats":[{"StoneCalendar":7,"Omamori":10,"Art of War":11,"PureWater":0,"Frozen Egg 2":9},{"StoneCalendar":4,"Omamori":5,"Art of War":6,"PureWater":0,"Frozen Egg 2":5},{"StoneCalendar":18,"Omamori":21,"Art of War":23,"PureWater":0,"Frozen Egg 2":21}]},"card_choices":[{"not_picked":["ThirdEye","FollowUp","ClearTheMind"],"picked":"SKIP","floor":1},{"not_picked":["Pray","Collect"],"picked":"SandsOfTime","floor":4},{"not_picked":["SashWhip","JustLucky"],"picked":"TalkToTheHand","floor":5},{"not_picked":["BattleHymn","Collect"],"picked":"EmptyFist","floor":7},{"not_picked":["EmptyFist","Evaluate","SashWhip"],"picked":"SKIP","floor":8},{"not_picked":["Ragnarok","EmptyBody","Protect"],"picked":"SKIP","floor":11},{"not_picked":["PathToVictory","ThirdEye"],"picked":"MentalFortress+1","floor":14}],"player_experience":4039391,"relics_obtained":[{"floor":7,"key":"StoneCalendar"},{"floor":9,"key":"Frozen Egg 2"},{"floor":10,"key":"Omamori"},{"floor":11,"key":"Art of War"}],"event_choices":[{"cards_removed":["Defend_P"],"damage_healed":0,"gold_gain":0,"player_choice":"Card Removal","damage_taken":0,"max_hp_gain":0,"max_hp_loss":0,"event_name":"The Cleric","floor":2,"gold_loss":75},{"cards_removed":["Strike_P"],"damage_healed":0,"gold_gain":0,"player_choice":"Card Removal","damage_taken":7,"max_hp_gain":0,"max_hp_loss":0,"event_name":"Golden Wing","floor":3,"gold_loss":0}],"is_beta":true,"boss_relics":[],"items_purged_floors":[13],"is_endless":false,"potions_floor_spawned":[5,7,8],"killed_by":"Slime Boss","ascension_level":20}