{"gold_per_floor":[216,231,156,169,188,188,214,214,214,243,243,243,243,262,262,262],"floor_reached":16,"playtime":886,"items_purged":[],"score":270,"play_id":"68f5a359-389f-4b3f-bf92-ce73d754b535","local_time":"20211228210647","is_ascension_mode":true,"campfire_choices":[{"data":"CrushJoints","floor":6.0,"key":"SMITH"},{"data":"EmptyFist","floor":8.0,"key":"SMITH"},{"data":"FlurryOfBlows","floor":12.0,"key":"SMITH"},{"data":"Omniscience","floor":15.0,"key":"SMITH"}],"neow_cost":"NONE","seed_source_timestamp":381289627079300,"circlet_count":0,"master_deck":["AscendersBane","Strike_P","Strike_P","Strike_P","Strike_P","Defend_P","Defend_P","Defend_P","Eruption","Vigilance","FlurryOfBlows+1","EmptyFist+1","CrushJoints+1","Omniscience+1","Sanctity+1","EmptyBody+1"],"special_seed":0,"relics":["PureWater","PreservedInsect","Toxic Egg 2","FossilizedHelix"],"potions_floor_usage":[],"damage_taken":[{"damage":19.0,"enemies":"Jaw Worm","floor":1.0,"turns":4.0},{"damage":0.0,"enemies":"Small Slimes","floor":2.0,"turns":2.0},{"damage":0.0,"enemies":"2 Louse","floor":4.0,"turns":2.0},{"damage":7.0,"enemies":"2 Fungi Beasts","floor":5.0,"turns":3.0},{"damage":6.0,"enemies":"3 Sentries","floor":7.0,"turns":4.0},{"damage":0.0,"enemies":"Gremlin Nob","floor":10.0,"turns":1.0},{"damage":0.0,"enemies":"Gremlin Gang","floor":14.0,"turns":3.0},{"damage":35,"enemies":"Hexaghost","floor":16,"turns":9}],"seed_played":"3979713319310331402","potions_obtained":[{"floor":5.0,"key":"EssenceOfSteel"},{"floor":7.0,"key":"SneckoOil"},{"floor":10.0,"key":"BlessingOfTheForge"}],"is_trial":false,"path_per_floor":["M","M","?","M","M","R","E","R","T","E","?","R","?","M","R","B"],"character_chosen":"WATCHER","items_purchased":[],"campfire_rested":0,"item_purchase_floors":[],"current_hp_per_floor":[42,42,42,42,35,35,29,29,29,29,34,34,34,34,34,0],"gold":262,"neow_bonus":"HUNDRED_GOLD","is_prod":false,"is_daily":false,"chose_seed":false,"campfire_upgraded":4,"win_rate":0,"timestamp":1640754407,"path_taken":["M","M","?","M","M","R","E","R","T","E","?","R","?","M","R","BOSS"],"build_version":"2020-12-18","purchased_purges":0,"victory":false,"max_hp_per_floor":[68,68,68,68,68,68,68,68,68,68,73,73,73,73,73,73],"relic_stats":{"counters":[8,28],"PreservedInsect":22,"PureWater":[6],"obtain_stats":[{"PreservedInsect":7,"PureWater":0,"Toxic Egg 2":9,"FossilizedHelix":10},{"PreservedInsect":5,"PureWater":0,"Toxic Egg 2":5,"FossilizedHelix":6},{"PreservedInsect":15,"PureWater":0,"Toxic Egg 2":15,"FossilizedHelix":16}],"FossilizedHelix":[1]},"card_choices":[{"not_picked":["EmptyBody","Halt"],"picked":"FlurryOfBlows","floor":1.0},{"not_picked":["BattleHymn","Collect"],"picked":"EmptyFist","floor":2.0},{"not_picked":["FlyingSleeves","BattleHymn"],"picked":"CrushJoints","floor":4.0},{"not_picked":["EmptyBody","CrushJoints","Crescendo"],"picked":"SKIP","floor":5.0},{"not_picked":["BowlingBash","FlurryOfBlows"],"picked":"Omniscience","floor":7.0},{"not_picked":["Consecrate","CrushJoints"],"picked":"Sanctity+1","floor":10.0},{"not_picked":["Protect+1","JustLucky"],"picked":"EmptyBody+1","floor":14.0}],"player_experience":4038505,"relics_obtained":[{"floor":7.0,"key":"PreservedInsect"},{"floor":9.0,"key":"Toxic Egg 2"},{"floor":10.0,"key":"FossilizedHelix"}],"event_choices":[{"cards_removed":["Defend_P"],"damage_healed":0.0,"max_hp_gain":0.0,"max_hp_loss":0.0,"gold_gain":0.0,"event_name":"The Cleric","player_choice":"Card Removal","floor":3.0,"gold_loss":75.0,"damage_taken":0.0},{"damage_healed":0.0,"max_hp_gain":5.0,"max_hp_loss":0.0,"gold_gain":0.0,"event_name":"Big Fish","player_choice":"Donut","floor":11.0,"gold_loss":0.0,"damage_taken":0.0},{"damage_healed":0.0,"max_hp_gain":0.0,"max_hp_loss":0.0,"gold_gain":0.0,"event_name":"Liars Game","player_choice":"Ignored","floor":13.0,"gold_loss":0.0,"damage_taken":0.0}],"is_beta":true,"boss_relics":[],"items_purged_floors":[],"is_endless":false,"potions_floor_spawned":[5,7,10],"killed_by":"Hexaghost","ascension_level":20}