{"gold_per_floor":[19,32,49,60,60,60,123,123,147,44,79,91,124,136,148,160],"floor_reached":16,"playtime":852,"items_purged":["Defend_P"],"score":200,"play_id":"c4f1312f-6ebd-4a60-a91e-7e2ab1bf34e0","local_time":"20211228215918","is_ascension_mode":true,"campfire_choices":[{"data":"Wallop","floor":6,"key":"SMITH"},{"floor":8,"key":"REST"},{"floor":15,"key":"REST"}],"neow_cost":"NO_GOLD","seed_source_timestamp":384526171871600,"circlet_count":0,"master_deck":["AscendersBane","Strike_P","Strike_P+1","Strike_P","Defend_P","Defend_P","Eruption","Vigilance","Wallop+1","EmptyFist+1","MentalFortress","CutThroughFate","InnerPeace"],"relics":["PureWater","Golden Idol","Smiling Mask","MawBank"],"potions_floor_usage":[11,11],"damage_taken":[{"damage":6,"enemies":"Jaw Worm","floor":1,"turns":4},{"damage":0,"enemies":"2 Louse","floor":2,"turns":3},{"damage":6,"enemies":"Small Slimes","floor":3,"turns":4},{"damage":0,"enemies":"2 Fungi Beasts","floor":4,"turns":4},{"damage":11,"enemies":"3 Sentries","floor":11,"turns":9},{"damage":8,"enemies":"Exordium Wildlife","floor":13,"turns":5},{"damage":28,"enemies":"The Guardian","floor":16,"turns":14}],"seed_played":"6840431922014534196","potions_obtained":[{"floor":1,"key":"StancePotion"},{"floor":3,"key":"Dexterity Potion"},{"floor":13,"key":"LiquidMemories"}],"is_trial":false,"path_per_floor":["M","M","M","M","?","R","?","R","T","$","E","?","M","?","R","B"],"character_chosen":"WATCHER","items_purchased":["Fire Potion"],"campfire_rested":2,"item_purchase_floors":[10],"current_hp_per_floor":[55,55,49,49,26,26,26,46,46,46,35,15,7,7,27,0],"gold":160,"neow_bonus":"REMOVE_TWO","is_prod":false,"is_daily":false,"chose_seed":false,"campfire_upgraded":1,"win_rate":0,"timestamp":1640757558,"path_taken":["M","M","M","M","?","R","?","R","T","$","E","?","M","?","R","BOSS"],"build_version":"2020-12-18","purchased_purges":1,"victory":false,"max_hp_per_floor":[68,68,68,68,68,68,68,68,68,68,68,68,68,68,68,68],"relic_stats":{"counters":[7,43],"Golden Idol":11,"PureWater":[5],"Smiling Mask":25,"MawBank":60,"obtain_stats":[{"Golden Idol":5,"PureWater":0,"Smiling Mask":9,"MawBank":11},{"Golden Idol":4,"PureWater":0,"Smiling Mask":4,"MawBank":5},{"Golden Idol":15,"PureWater":0,"Smiling Mask":15,"MawBank":24}]},"card_choices":[{"not_picked":["MentalFortress","Protect"],"picked":"Wallop","floor":1},{"not_picked":["Evaluate","Crescendo","PathToVictory"],"picked":"SKIP","floor":2},{"not_picked":["EmptyMind","BowlingBash"],"picked":"EmptyFist","floor":3},{"not_picked":["Perseverance","Vengeance"],"picked":"MentalFortress","floor":4},{"not_picked":["SandsOfTime","Protect"],"picked":"CutThroughFate","floor":11},{"not_picked":["FollowUp","JustLucky"],"picked":"InnerPeace","floor":13}],"player_experience":4041094,"relics_obtained":[{"floor":9,"key":"Smiling Mask"},{"floor":11,"key":"MawBank"}],"event_choices":[{"damage_healed":0,"gold_gain":0,"player_choice":"Take Damage","damage_taken":23,"relics_obtained":["Golden Idol"],"max_hp_gain":0,"max_hp_loss":0,"event_name":"Golden Idol","floor":5,"gold_loss":0},{"damage_healed":0,"gold_gain":63,"player_choice":"Gained Gold","damage_taken":0,"max_hp_gain":0,"max_hp_loss":0,"event_name":"Golden Wing","floor":7,"gold_loss":0},{"damage_healed":0,"gold_gain":0,"player_choice":"Entered Light","damage_taken":20,"max_hp_gain":0,"max_hp_loss":0,"event_name":"Shining Light","floor":12,"gold_loss":0,"cards_upgraded":["EmptyFist","Strike_P"]},{"damage_healed":0,"gold_gain":0,"player_choice":"Searched \u00270\u0027 times","damage_taken":0,"max_hp_gain":0,"max_hp_loss":0,"event_name":"Dead Adventurer","floor":14,"gold_loss":0}],"is_beta":true,"boss_relics":[],"items_purged_floors":[10],"is_endless":false,"potions_floor_spawned":[1,3,13],"killed_by":"The Guardian","ascension_level":20}