{"gold_per_floor":[114,36,54,73,73,73,98,121,121,121,148,73,106,106,106,201,201,216,216,75,75,90,90,140,140,140,265,265,321,321,321,321,417,417,465,1464,467,467,517,517,150,150,176,274,274,274,343,359,359,389,389,389,389,8,44,44],"floor_reached":57,"playtime":4136,"items_purged":["Strike_P","WreathOfFlame","Normality"],"score":2981,"play_id":"3c14aa0a-9dd8-4429-9463-584c8e6c5506","local_time":"20211223004633","is_ascension_mode":true,"campfire_choices":[{"data":"BowlingBash","floor":6.0,"key":"SMITH"},{"data":"Wallop","floor":10.0,"key":"SMITH"},{"data":"SpiritShield","floor":15.0,"key":"SMITH"},{"floor":23.0,"key":"REST"},{"data":"MentalFortress","floor":25.0,"key":"SMITH"},{"floor":28.0,"key":"REST"},{"data":"Meditate","floor":30.0,"key":"SMITH"},{"data":"Wish","floor":32.0,"key":"SMITH"},{"floor":40,"key":"RECALL"},{"data":"Apotheosis","floor":42,"key":"SMITH"},{"data":"Adaptation","floor":45,"key":"SMITH"},{"data":"MentalFortress","floor":49,"key":"SMITH"},{"floor":53,"key":"REST"}],"neow_cost":"NONE","seed_source_timestamp":79090411635000,"circlet_count":0,"master_deck":["AscendersBane","Eruption","Vigilance","FlurryOfBlows","FearNoEvil+1","EmptyFist+1","BowlingBash+1","Wallop+1","CutThroughFate","Tantrum+1","SpiritShield+1","Vault","Halt","Prostrate","CrushJoints","Wish+1","InnerPeace","Meditate+1","MentalFortress+1","Adaptation+1","Wireheading","CutThroughFate","MentalFortress+1","Apotheosis+1","FlurryOfBlows","InnerPeace","DeusExMachina"],"special_seed":0,"relics":["PureWater","Odd Mushroom","Juzu Bracelet","TeardropLocket","Pen Nib","Ornamental Fan","Golden Idol","Pandora\u0027s Box","Letter Opener","Turnip","Pear","The Courier","VioletLotus","Ginger","Pantograph","Omamori","Lantern","Potion Belt","Medical Kit","Mercury Hourglass","Unceasing Top","Nunchaku","CloakClasp","Whetstone"],"potions_floor_usage":[50,50,50,56],"damage_taken":[{"damage":0.0,"enemies":"Cultist","floor":1.0,"turns":3.0},{"damage":0.0,"enemies":"Jaw Worm","floor":3.0,"turns":1.0},{"damage":0.0,"enemies":"Small Slimes","floor":4.0,"turns":3.0},{"damage":0.0,"enemies":"The Mushroom Lair","floor":7.0,"turns":3.0},{"damage":0.0,"enemies":"Gremlin Nob","floor":11.0,"turns":3.0},{"damage":0.0,"enemies":"Lagavulin","floor":13.0,"turns":4.0},{"damage":9.0,"enemies":"Hexaghost","floor":16.0,"turns":5.0},{"damage":14.0,"enemies":"3 Byrds","floor":18.0,"turns":6.0},{"damage":3.0,"enemies":"Chosen","floor":22.0,"turns":5.0},{"damage":28.0,"enemies":"Snake Plant","floor":24.0,"turns":5.0},{"damage":5.0,"enemies":"Colosseum Slavers","floor":27.0,"turns":3.0},{"damage":0.0,"enemies":"Colosseum Nobs","floor":27.0,"turns":3.0},{"damage":5.0,"enemies":"Book of Stabbing","floor":29.0,"turns":5.0},{"damage":0.0,"enemies":"Automaton","floor":33.0,"turns":7.0},{"damage":6.0,"enemies":"Orb Walker","floor":35.0,"turns":5.0},{"damage":15,"enemies":"3 Darklings","floor":39,"turns":7},{"damage":0,"enemies":"Giant Head","floor":44,"turns":6},{"damage":0,"enemies":"Reptomancer","floor":47,"turns":5},{"damage":0,"enemies":"Jaw Worm Horde","floor":48,"turns":3},{"damage":60,"enemies":"Time Eater","floor":50,"turns":12},{"damage":14,"enemies":"Donu and Deca","floor":51,"turns":5},{"damage":1,"enemies":"Shield and Spear","floor":55,"turns":7},{"damage":67,"enemies":"The Heart","floor":56,"turns":9}],"seed_played":"5925659921990477324","potions_obtained":[{"floor":7.0,"key":"DuplicationPotion"},{"floor":11.0,"key":"Block Potion"},{"floor":13.0,"key":"PowerPotion"},{"floor":16.0,"key":"Energy Potion"},{"floor":24.0,"key":"SteroidPotion"},{"floor":27.0,"key":"GamblersBrew"},{"floor":44,"key":"LiquidMemories"}],"is_trial":false,"path_per_floor":["M","$","M","M","?","R","?","T","T","R","E","$","E","?","R","B",null,"M","?","$","?","M","R","M","R","T","?","R","E","R","?","R","B",null,"M","?","$","?","M","R","$","R","T","E","R","?","E","M","R","B","B",null,"R","$","E","B",null],"character_chosen":"WATCHER","items_purchased":["EmptyFist","BowlingBash","Meditate","Ginger","Pantograph","Omamori","Lantern","Potion Belt","Strength Potion","Medical Kit","MentalFortress","Apotheosis","FlurryOfBlows","Nunchaku","CloakClasp"],"campfire_rested":3,"item_purchase_floors":[2,2,20,37,37,37,37,37,37,41,41,41,41,54,54],"current_hp_per_floor":[61,61,61,61,41,41,41,41,41,41,41,41,41,18,18,9,53,39,39,39,39,36,56,28,28,28,33,56,51,51,51,51,51,71,65,65,65,65,50,50,50,50,50,50,50,50,50,50,50,15,26,65,78,78,77,11],"gold":44,"neow_bonus":"THREE_CARDS","is_prod":false,"is_daily":false,"chose_seed":false,"campfire_upgraded":9,"win_rate":0,"timestamp":1640249193,"path_taken":["M","?","M","M","?","R","?","?","T","R","E","?","E","?","R","BOSS","M","?","$","?","M","R","M","R","T","?","R","E","R","?","R","BOSS","M","?","$","?","M","R","$","R","T","E","R","?","E","M","R","BOSS","BOSS","R","$","E","BOSS"],"build_version":"2020-12-18","purchased_purges":3,"victory":true,"max_hp_per_floor":[68,68,68,68,68,68,68,68,68,68,68,68,68,68,68,68,68,68,68,68,68,68,68,68,68,68,78,78,78,78,78,78,78,78,78,78,78,78,78,78,78,78,78,78,78,78,78,78,78,78,78,78,78,78,78,78],"relic_stats":{"counters":[23,115],"Golden Idol":172,"Pen Nib":[34],"The Courier":438,"Juzu Bracelet":3,"Omamori":0,"CloakClasp":[57],"Letter Opener":[137],"Ginger":[5],"Whetstone":["Tantrum","FearNoEvil"],"Medical Kit":[7],"Mercury Hourglass":[138],"Nunchaku":[5],"Ornamental Fan":[312],"Pantograph":51,"Pandora\u0027s Box":["Vault","WreathOfFlame","Halt","Prostrate","CrushJoints","MasterReality","Wish"],"Turnip":[3],"VioletLotus":[40],"PureWater":[24],"obtain_stats":[{"Potion Belt":37,"Lantern":37,"Pear":27,"Golden Idol":14,"Pen Nib":11,"The Courier":29,"Juzu Bracelet":8,"Omamori":37,"CloakClasp":54,"TeardropLocket":9,"Letter Opener":26,"Ginger":37,"Whetstone":55,"Odd Mushroom":7,"Medical Kit":41,"Mercury Hourglass":44,"Nunchaku":54,"Ornamental Fan":13,"Pantograph":37,"Pandora\u0027s Box":17,"Turnip":27,"VioletLotus":34,"PureWater":0,"Unceasing Top":47},{"Potion Belt":15,"Lantern":15,"Pear":12,"Golden Idol":6,"Pen Nib":5,"The Courier":13,"Juzu Bracelet":4,"Omamori":15,"CloakClasp":21,"TeardropLocket":4,"Letter Opener":10,"Ginger":15,"Whetstone":22,"Odd Mushroom":4,"Medical Kit":16,"Mercury Hourglass":17,"Nunchaku":21,"Ornamental Fan":6,"Pantograph":15,"Pandora\u0027s Box":7,"Turnip":12,"VioletLotus":14,"PureWater":0,"Unceasing Top":18},{"Potion Belt":61,"Lantern":61,"Pear":44,"Golden Idol":17,"Pen Nib":13,"The Courier":49,"Juzu Bracelet":10,"Omamori":61,"CloakClasp":99,"TeardropLocket":10,"Letter Opener":38,"Ginger":61,"Whetstone":106,"Odd Mushroom":10,"Medical Kit":68,"Mercury Hourglass":74,"Nunchaku":99,"Ornamental Fan":17,"Pantograph":61,"Pandora\u0027s Box":22,"Turnip":44,"VioletLotus":56,"PureWater":0,"Unceasing Top":79}],"Unceasing Top":[0]},"card_choices":[{"not_picked":["Collect","BowlingBash"],"picked":"FlurryOfBlows","floor":0.0},{"not_picked":["Prostrate","JustLucky"],"picked":"FearNoEvil","floor":1.0},{"not_picked":["ClearTheMind","FlyingSleeves"],"picked":"Wallop","floor":3.0},{"not_picked":["Halt","Protect"],"picked":"CutThroughFate","floor":4.0},{"not_picked":["Prostrate","Study"],"picked":"Tantrum","floor":7.0},{"not_picked":["FollowUp","SignatureMove","BattleHymn"],"picked":"SKIP","floor":11.0},{"not_picked":["Protect","EmptyFist"],"picked":"SpiritShield","floor":13.0},{"not_picked":["Worship","Vengeance"],"picked":"InnerPeace","floor":18.0},{"not_picked":["CrushJoints","ClearTheMind","Fasting2"],"picked":"SKIP","floor":22.0},{"not_picked":["CrushJoints","Crescendo"],"picked":"Adaptation","floor":24.0},{"not_picked":["ClearTheMind","Omniscience"],"picked":"Wireheading","floor":29.0},{"not_picked":["LessonLearned","MasterReality"],"picked":"Wish","floor":33.0},{"not_picked":["PathToVictory","FlyingSleeves"],"picked":"CutThroughFate","floor":35.0},{"not_picked":["ClearTheMind","Crescendo","PathToVictory"],"picked":"SKIP","floor":39},{"not_picked":["BowlingBash","Vengeance","LikeWater+1"],"picked":"SKIP","floor":44},{"not_picked":["SignatureMove","ClearTheMind"],"picked":"InnerPeace","floor":47},{"not_picked":["CarveReality+1","Adaptation"],"picked":"DeusExMachina","floor":48},{"not_picked":["Conclude","Consecrate+1","Vengeance"],"picked":"SKIP","floor":55}],"player_experience":3991668,"relics_obtained":[{"floor":7.0,"key":"Odd Mushroom"},{"floor":8.0,"key":"Juzu Bracelet"},{"floor":9.0,"key":"TeardropLocket"},{"floor":11.0,"key":"Pen Nib"},{"floor":13.0,"key":"Ornamental Fan"},{"floor":26.0,"key":"Letter Opener"},{"floor":27.0,"key":"Turnip"},{"floor":27.0,"key":"Pear"},{"floor":29.0,"key":"The Courier"},{"floor":44,"key":"Mercury Hourglass"},{"floor":47,"key":"Unceasing Top"},{"floor":55,"key":"Whetstone"}],"event_choices":[{"damage_healed":0.0,"max_hp_gain":0.0,"max_hp_loss":0.0,"gold_gain":0.0,"event_name":"Shining Light","player_choice":"Entered Light","floor":5.0,"gold_loss":0.0,"damage_taken":20.0,"cards_upgraded":["Strike_P","EmptyFist"]},{"damage_healed":0.0,"max_hp_gain":0.0,"max_hp_loss":0.0,"gold_gain":0.0,"event_name":"Mushrooms","player_choice":"Fought Mushrooms","floor":7.0,"gold_loss":0.0,"damage_taken":0.0},{"damage_healed":0.0,"max_hp_gain":0.0,"max_hp_loss":0.0,"gold_gain":0.0,"event_name":"Golden Idol","player_choice":"Take Damage","floor":14.0,"gold_loss":0.0,"damage_taken":23.0,"relics_obtained":["Golden Idol"]},{"cards_removed":["MasterReality"],"damage_healed":0.0,"max_hp_gain":0.0,"max_hp_loss":0.0,"gold_gain":0.0,"event_name":"Back to Basics","player_choice":"Elegance","floor":19.0,"gold_loss":0.0,"damage_taken":0.0},{"damage_healed":0.0,"max_hp_gain":0.0,"max_hp_loss":0.0,"gold_gain":0.0,"event_name":"The Library","player_choice":"Read","floor":21.0,"gold_loss":0.0,"damage_taken":0.0,"cards_obtained":["MentalFortress"]},{"damage_healed":0.0,"max_hp_gain":0.0,"max_hp_loss":0.0,"gold_gain":0.0,"event_name":"Colosseum","player_choice":"Fight","floor":27.0,"gold_loss":0.0,"damage_taken":0.0},{"damage_healed":0.0,"max_hp_gain":0.0,"max_hp_loss":0.0,"gold_gain":0.0,"event_name":"Colosseum","player_choice":"Fought Nobs","floor":27.0,"gold_loss":0.0,"damage_taken":0.0},{"damage_healed":0.0,"max_hp_gain":0.0,"max_hp_loss":0.0,"gold_gain":0.0,"event_name":"Vampires","player_choice":"Ignored","floor":31.0,"gold_loss":0.0,"damage_taken":0.0},{"damage_healed":0.0,"max_hp_gain":0.0,"max_hp_loss":0.0,"gold_gain":999.0,"event_name":"MindBloom","player_choice":"Gold","floor":36.0,"gold_loss":0.0,"damage_taken":0.0,"cards_obtained":["Normality","Normality"]},{"cards_removed":["Normality"],"damage_healed":0.0,"max_hp_gain":0.0,"max_hp_loss":0.0,"gold_gain":0.0,"event_name":"Wheel of Change","player_choice":"Card Removal","floor":38.0,"gold_loss":0.0,"damage_taken":0.0},{"cards_removed":["Wish"],"damage_healed":0,"gold_gain":0,"player_choice":"Removed Skill","damage_taken":0,"max_hp_gain":0,"max_hp_loss":0,"event_name":"Falling","floor":46,"gold_loss":0}],"is_beta":true,"boss_relics":[{"not_picked":["Busted Crown","Velvet Choker"],"picked":"Pandora\u0027s Box"},{"not_picked":["Sozu","Calling Bell"],"picked":"VioletLotus"}],"items_purged_floors":[12,20,37],"is_endless":false,"potions_floor_spawned":[7,11,13,16,24,27,27,44,48],"ascension_level":20}