{"gold_per_floor":[211,225,239,7,27,37,64,64,90,108,142,142,142,142,142,142],"floor_reached":16,"playtime":963,"items_purged":["Defend_P"],"score":274,"play_id":"c959743e-d121-43c5-b2f5-7fff2201d862","local_time":"20211228213856","is_ascension_mode":true,"campfire_choices":[{"floor":8,"key":"REST"},{"data":"Conclude","floor":13,"key":"SMITH"},{"data":"BowlingBash","floor":15,"key":"SMITH"}],"neow_cost":"NONE","seed_source_timestamp":383194038070800,"circlet_count":0,"master_deck":["AscendersBane","Strike_P","Strike_P","Strike_P","Defend_P","Defend_P","Defend_P","Eruption","Vigilance","BowlingBash+1","FlurryOfBlows","Meditate","CutThroughFate","Conclude+1","Judgement"],"relics":["PureWater","Medical Kit","Question Card","Juzu Bracelet"],"potions_floor_usage":[7,11,16],"damage_taken":[{"damage":0,"enemies":"Cultist","floor":1,"turns":3},{"damage":7,"enemies":"Jaw Worm","floor":2,"turns":4},{"damage":0,"enemies":"2 Louse","floor":3,"turns":3},{"damage":2,"enemies":"2 Fungi Beasts","floor":5,"turns":2},{"damage":16,"enemies":"Blue Slaver","floor":6,"turns":4},{"damage":21,"enemies":"Lagavulin","floor":7,"turns":8},{"damage":19,"enemies":"Exordium Wildlife","floor":10,"turns":3},{"damage":0,"enemies":"Gremlin Nob","floor":11,"turns":1},{"damage":41,"enemies":"The Guardian","floor":16,"turns":8}],"seed_played":"-4851294890768951472","potions_obtained":[{"floor":5,"key":"SkillPotion"},{"floor":7,"key":"AttackPotion"},{"floor":11,"key":"BlessingOfTheForge"}],"is_trial":false,"path_per_floor":["M","M","M","$","M","M","E","R","T","M","E","?","R","?","R","B"],"character_chosen":"WATCHER","items_purchased":["Medical Kit"],"campfire_rested":1,"item_purchase_floors":[4],"current_hp_per_floor":[61,54,54,54,52,36,15,35,35,16,16,16,16,38,38,0],"gold":142,"neow_bonus":"HUNDRED_GOLD","is_prod":false,"is_daily":false,"chose_seed":false,"campfire_upgraded":2,"win_rate":0,"timestamp":1640756336,"path_taken":["M","M","M","$","M","?","E","R","T","M","E","?","R","?","R","BOSS"],"build_version":"2020-12-18","purchased_purges":1,"victory":false,"max_hp_per_floor":[68,68,68,68,68,68,68,68,68,68,68,68,68,68,68,68],"relic_stats":{"counters":[9,36],"Juzu Bracelet":1,"PureWater":[6],"Medical Kit":[0],"Question Card":2,"obtain_stats":[{"Juzu Bracelet":11,"PureWater":0,"Medical Kit":4,"Question Card":7},{"Juzu Bracelet":8,"PureWater":0,"Medical Kit":3,"Question Card":6},{"Juzu Bracelet":28,"PureWater":0,"Medical Kit":10,"Question Card":24}]},"card_choices":[{"not_picked":["Evaluate","EmptyBody","JustLucky"],"picked":"SKIP","floor":1},{"not_picked":["FollowUp","Crescendo"],"picked":"BowlingBash","floor":2},{"not_picked":["ThirdEye","FearNoEvil"],"picked":"FlurryOfBlows","floor":3},{"not_picked":["WaveOfTheHand","BowlingBash"],"picked":"Meditate","floor":5},{"not_picked":["Swivel","Protect","ClearTheMind"],"picked":"SKIP","floor":6},{"not_picked":["FlyingSleeves","CrushJoints"],"picked":"CutThroughFate","floor":7},{"not_picked":["Evaluate","Indignation","Prostrate"],"picked":"Conclude","floor":10},{"not_picked":["WaveOfTheHand","DeceiveReality","ForeignInfluence","ThirdEye"],"picked":"SKIP","floor":11}],"player_experience":4040131,"relics_obtained":[{"floor":7,"key":"Question Card"},{"floor":11,"key":"Juzu Bracelet"}],"event_choices":[{"damage_healed":0,"gold_gain":0,"cards_transformed":["Strike_P"],"player_choice":"Transformed","damage_taken":0,"max_hp_gain":0,"max_hp_loss":0,"event_name":"Transmorgrifier","floor":12,"gold_loss":0,"cards_obtained":["Judgement"]},{"damage_healed":22,"gold_gain":0,"player_choice":"Banana","damage_taken":0,"max_hp_gain":0,"max_hp_loss":0,"event_name":"Big Fish","floor":14,"gold_loss":0}],"is_beta":true,"boss_relics":[],"items_purged_floors":[4],"is_endless":false,"potions_floor_spawned":[5,7,11],"killed_by":"The Guardian","ascension_level":20}