{"gold_per_floor":[112,187,26,26,39,69,69,101,101,101,101,118,147,164,164,242,242,252,252,152,164,201,235,235,235],"floor_reached":25,"playtime":1543,"items_purged":["Defend_P","Study"],"score":528,"play_id":"f542e204-c2ae-40a3-8337-308345b42be3","local_time":"20211225234226","is_ascension_mode":true,"campfire_choices":[{"data":"WindmillStrike","floor":7,"key":"SMITH"},{"floor":11,"key":"REST"},{"data":"CarveReality","floor":15,"key":"SMITH"},{"floor":24,"key":"REST"}],"neow_cost":"NONE","seed_source_timestamp":0,"circlet_count":0,"master_deck":["AscendersBane","Eruption","Vigilance+1","CarveReality+1","WindmillStrike+1","EmptyBody+1","FearNoEvil","Wish","Brilliance","EmptyBody","EmptyFist","Consecrate","WreathOfFlame","Wireheading","DevaForm","CutThroughFate","Vault"],"special_seed":0,"relics":["PureWater","NeowsBlessing","TungstenRod","War Paint","Gambling Chip","Gremlin Horn","Pear","Pandora\u0027s Box","Ginger"],"potions_floor_usage":[13,16,23,23],"damage_taken":[{"damage":0,"enemies":"Jaw Worm","floor":1,"turns":1},{"damage":0,"enemies":"2 Louse","floor":5,"turns":1},{"damage":0,"enemies":"Lagavulin","floor":6,"turns":2},{"damage":2,"enemies":"Gremlin Nob","floor":8,"turns":3},{"damage":0,"enemies":"Small Slimes","floor":12,"turns":2},{"damage":4,"enemies":"3 Sentries","floor":13,"turns":6},{"damage":5,"enemies":"3 Louse","floor":14,"turns":4},{"damage":17,"enemies":"Hexaghost","floor":16,"turns":8},{"damage":0,"enemies":"Chosen","floor":18,"turns":3},{"damage":12,"enemies":"Shell Parasite","floor":21,"turns":3},{"damage":5,"enemies":"Centurion and Healer","floor":22,"turns":6},{"damage":10,"enemies":"Book of Stabbing","floor":23,"turns":4},{"damage":63,"enemies":"Slavers","floor":25,"turns":5}],"seed_played":"8887187292816209397","potions_obtained":[{"floor":8,"key":"AttackPotion"},{"floor":12,"key":"Ancient Potion"},{"floor":13,"key":"DistilledChaos"},{"floor":18,"key":"BottledMiracle"},{"floor":22,"key":"Block Potion"}],"is_trial":false,"path_per_floor":["M","?","$","?","M","E","R","E","T","?","R","M","E","M","R","B",null,"M","?","$","M","M","E","R","E"],"character_chosen":"WATCHER","items_purchased":["CarveReality"],"campfire_rested":2,"item_purchase_floors":[3],"current_hp_per_floor":[61,50,50,55,55,55,55,53,53,4,25,25,31,26,26,9,65,65,65,65,53,48,38,62,0],"gold":235,"neow_bonus":"THREE_ENEMY_KILL","is_prod":false,"is_daily":false,"chose_seed":false,"campfire_upgraded":2,"win_rate":0,"timestamp":1640504546,"path_taken":["M","?","$","?","M","E","R","E","T","?","R","M","E","M","R","BOSS","M","?","$","?","M","E","R","E"],"build_version":"2020-12-18","purchased_purges":2,"victory":false,"max_hp_per_floor":[68,68,68,73,73,73,73,73,73,73,73,73,83,83,83,83,83,83,83,83,83,83,83,83,83],"relic_stats":{"Gremlin Horn":[6,6],"counters":[13,48],"Gambling Chip":[26],"Pandora\u0027s Box":["Brilliance","Study","EmptyBody","EmptyFist","Consecrate","WreathOfFlame","Study"],"Ginger":[4],"PureWater":[5],"War Paint":["EmptyBody","Vigilance"],"obtain_stats":[{"Pear":13,"NeowsBlessing":0,"Gremlin Horn":10,"Gambling Chip":9,"Pandora\u0027s Box":17,"Ginger":23,"PureWater":0,"War Paint":8,"TungstenRod":6},{"Pear":6,"NeowsBlessing":0,"Gremlin Horn":4,"Gambling Chip":4,"Pandora\u0027s Box":8,"Ginger":12,"PureWater":0,"War Paint":4,"TungstenRod":3},{"Pear":15,"NeowsBlessing":0,"Gremlin Horn":7,"Gambling Chip":7,"Pandora\u0027s Box":27,"Ginger":43,"PureWater":0,"War Paint":7,"TungstenRod":4}],"TungstenRod":32},"card_choices":[{"not_picked":["Evaluate","SandsOfTime","Consecrate"],"picked":"SKIP","floor":1},{"not_picked":["FlyingSleeves","SashWhip"],"picked":"WindmillStrike","floor":5},{"not_picked":["ReachHeaven","CarveReality","FlyingSleeves"],"picked":"SKIP","floor":6},{"not_picked":["WreathOfFlame","MasterReality"],"picked":"EmptyBody","floor":8},{"not_picked":["ForeignInfluence","FollowUp","BattleHymn"],"picked":"SKIP","floor":12},{"not_picked":["Indignation","Halt"],"picked":"FearNoEvil","floor":13},{"not_picked":["ClearTheMind","PathToVictory","BowlingBash"],"picked":"SKIP","floor":14},{"not_picked":["DeusExMachina","ConjureBlade"],"picked":"Wish","floor":16},{"not_picked":["Halt","EmptyFist"],"picked":"Wireheading","floor":18},{"not_picked":["Crescendo","CarveReality"],"picked":"CutThroughFate","floor":21},{"not_picked":["SashWhip","Consecrate","BowlingBash"],"picked":"SKIP","floor":22},{"not_picked":["SandsOfTime","CrushJoints"],"picked":"Vault","floor":23}],"player_experience":4002653,"relics_obtained":[{"floor":6,"key":"TungstenRod"},{"floor":8,"key":"War Paint"},{"floor":9,"key":"Gambling Chip"},{"floor":13,"key":"Pear"},{"floor":23,"key":"Ginger"}],"event_choices":[{"damage_healed":0,"gold_gain":75,"player_choice":"Gather Gold","damage_taken":11,"max_hp_gain":0,"max_hp_loss":0,"event_name":"World of Goop","floor":2,"gold_loss":0},{"damage_healed":0,"gold_gain":0,"player_choice":"Donut","damage_taken":0,"max_hp_gain":5,"max_hp_loss":0,"event_name":"Big Fish","floor":4,"gold_loss":0},{"damage_healed":0,"gold_gain":0,"player_choice":"Success","damage_taken":56,"relics_obtained":["Gremlin Horn"],"max_hp_gain":0,"max_hp_loss":0,"event_name":"Scrap Ooze","floor":10,"gold_loss":0},{"damage_healed":0,"gold_gain":0,"cards_transformed":["Study"],"player_choice":"Transformed","damage_taken":0,"max_hp_gain":0,"max_hp_loss":0,"event_name":"Transmorgrifier","floor":19,"gold_loss":0,"cards_obtained":["DevaForm"]}],"is_beta":true,"boss_relics":[{"not_picked":["Sozu","Runic Pyramid"],"picked":"Pandora\u0027s Box"}],"items_purged_floors":[3,20],"is_endless":false,"potions_floor_spawned":[8,12,13,18,22],"killed_by":"Slavers","ascension_level":20}