{"gold_per_floor":[115,95,95,115,129,129,148,70,70,70,98,98,143,165,177,261,273,300,312,341,369,5,38,38,38,38,38,48,75,75,75,75,152,152,163,180,180,230,230,230,15,43,43,63,76,76,96,128,128,128],"floor_reached":50,"playtime":2806,"items_purged":["Strike_P+1"],"score":1296,"play_id":"28c9556f-d109-4aba-aa03-2e1cc5462c38","local_time":"20211227223247","is_ascension_mode":true,"campfire_choices":[{"data":"SashWhip","floor":6.0,"key":"SMITH"},{"data":"FlurryOfBlows","floor":10.0,"key":"SMITH"},{"data":"TalkToTheHand","floor":15.0,"key":"SMITH"},{"floor":25.0,"key":"REST"},{"floor":30.0,"key":"RECALL"},{"floor":32.0,"key":"REST"},{"floor":40.0,"key":"REST"},{"floor":49.0,"key":"DIG"}],"neow_cost":"PERCENT_DAMAGE","seed_source_timestamp":298070229228300,"circlet_count":0,"master_deck":["AscendersBane","Strike_P+1","Strike_P+1","Defend_P+1","Defend_P+1","Defend_P+1","Eruption+1","Vigilance+1","SashWhip+1","FlurryOfBlows+1","EmptyBody","Crescendo+1","Tantrum","CutThroughFate+1","TalkToTheHand+1","Vault+1","Halt+1","ClearTheMind+1","Impatience+1","Meditate+1","CrushJoints+1","TalkToTheHand","Ghostly+1","Ghostly+1","Ghostly+1","CutThroughFate+1","LessonLearned","FearNoEvil","Evaluate+1","WaveOfTheHand+1","Meditate+1","Tantrum+1"],"special_seed":0,"relics":["PureWater","Toxic Egg 2","TeardropLocket","MawBank","Mango","Fusion Hammer","Ornamental Fan","Strawberry","InkBottle","Dream Catcher","SacredBark","Shovel","Blue Candle","Pantograph","Letter Opener","Gremlin Horn"],"potions_floor_usage":[50],"damage_taken":[{"damage":1.0,"enemies":"Cultist","floor":1.0,"turns":5.0},{"damage":6.0,"enemies":"2 Louse","floor":4.0,"turns":3.0},{"damage":0.0,"enemies":"Small Slimes","floor":5.0,"turns":2.0},{"damage":1.0,"enemies":"Blue Slaver","floor":7.0,"turns":4.0},{"damage":11.0,"enemies":"Gremlin Nob","floor":11.0,"turns":3.0},{"damage":8.0,"enemies":"Lagavulin","floor":13.0,"turns":5.0},{"damage":0.0,"enemies":"Large Slime","floor":14.0,"turns":3.0},{"damage":10.0,"enemies":"The Guardian","floor":16.0,"turns":13.0},{"damage":0.0,"enemies":"Spheric Guardian","floor":18.0,"turns":2.0},{"damage":0.0,"enemies":"Chosen","floor":20.0,"turns":3.0},{"damage":0.0,"enemies":"Centurion and Healer","floor":21.0,"turns":6.0},{"damage":0.0,"enemies":"Book of Stabbing","floor":23.0,"turns":5.0},{"damage":0.0,"enemies":"Cultist and Chosen","floor":28.0,"turns":5.0},{"damage":0.0,"enemies":"Gremlin Leader","floor":29.0,"turns":5.0},{"damage":9.0,"enemies":"Champ","floor":33.0,"turns":13.0},{"damage":0.0,"enemies":"3 Darklings","floor":35.0,"turns":5.0},{"damage":0.0,"enemies":"3 Shapes","floor":36.0,"turns":5.0},{"damage":32.0,"enemies":"2 Orb Walkers","floor":38.0,"turns":5.0},{"damage":0.0,"enemies":"Reptomancer","floor":42.0,"turns":5.0},{"damage":0.0,"enemies":"Jaw Worm Horde","floor":44.0,"turns":5.0},{"damage":1.0,"enemies":"Transient","floor":45.0,"turns":6.0},{"damage":9.0,"enemies":"Spire Growth","floor":47.0,"turns":6.0},{"damage":0.0,"enemies":"Nemesis","floor":48.0,"turns":6.0},{"damage":55,"enemies":"Donu and Deca","floor":50,"turns":10}],"seed_played":"-1736473443144881525","potions_obtained":[{"floor":1.0,"key":"SmokeBomb"},{"floor":2.0,"key":"DistilledChaos"},{"floor":7.0,"key":"Weak Potion"},{"floor":14.0,"key":"SpeedPotion"},{"floor":16.0,"key":"Fire Potion"},{"floor":28.0,"key":"CultistPotion"},{"floor":36.0,"key":"DuplicationPotion"}],"is_trial":false,"path_per_floor":["M","?","$","M","M","R","M","$","T","R","E","?","E","M","R","B",null,"M","?","M","M","$","E","?","R","T","T","M","E","R","?","R","B",null,"M","M","?","?","?","R","$","E","T","M","M","$","M","E","R","B"],"character_chosen":"WATCHER","items_purchased":["Tantrum","Ornamental Fan","Impatience+1","WaveOfTheHand+1","PowerPotion"],"campfire_rested":3,"item_purchase_floors":[8,22,22,41,41],"current_hp_per_floor":[54,54,54,48,48,48,47,47,47,47,36,18,24,24,24,14,74,74,74,74,74,74,81,51,82,82,82,82,82,82,53,53,44,51,51,51,51,19,19,34,34,34,34,34,33,33,24,24,24,0],"gold":128,"neow_bonus":"TWENTY_PERCENT_HP_BONUS","is_prod":false,"is_daily":false,"chose_seed":false,"campfire_upgraded":3,"win_rate":0,"timestamp":1640673167,"path_taken":["M","?","?","M","M","R","?","$","T","R","E","?","E","M","R","BOSS","M","?","M","M","$","E","?","R","T","?","M","E","R","?","R","BOSS","M","M","?","?","?","R","$","E","T","M","M","$","M","E","R","BOSS"],"build_version":"2020-12-18","purchased_purges":1,"victory":false,"max_hp_per_floor":[80,80,80,80,80,80,80,80,80,80,80,80,94,94,94,94,94,94,94,94,94,94,101,106,106,106,106,106,106,106,53,53,53,53,53,53,53,53,53,53,53,53,53,53,53,53,53,53,53,53],"relic_stats":{"Dream Catcher":2,"Shovel":1,"Gremlin Horn":[1,1],"counters":[24,130],"Ornamental Fan":[204],"Blue Candle":[0],"Pantograph":25,"Letter Opener":[34],"PureWater":[12],"MawBank":120,"obtain_stats":[{"Gremlin Horn":49,"SacredBark":34,"Blue Candle":42,"Mango":13,"TeardropLocket":11,"Letter Opener":48,"MawBank":12,"Dream Catcher":29,"Shovel":38,"Ornamental Fan":22,"Strawberry":23,"Pantograph":43,"Fusion Hammer":17,"PureWater":0,"Toxic Egg 2":9,"InkBottle":27},{"Gremlin Horn":23,"SacredBark":15,"Blue Candle":19,"Mango":6,"TeardropLocket":5,"Letter Opener":23,"MawBank":5,"Dream Catcher":14,"Shovel":18,"Ornamental Fan":11,"Strawberry":12,"Pantograph":19,"Fusion Hammer":8,"PureWater":0,"Toxic Egg 2":4,"InkBottle":12},{"Gremlin Horn":120,"SacredBark":77,"Blue Candle":97,"Mango":22,"TeardropLocket":17,"Letter Opener":120,"MawBank":17,"Dream Catcher":64,"Shovel":92,"Ornamental Fan":49,"Strawberry":54,"Pantograph":97,"Fusion Hammer":38,"PureWater":0,"Toxic Egg 2":14,"InkBottle":54}],"InkBottle":[33]},"card_choices":[{"not_picked":["Wireheading","PathToVictory"],"picked":"SashWhip","floor":1.0},{"not_picked":["EmptyBody","Study"],"picked":"FlurryOfBlows","floor":4.0},{"not_picked":["Protect","Fasting2"],"picked":"EmptyBody","floor":5.0},{"not_picked":["EmptyBody","PathToVictory"],"picked":"Crescendo","floor":7.0},{"not_picked":["SashWhip","ClearTheMind+1"],"picked":"CutThroughFate","floor":11.0},{"not_picked":["Study","Protect+1"],"picked":"TalkToTheHand","floor":13.0},{"not_picked":["Worship+1","BowlingBash","Study"],"picked":"SKIP","floor":14.0},{"not_picked":["ConjureBlade+1","Blasphemy+1"],"picked":"Vault+1","floor":16.0},{"not_picked":["Nirvana","FlurryOfBlows"],"picked":"Halt+1","floor":18.0},{"not_picked":["Wireheading","EmptyFist"],"picked":"ClearTheMind+1","floor":20.0},{"not_picked":["Nirvana","FlurryOfBlows","FollowUp"],"picked":"SKIP","floor":21.0},{"not_picked":["Ragnarok","BowlingBash"],"picked":"Meditate+1","floor":23.0},{"not_picked":["Pray+1","BowlingBash"],"picked":"CrushJoints+1","floor":28.0},{"not_picked":["Swivel+1","Collect+1"],"picked":"TalkToTheHand","floor":29.0},{"not_picked":["FlyingSleeves","WreathOfFlame+1"],"picked":"CutThroughFate+1","floor":32.0},{"not_picked":["ConjureBlade+1","Establishment"],"picked":"LessonLearned","floor":33.0},{"not_picked":["CrushJoints","ThirdEye+1"],"picked":"FearNoEvil","floor":35.0},{"not_picked":["ClearTheMind+1","BowlingBash","Vengeance+1"],"picked":"SKIP","floor":36.0},{"not_picked":["Weave","EmptyBody+1"],"picked":"Evaluate+1","floor":40.0},{"not_picked":["Collect+1","Halt+1"],"picked":"Meditate+1","floor":42.0},{"not_picked":["FlyingSleeves","ClearTheMind+1","PathToVictory+1"],"picked":"SKIP","floor":44.0},{"not_picked":["BowlingBash+1","BattleHymn","Pray+1"],"picked":"SKIP","floor":45.0},{"not_picked":["WheelKick","SashWhip"],"picked":"Tantrum+1","floor":47.0},{"not_picked":["WheelKick","Conclude","Indignation+1"],"picked":"SKIP","floor":48.0}],"player_experience":4011372,"relics_obtained":[{"floor":9.0,"key":"Toxic Egg 2"},{"floor":11.0,"key":"TeardropLocket"},{"floor":13.0,"key":"Mango"},{"floor":23.0,"key":"Strawberry"},{"floor":27.0,"key":"InkBottle"},{"floor":29.0,"key":"Dream Catcher"},{"floor":38.0,"key":"Shovel"},{"floor":42.0,"key":"Blue Candle"},{"floor":43.0,"key":"Pantograph"},{"floor":48.0,"key":"Letter Opener"},{"floor":49.0,"key":"Gremlin Horn"}],"event_choices":[{"damage_healed":0.0,"max_hp_gain":0.0,"max_hp_loss":0.0,"gold_gain":0.0,"event_name":"The Woman in Blue","player_choice":"Bought 1 Potion","floor":2.0,"gold_loss":0.0,"damage_taken":0.0},{"damage_healed":0.0,"max_hp_gain":0.0,"max_hp_loss":0.0,"gold_gain":0.0,"event_name":"Scrap Ooze","player_choice":"Success","floor":12.0,"gold_loss":0.0,"damage_taken":18.0,"relics_obtained":["MawBank"]},{"damage_healed":0.0,"max_hp_gain":0.0,"max_hp_loss":0.0,"gold_gain":0.0,"event_name":"Back to Basics","player_choice":"Simplicity","floor":19.0,"gold_loss":0.0,"damage_taken":0.0,"cards_upgraded":["Strike_P","Strike_P","Strike_P","Strike_P","Defend_P","Defend_P","Defend_P","Defend_P"]},{"damage_healed":0.0,"max_hp_gain":5.0,"max_hp_loss":0.0,"gold_gain":0.0,"event_name":"Forgotten Altar","player_choice":"Shed Blood","floor":24.0,"gold_loss":0.0,"damage_taken":35.0},{"damage_healed":0.0,"max_hp_gain":0.0,"max_hp_loss":53.0,"gold_gain":0.0,"event_name":"Ghosts","player_choice":"Became a Ghost","floor":31.0,"gold_loss":0.0,"damage_taken":0.0,"cards_obtained":["Ghostly","Ghostly","Ghostly"]},{"cards_removed":["Defend_P"],"damage_healed":0.0,"max_hp_gain":0.0,"max_hp_loss":0.0,"gold_gain":0.0,"event_name":"Falling","player_choice":"Removed Skill","floor":37.0,"gold_loss":0.0,"damage_taken":0.0},{"damage_healed":0.0,"max_hp_gain":0.0,"max_hp_loss":0.0,"gold_gain":0.0,"event_name":"Mysterious Sphere","player_choice":"Fight","floor":38.0,"gold_loss":0.0,"damage_taken":0.0},{"cards_removed":["Strike_P"],"damage_healed":0.0,"max_hp_gain":0.0,"max_hp_loss":0.0,"gold_gain":0.0,"event_name":"Purifier","player_choice":"Purged","floor":39.0,"gold_loss":0.0,"damage_taken":0.0}],"is_beta":true,"boss_relics":[{"not_picked":["Calling Bell","Black Star"],"picked":"Fusion Hammer"},{"not_picked":["Coffee Dripper","Pandora\u0027s Box"],"picked":"SacredBark"}],"items_purged_floors":[41],"is_endless":false,"potions_floor_spawned":[1,7,14,16,28,29,36,42,47],"killed_by":"Donu and Deca","ascension_level":20}