{"gold_per_floor":[116,136,411,165,178,210,226,226,272,272,342,342,342,358,358,429,429,440,456,456,19,46,46,59,85,385,399,433,708,708,361,361,437,437,455,435,9,22,39,39,65,76,76,76,110,110,129,2,2,2,2,2,2,2,30,30],"floor_reached":57,"playtime":5512,"items_purged":["Regret","Pain","Regret"],"score":2891,"play_id":"48e38348-c2b7-4988-bff6-e706f06af726","local_time":"20211228104145","is_ascension_mode":true,"campfire_choices":[{"data":"Wallop","floor":8.0,"key":"SMITH"},{"floor":13.0,"key":"REST"},{"data":"Vigilance","floor":15.0,"key":"SMITH"},{"floor":23.0,"key":"REST"},{"data":"Ghostly","floor":32,"key":"SMITH"},{"floor":40,"key":"RECALL"},{"data":"Ghostly","floor":49,"key":"SMITH"},{"data":"Ghostly","floor":53,"key":"SMITH"}],"neow_cost":"NONE","seed_source_timestamp":339178124399300,"circlet_count":0,"master_deck":["AscendersBane","Strike_P","Defend_P","Defend_P","Eruption","Vigilance+1","Wallop+1","CrushJoints","FearNoEvil","WheelKick","Scrawl","ThirdEye+1","Judgement+1","EmptyFist+1","CutThroughFate+1","FlurryOfBlows","Tantrum","TalkToTheHand+1","ClearTheMind+1","Meditate","EmptyBody+1","ThirdEye+1","Ghostly+1","Ghostly+1","Ghostly+1","Adaptation","MentalFortress+1","Master of Strategy","EmptyMind","MentalFortress+1","TalkToTheHand+1","Scrawl","InnerPeace"],"special_seed":0,"relics":["Empty Cage","Toolbox","The Courier","Ancient Tea Set","Akabeko","Astrolabe","WarpedTongs","Shuriken","Centennial Puzzle","Juzu Bracelet","Old Coin","Bag of Preparation","Anchor","VioletLotus","Frozen Egg 2","Oddly Smooth Stone","CaptainsWheel","Pear"],"potions_floor_usage":[33,56],"damage_taken":[{"damage":0.0,"enemies":"Jaw Worm","floor":1.0,"turns":4.0},{"damage":2.0,"enemies":"Cultist","floor":2.0,"turns":3.0},{"damage":1.0,"enemies":"Small Slimes","floor":5.0,"turns":4.0},{"damage":7.0,"enemies":"Lagavulin","floor":6.0,"turns":5.0},{"damage":0.0,"enemies":"Blue Slaver","floor":7.0,"turns":4.0},{"damage":46.0,"enemies":"3 Sentries","floor":11.0,"turns":11.0},{"damage":2.0,"enemies":"Exordium Thugs","floor":14.0,"turns":3.0},{"damage":16.0,"enemies":"The Guardian","floor":16.0,"turns":11.0},{"damage":25.0,"enemies":"Shell Parasite","floor":18.0,"turns":5.0},{"damage":0.0,"enemies":"Spheric Guardian","floor":19.0,"turns":1.0},{"damage":0.0,"enemies":"Snake Plant","floor":24.0,"turns":1.0},{"damage":4.0,"enemies":"Slavers","floor":25.0,"turns":3.0},{"damage":3.0,"enemies":"Centurion and Healer","floor":27.0,"turns":2.0},{"damage":0,"enemies":"Gremlin Leader","floor":28,"turns":4},{"damage":18,"enemies":"Collector","floor":33,"turns":4},{"damage":1,"enemies":"3 Darklings","floor":35,"turns":4},{"damage":4,"enemies":"3 Shapes","floor":38,"turns":3},{"damage":0,"enemies":"Jaw Worm Horde","floor":39,"turns":4},{"damage":0,"enemies":"Nemesis","floor":41,"turns":5},{"damage":0,"enemies":"Writhing Mass","floor":42,"turns":5},{"damage":1,"enemies":"Giant Head","floor":45,"turns":5},{"damage":0,"enemies":"4 Shapes","floor":47,"turns":5},{"damage":0,"enemies":"Donu and Deca","floor":50,"turns":7},{"damage":10,"enemies":"Time Eater","floor":51,"turns":11},{"damage":0,"enemies":"Shield and Spear","floor":55,"turns":6},{"damage":2,"enemies":"The Heart","floor":56,"turns":9}],"seed_played":"6194025585405633967","potions_obtained":[{"floor":2.0,"key":"BlessingOfTheForge"},{"floor":14.0,"key":"Block Potion"},{"floor":18.0,"key":"DistilledChaos"},{"floor":24.0,"key":"SneckoOil"},{"floor":33,"key":"Energy Potion"},{"floor":36,"key":"PowerPotion"}],"is_trial":false,"path_per_floor":["M","M","?","$","M","E","M","R","T","?","E","?","R","M","R","B",null,"M","M","?","$","T","R","M","E","T","M","E","?","?","$","R","B",null,"M","?","$","M","M","R","E","M","T","?","E","?","M","$","R","B","B",null,"R","$","E","B",null],"character_chosen":"WATCHER","items_purchased":["Toolbox","Shuriken","Tantrum","TalkToTheHand","Adaptation","Strength Potion","Anchor","Frozen Egg 2","MentalFortress+1","Master of Strategy","Scrawl","InnerPeace"],"campfire_rested":2,"item_purchase_floors":[4,21,21,21,31,31,31,37,37,37,48,48],"current_hp_per_floor":[61,59,59,59,58,51,51,51,51,51,5,5,25,23,23,7,53,28,28,28,28,28,48,48,44,44,41,41,41,34,34,34,16,30,29,29,29,25,25,25,25,25,25,25,24,24,24,24,24,24,14,29,29,29,39,37],"gold":30,"neow_bonus":"BOSS_RELIC","is_prod":false,"is_daily":false,"chose_seed":false,"campfire_upgraded":5,"win_rate":0,"timestamp":1640716905,"path_taken":["M","M","?","$","M","E","?","R","T","?","E","?","R","M","R","BOSS","M","M","?","$","?","R","M","E","T","M","E","?","?","$","R","BOSS","M","?","?","M","M","R","E","M","T","?","E","?","M","$","R","BOSS","BOSS","R","$","E","BOSS"],"build_version":"2020-12-18","purchased_purges":3,"victory":true,"max_hp_per_floor":[68,68,68,68,68,68,68,68,68,68,68,68,68,68,68,68,68,68,68,68,68,68,68,68,68,68,68,68,68,34,34,34,34,34,34,34,34,34,34,34,34,34,34,34,34,34,34,34,34,34,34,34,34,34,44,44],"relic_stats":{"Centennial Puzzle":[24],"counters":[26,129],"Shuriken":[60],"Astrolabe":["ThirdEye","Judgement","EmptyFist"],"The Courier":334,"VioletLotus":[42],"Juzu Bracelet":2,"Bag of Preparation":[24],"Ancient Tea Set":[14],"obtain_stats":[{"Pear":55,"Astrolabe":17,"Oddly Smooth Stone":41,"The Courier":6,"Juzu Bracelet":25,"Bag of Preparation":28,"Frozen Egg 2":37,"Empty Cage":0,"Ancient Tea Set":9,"Akabeko":11,"WarpedTongs":20,"Old Coin":26,"Centennial Puzzle":22,"Anchor":31,"CaptainsWheel":45,"Shuriken":21,"Toolbox":4,"VioletLotus":34,"PureWater":0},{"Pear":25,"Astrolabe":8,"Oddly Smooth Stone":19,"The Courier":4,"Juzu Bracelet":12,"Bag of Preparation":14,"Frozen Egg 2":16,"Empty Cage":0,"Ancient Tea Set":5,"Akabeko":6,"WarpedTongs":10,"Old Coin":12,"Centennial Puzzle":10,"Anchor":14,"CaptainsWheel":21,"Shuriken":10,"Toolbox":2,"VioletLotus":15,"PureWater":0},{"Pear":120,"Astrolabe":45,"Oddly Smooth Stone":81,"The Courier":16,"Juzu Bracelet":55,"Bag of Preparation":61,"Frozen Egg 2":69,"Empty Cage":0,"Ancient Tea Set":20,"Akabeko":31,"WarpedTongs":51,"Old Coin":55,"Centennial Puzzle":51,"Anchor":61,"CaptainsWheel":91,"Shuriken":51,"Toolbox":7,"VioletLotus":65,"PureWater":0}],"WarpedTongs":[70]},"card_choices":[{"not_picked":["EmptyBody","Protect","Prostrate"],"picked":"SKIP","floor":1.0},{"not_picked":["CarveReality","ClearTheMind"],"picked":"Wallop","floor":2.0},{"not_picked":["Protect","Wallop","ClearTheMind"],"picked":"SKIP","floor":5.0},{"not_picked":["ForeignInfluence","SandsOfTime","Prostrate"],"picked":"SKIP","floor":6.0},{"not_picked":["ClearTheMind","PathToVictory"],"picked":"CrushJoints","floor":7.0},{"not_picked":["SignatureMove","LikeWater"],"picked":"FearNoEvil","floor":11.0},{"not_picked":["Sanctity","ForeignInfluence"],"picked":"WheelKick","floor":14.0},{"not_picked":["Judgement","Establishment"],"picked":"Scrawl","floor":16.0},{"not_picked":["FlurryOfBlows","BowlingBash"],"picked":"CutThroughFate+1","floor":18.0},{"not_picked":["FlyingSleeves","Evaluate"],"picked":"FlurryOfBlows","floor":19.0},{"not_picked":["JustLucky","BattleHymn"],"picked":"ClearTheMind+1","floor":24.0},{"not_picked":["Worship","EmptyMind"],"picked":"Meditate","floor":25.0},{"not_picked":["EmptyFist","BowlingBash"],"picked":"EmptyBody+1","floor":27.0},{"not_picked":["WaveOfTheHand","FlyingSleeves"],"picked":"ThirdEye+1","floor":28},{"not_picked":["ThirdEye","PathToVictory","BowlingBash+1"],"picked":"SKIP","floor":35},{"not_picked":["Protect","Crescendo","Collect"],"picked":"SKIP","floor":38},{"not_picked":["Consecrate+1","FlyingSleeves","Evaluate"],"picked":"SKIP","floor":39},{"not_picked":["EmptyBody","Conclude"],"picked":"EmptyMind","floor":41},{"not_picked":["FlurryOfBlows","DeceiveReality"],"picked":"MentalFortress+1","floor":42},{"not_picked":["Study+1","Meditate"],"picked":"TalkToTheHand+1","floor":45},{"not_picked":["Worship","Brilliance","ClearTheMind"],"picked":"SKIP","floor":47},{"not_picked":["SandsOfTime+1","ReachHeaven+1","Conclude"],"picked":"SKIP","floor":55}],"player_experience":4019747,"relics_obtained":[{"floor":6.0,"key":"The Courier"},{"floor":9.0,"key":"Ancient Tea Set"},{"floor":11.0,"key":"Akabeko"},{"floor":22.0,"key":"Centennial Puzzle"},{"floor":25.0,"key":"Juzu Bracelet"},{"floor":26.0,"key":"Old Coin"},{"floor":28,"key":"Bag of Preparation"},{"floor":41,"key":"Oddly Smooth Stone"},{"floor":45,"key":"CaptainsWheel"},{"floor":55,"key":"Pear"}],"event_choices":[{"damage_healed":0.0,"max_hp_gain":0.0,"max_hp_loss":0.0,"gold_gain":275.0,"event_name":"Golden Shrine","player_choice":"Desecrate","floor":3.0,"gold_loss":0.0,"damage_taken":0.0,"cards_obtained":["Regret"]},{"damage_healed":0.0,"max_hp_gain":0.0,"max_hp_loss":0.0,"gold_gain":0.0,"event_name":"Liars Game","player_choice":"Ignored","floor":10.0,"gold_loss":0.0,"damage_taken":0.0},{"damage_healed":0.0,"max_hp_gain":0.0,"max_hp_loss":0.0,"gold_gain":0.0,"event_name":"Shining Light","player_choice":"Ignored","floor":12.0,"gold_loss":0.0,"damage_taken":0.0},{"damage_healed":0.0,"max_hp_gain":0.0,"max_hp_loss":0.0,"gold_gain":0.0,"event_name":"Accursed Blacksmith","player_choice":"Rummage","floor":20.0,"gold_loss":0.0,"damage_taken":0.0,"relics_obtained":["WarpedTongs"],"cards_obtained":["Pain"]},{"damage_healed":0,"gold_gain":275,"player_choice":"Desecrate","damage_taken":0,"max_hp_gain":0,"max_hp_loss":0,"event_name":"Golden Shrine","floor":29,"gold_loss":0,"cards_obtained":["Regret"]},{"damage_healed":0,"gold_gain":0,"player_choice":"Became a Ghost","damage_taken":0,"max_hp_gain":0,"max_hp_loss":34,"event_name":"Ghosts","floor":30,"gold_loss":0,"cards_obtained":["Ghostly","Ghostly","Ghostly"]},{"damage_healed":0,"gold_gain":0,"player_choice":"Bought 1 Potion","damage_taken":0,"max_hp_gain":0,"max_hp_loss":0,"event_name":"The Woman in Blue","floor":36,"gold_loss":0},{"damage_healed":0,"gold_gain":0,"player_choice":"Upgraded","damage_taken":0,"max_hp_gain":0,"max_hp_loss":0,"event_name":"Upgrade Shrine","floor":44,"gold_loss":0,"cards_upgraded":["TalkToTheHand"]},{"damage_healed":0,"gold_gain":0,"player_choice":"Ignored","damage_taken":0,"max_hp_gain":0,"max_hp_loss":0,"event_name":"Tomb of Lord Red Mask","floor":46,"gold_loss":0}],"is_beta":true,"boss_relics":[{"not_picked":["Busted Crown","Tiny House"],"picked":"Astrolabe"},{"not_picked":["Runic Pyramid","Sozu"],"picked":"VioletLotus"}],"items_purged_floors":[4,21,31],"is_endless":false,"potions_floor_spawned":[2,14,18,24,25,33,38,39,41,42,55],"ascension_level":20}