{"gold_per_floor":[19,19,38,57,68,68,102,102,102,133,133,168,168,168,168,258,258,277,277,277,322,359,409,609,635,647,685,697,709,756,785,797,883,895,919,981,993,1016,1068,1080,1146,1230,1242,1279,1291,470,531,135,135,135,195,195,195,4,29,29],"floor_reached":57,"playtime":5569,"items_purged":["Regret"],"score":3282,"play_id":"51b66437-082a-4cc2-a30b-c437a8a02440","local_time":"20211228001542","is_ascension_mode":true,"campfire_choices":[{"data":"BowlingBash","floor":6,"key":"SMITH"},{"data":"EmptyFist","floor":8,"key":"SMITH"},{"data":"Vigilance","floor":11,"key":"SMITH"},{"data":"Tantrum","floor":15,"key":"SMITH"},{"data":"Scrawl","floor":28,"key":"SMITH"},{"floor":32,"key":"RECALL"},{"data":"Devotion","floor":40,"key":"SMITH"},{"data":"Wish","floor":45,"key":"SMITH"},{"data":"MentalFortress","floor":49,"key":"SMITH"},{"data":"Protect","floor":53,"key":"SMITH"}],"neow_cost":"NO_GOLD","seed_source_timestamp":301583309333500,"circlet_count":0,"master_deck":["AscendersBane","Strike_P+1","Defend_P+1","Defend_P+1","Eruption+1","Vigilance+1","EmptyFist+1","BowlingBash+1","LessonLearned+1","Tantrum+1","EmptyBody+1","Establishment","Wish+1","SandsOfTime+1","CrushJoints+1","Wish+1","FlurryOfBlows","MentalFortress+1","Wallop+1","InnerPeace+1","Vault+1","Scrawl+1","Protect+1","CutThroughFate+1","ThirdEye+1","MentalFortress+1","SashWhip+1","Devotion+1","InnerPeace+1","Protect+1","Scrawl","Thinking Ahead+1","EmptyMind+1","MentalFortress+1","InnerPeace"],"relics":["PureWater","Letter Opener","Prayer Wheel","Pocketwatch","Bronze Scales","Bloody Idol","Black Star","Potion Belt","Bird Faced Urn","Mummified Hand","MawBank","Gremlin Horn","Bottled Lightning","Cursed Key","Ginger","Orichalcum","Bottled Tornado","HornCleat","Juzu Bracelet","Boot","TeardropLocket","Sling","Pantograph","Anchor","Torii","Bottled Flame","Bag of Preparation"],"potions_floor_usage":[7,16,18,27,33,44,56,56,56,56,56,56,56],"damage_taken":[{"damage":4,"enemies":"Jaw Worm","floor":1,"turns":5},{"damage":1,"enemies":"2 Louse","floor":3,"turns":4},{"damage":0,"enemies":"Cultist","floor":4,"turns":3},{"damage":6,"enemies":"3 Louse","floor":5,"turns":2},{"damage":12,"enemies":"Lagavulin","floor":7,"turns":6},{"damage":7,"enemies":"3 Sentries","floor":10,"turns":8},{"damage":0,"enemies":"Gremlin Nob","floor":12,"turns":2},{"damage":0,"enemies":"Slime Boss","floor":16,"turns":4},{"damage":6,"enemies":"2 Thieves","floor":18,"turns":3},{"damage":0,"enemies":"Spheric Guardian","floor":21,"turns":3},{"damage":21,"enemies":"Shelled Parasite and Fungi","floor":22,"turns":4},{"damage":20,"enemies":"Book of Stabbing","floor":23,"turns":4},{"damage":14,"enemies":"Slavers","floor":25,"turns":4},{"damage":14,"enemies":"Book of Stabbing","floor":27,"turns":4},{"damage":0,"enemies":"Cultist and Chosen","floor":30,"turns":4},{"damage":0,"enemies":"3 Cultists","floor":31,"turns":3},{"damage":60,"enemies":"Automaton","floor":33,"turns":8},{"damage":0,"enemies":"Orb Walker","floor":35,"turns":3},{"damage":0,"enemies":"Mind Bloom Boss Battle","floor":36,"turns":3},{"damage":0,"enemies":"3 Darklings","floor":38,"turns":4},{"damage":0,"enemies":"Transient","floor":39,"turns":7},{"damage":0,"enemies":"Giant Head","floor":41,"turns":5},{"damage":0,"enemies":"Maw","floor":42,"turns":6},{"damage":5,"enemies":"Nemesis","floor":44,"turns":4},{"damage":0,"enemies":"Reptomancer","floor":47,"turns":3},{"damage":9,"enemies":"Time Eater","floor":50,"turns":11},{"damage":0,"enemies":"Donu and Deca","floor":51,"turns":9},{"damage":0,"enemies":"Shield and Spear","floor":55,"turns":5},{"damage":58,"enemies":"The Heart","floor":56,"turns":10}],"seed_played":"-5854226686492141717","potions_obtained":[{"floor":1,"key":"Dexterity Potion"},{"floor":3,"key":"SteroidPotion"},{"floor":12,"key":"AttackPotion"},{"floor":16,"key":"EssenceOfSteel"},{"floor":23,"key":"DuplicationPotion"},{"floor":25,"key":"LiquidBronze"},{"floor":31,"key":"SmokeBomb"},{"floor":33,"key":"Fire Potion"},{"floor":38,"key":"Strength Potion"},{"floor":44,"key":"SteroidPotion"}],"is_trial":false,"path_per_floor":["M","?","M","M","M","R","E","R","T","E","R","E","?","?","R","B",null,"M","?","?","M","M","E","?","E","T","E","R","$","M","M","R","B",null,"M","?","?","M","M","R","E","M","T","E","R","$","E","$","R","B","B",null,"R","$","E","B",null],"character_chosen":"WATCHER","items_purchased":["TeardropLocket","Sling","Thinking Ahead","CultistPotion","Torii","MentalFortress","EntropicBrew","InnerPeace"],"campfire_rested":0,"item_purchase_floors":[46,46,46,46,48,48,54,54],"current_hp_per_floor":[57,57,56,56,50,50,38,38,38,31,31,31,8,8,8,8,53,47,47,47,57,46,36,41,32,37,37,42,47,66,68,68,13,56,66,68,68,68,68,68,68,68,68,68,68,68,68,68,68,65,68,68,68,68,68,12],"gold":29,"neow_bonus":"REMOVE_TWO","is_prod":false,"is_daily":false,"chose_seed":false,"campfire_upgraded":9,"win_rate":0,"timestamp":1640679342,"path_taken":["M","?","M","M","M","R","E","R","T","E","R","E","?","?","R","BOSS","M","?","?","M","M","E","?","E","T","E","R","$","?","M","R","BOSS","M","?","?","M","M","R","E","?","T","E","R","$","E","?","R","BOSS","BOSS","R","$","E","BOSS"],"build_version":"2020-12-18","purchased_purges":1,"victory":true,"max_hp_per_floor":[68,68,68,68,68,68,68,68,68,68,68,68,68,68,68,68,68,68,68,68,68,68,68,68,68,68,68,68,68,68,68,68,68,68,68,68,68,68,68,68,68,68,68,68,68,68,68,68,68,68,68,68,68,68,68,68],"relic_stats":{"Gremlin Horn":[14,14],"Torii":36,"counters":[29,141],"Juzu Bracelet":0,"Bag of Preparation":[2],"Letter Opener":[217],"Ginger":[12],"Orichalcum":[18],"Bottled Tornado":"MentalFortress","MawBank":252,"Cursed Key":1,"Boot":[20],"Bottled Flame":"EmptyFist","Mummified Hand":[81],"Bronze Scales":[358],"Bloody Idol":107,"Bird Faced Urn":[18],"Pantograph":3,"Prayer Wheel":9,"Black Star":7,"Bottled Lightning":"Scrawl","PureWater":[24],"obtain_stats":[{"Gremlin Horn":27,"Torii":48,"Juzu Bracelet":44,"Bag of Preparation":55,"Ginger":36,"TeardropLocket":46,"Bottled Tornado":41,"Cursed Key":34,"Boot":44,"Sling":46,"HornCleat":43,"Mummified Hand":25,"Pantograph":47,"Prayer Wheel":9,"Potion Belt":23,"Golden Idol":13,"Letter Opener":7,"Orichalcum":41,"MawBank":25,"Anchor":47,"Bottled Flame":55,"Bronze Scales":12,"Bloody Idol":19,"Bird Faced Urn":23,"Black Star":17,"Bottled Lightning":27,"PureWater":0,"Pocketwatch":10},{"Gremlin Horn":14,"Torii":25,"Juzu Bracelet":24,"Bag of Preparation":28,"Ginger":19,"TeardropLocket":24,"Bottled Tornado":22,"Cursed Key":17,"Boot":24,"Sling":24,"HornCleat":23,"Mummified Hand":13,"Pantograph":25,"Prayer Wheel":5,"Potion Belt":12,"Golden Idol":7,"Letter Opener":5,"Orichalcum":22,"MawBank":13,"Anchor":25,"Bottled Flame":28,"Bronze Scales":7,"Bloody Idol":9,"Bird Faced Urn":12,"Black Star":8,"Bottled Lightning":14,"PureWater":0,"Pocketwatch":6},{"Gremlin Horn":56,"Torii":106,"Juzu Bracelet":103,"Bag of Preparation":131,"Ginger":77,"TeardropLocket":103,"Bottled Tornado":93,"Cursed Key":71,"Boot":103,"Sling":103,"HornCleat":99,"Mummified Hand":52,"Pantograph":106,"Prayer Wheel":20,"Potion Belt":48,"Golden Idol":30,"Letter Opener":20,"Orichalcum":93,"MawBank":52,"Anchor":106,"Bottled Flame":131,"Bronze Scales":30,"Bloody Idol":37,"Bird Faced Urn":48,"Black Star":34,"Bottled Lightning":56,"PureWater":0,"Pocketwatch":28}],"Pocketwatch":[70]},"card_choices":[{"not_picked":["WreathOfFlame","ForeignInfluence","Crescendo"],"picked":"SKIP","floor":1},{"not_picked":["JustLucky","Prostrate","Crescendo"],"picked":"SKIP","floor":3},{"not_picked":["Consecrate","JustLucky"],"picked":"EmptyFist","floor":4},{"not_picked":["Swivel","SashWhip"],"picked":"BowlingBash","floor":5},{"not_picked":["SpiritShield","Protect"],"picked":"LessonLearned","floor":7},{"not_picked":["Swivel","PathToVictory"],"picked":"Tantrum","floor":10},{"not_picked":["FlyingSleeves","JustLucky"],"picked":"EmptyBody","floor":12},{"not_picked":["MasterReality","Devotion"],"picked":"Wish","floor":16},{"not_picked":["Collect","CrushJoints"],"picked":"SandsOfTime","floor":18},{"not_picked":["SashWhip","Prostrate"],"picked":"CrushJoints+1","floor":18},{"not_picked":["Crescendo","CrushJoints"],"picked":"MentalFortress+1","floor":21},{"not_picked":["PathToVictory","Sanctity","FlyingSleeves"],"picked":"SKIP","floor":21},{"not_picked":["SashWhip","Halt"],"picked":"Wallop","floor":22},{"not_picked":["FollowUp","SandsOfTime"],"picked":"InnerPeace","floor":22},{"not_picked":["Prostrate+1","Worship"],"picked":"Vault","floor":23},{"not_picked":["Ragnarok","JustLucky","BattleHymn"],"picked":"SKIP","floor":25},{"not_picked":["TalkToTheHand","Evaluate"],"picked":"Scrawl","floor":27},{"not_picked":["ThirdEye","Prostrate"],"picked":"Protect","floor":30},{"not_picked":["CrushJoints","EmptyFist","WindmillStrike"],"picked":"SKIP","floor":30},{"not_picked":["Weave","CutThroughFate","EmptyBody"],"picked":"SKIP","floor":31},{"not_picked":["Evaluate","PathToVictory","Protect"],"picked":"SKIP","floor":31},{"not_picked":["ClearTheMind","JustLucky+1"],"picked":"CutThroughFate","floor":35},{"not_picked":["FlyingSleeves","Protect","BowlingBash"],"picked":"SKIP","floor":35},{"not_picked":["ClearTheMind","WreathOfFlame"],"picked":"ThirdEye+1","floor":36},{"not_picked":["Crescendo","ThirdEye"],"picked":"SashWhip+1","floor":38},{"not_picked":["WreathOfFlame","EmptyFist","ThirdEye"],"picked":"SKIP","floor":38},{"not_picked":["ThirdEye","Study"],"picked":"Devotion","floor":39},{"not_picked":["Protect","PathToVictory","Collect"],"picked":"SKIP","floor":39},{"not_picked":["SandsOfTime","Halt+1"],"picked":"InnerPeace+1","floor":41},{"not_picked":["SashWhip","WreathOfFlame+1"],"picked":"Protect","floor":42},{"not_picked":["ThirdEye","Evaluate+1","EmptyBody"],"picked":"SKIP","floor":42},{"not_picked":["FlyingSleeves+1","CrushJoints"],"picked":"Scrawl","floor":44},{"not_picked":["FlyingSleeves+1","Consecrate"],"picked":"EmptyMind","floor":47},{"not_picked":["FlurryOfBlows+1","SashWhip+1","CrushJoints"],"picked":"SKIP","floor":55}],"player_experience":4014178,"relics_obtained":[{"floor":7,"key":"Letter Opener"},{"floor":9,"key":"Prayer Wheel"},{"floor":10,"key":"Pocketwatch"},{"floor":12,"key":"Bronze Scales"},{"floor":23,"key":"Potion Belt"},{"floor":23,"key":"Bird Faced Urn"},{"floor":25,"key":"Mummified Hand"},{"floor":25,"key":"MawBank"},{"floor":27,"key":"Gremlin Horn"},{"floor":27,"key":"Bottled Lightning"},{"floor":36,"key":"Ginger"},{"floor":41,"key":"Orichalcum"},{"floor":41,"key":"Bottled Tornado"},{"floor":43,"key":"HornCleat"},{"floor":44,"key":"Juzu Bracelet"},{"floor":44,"key":"Boot"},{"floor":47,"key":"Pantograph"},{"floor":47,"key":"Anchor"},{"floor":55,"key":"Bottled Flame"},{"floor":55,"key":"Bag of Preparation"}],"event_choices":[{"damage_healed":0,"gold_gain":0,"player_choice":"Grow","damage_taken":0,"max_hp_gain":0,"max_hp_loss":0,"event_name":"Living Wall","floor":2,"gold_loss":0,"cards_upgraded":["Eruption"]},{"damage_healed":0,"gold_gain":0,"player_choice":"Take Damage","damage_taken":23,"relics_obtained":["Golden Idol"],"max_hp_gain":0,"max_hp_loss":0,"event_name":"Golden Idol","floor":13,"gold_loss":0},{"damage_healed":0,"gold_gain":0,"cards_transformed":["Defend_P"],"player_choice":"Transformed","damage_taken":0,"max_hp_gain":0,"max_hp_loss":0,"event_name":"Transmorgrifier","floor":14,"gold_loss":0,"cards_obtained":["Establishment"]},{"damage_healed":0,"gold_gain":0,"player_choice":"Gave Idol","damage_taken":0,"relics_obtained":["Bloody Idol"],"max_hp_gain":0,"max_hp_loss":0,"event_name":"Forgotten Altar","floor":19,"relics_lost":["Golden Idol"],"gold_loss":0},{"damage_healed":0,"gold_gain":0,"cards_transformed":["Strike_P","Strike_P"],"player_choice":"Became Test Subject","damage_taken":0,"max_hp_gain":0,"max_hp_loss":0,"event_name":"Drug Dealer","floor":20,"gold_loss":0,"cards_obtained":["Wish","FlurryOfBlows"]},{"damage_healed":0,"gold_gain":200,"player_choice":"Gold","damage_taken":0,"max_hp_gain":0,"max_hp_loss":0,"event_name":"Wheel of Change","floor":24,"gold_loss":0},{"damage_healed":0,"gold_gain":0,"player_choice":"Fight","damage_taken":0,"max_hp_gain":0,"max_hp_loss":0,"event_name":"MindBloom","floor":36,"gold_loss":0},{"damage_healed":0,"gold_gain":0,"player_choice":"Copied","damage_taken":0,"max_hp_gain":0,"max_hp_loss":0,"event_name":"Duplicator","floor":37,"gold_loss":0,"cards_obtained":["MentalFortress"]}],"is_beta":true,"boss_relics":[{"not_picked":["Empty Cage","Tiny House"],"picked":"Black Star"},{"not_picked":["SacredBark","Coffee Dripper"],"picked":"Cursed Key"}],"items_purged_floors":[46],"is_endless":false,"potions_floor_spawned":[1,3,12,16,23,25,31,33,38,44,55],"ascension_level":20}