{"gold_per_floor":[11,29,29,42,55,81,81,111,111,111,111,36,36,71,71,144,144,164,164,177,255,274,274,299,316,339,373,373,39,50,82,82,156,156,176,176,176,176,191,216,216,247,272,272,288,126,151,161,161,161,161,161,161,4,32,32],"floor_reached":56,"playtime":4496,"items_purged":["Strike_P","Strike_P+1"],"score":2372,"play_id":"0f2d029f-d385-4453-b445-256a41b3a265","local_time":"20211228231451","is_ascension_mode":true,"campfire_choices":[{"data":"WheelKick","floor":7.0,"key":"SMITH"},{"data":"FearNoEvil","floor":11.0,"key":"SMITH"},{"data":"Eruption","floor":13.0,"key":"SMITH"},{"data":"FlurryOfBlows","floor":15.0,"key":"SMITH"},{"floor":23.0,"key":"REST"},{"floor":32,"key":"REST"},{"floor":41,"key":"RECALL"},{"floor":49,"key":"REST"},{"floor":53,"key":"DIG"}],"neow_cost":"NO_GOLD","seed_source_timestamp":385390158701500,"circlet_count":0,"master_deck":["AscendersBane","Defend_P+1","Eruption+1","Vigilance+1","CutThroughFate+1","FearNoEvil+1","EmptyMind+1","WheelKick+1","FlurryOfBlows+1","LessonLearned","Tantrum+1","DeusExMachina+1","Scrawl+1","Wallop+1","Scrawl","EmptyBody+1","EmptyMind+1","DevaForm+1","Secret Technique+1","Flash of Steel+1","ConjureBlade+1","Sanctity+1","Protect+1","Wallop"],"special_seed":0,"relics":["PureWater","Ice Cream","PreservedInsect","StoneCalendar","Kunai","Sundial","Empty Cage","Singing Bowl","Ginger","Oddly Smooth Stone","TungstenRod","Lantern","Vajra","CaptainsWheel","Fusion Hammer","Shovel","Boot","Dream Catcher","Gremlin Horn","Bag of Preparation"],"potions_floor_usage":[35,42,51,55,56],"damage_taken":[{"damage":7.0,"enemies":"Jaw Worm","floor":1.0,"turns":6.0},{"damage":2.0,"enemies":"Cultist","floor":2.0,"turns":3.0},{"damage":2.0,"enemies":"Small Slimes","floor":4.0,"turns":3.0},{"damage":0.0,"enemies":"Exordium Wildlife","floor":5.0,"turns":2.0},{"damage":8.0,"enemies":"Gremlin Nob","floor":6.0,"turns":3.0},{"damage":5.0,"enemies":"3 Sentries","floor":8.0,"turns":4.0},{"damage":0.0,"enemies":"Lagavulin","floor":14.0,"turns":2.0},{"damage":17.0,"enemies":"The Guardian","floor":16.0,"turns":10.0},{"damage":19.0,"enemies":"Shell Parasite","floor":18.0,"turns":4.0},{"damage":2.0,"enemies":"3 Byrds","floor":20.0,"turns":4.0},{"damage":24.0,"enemies":"Snake Plant","floor":22.0,"turns":2.0},{"damage":0.0,"enemies":"Gremlin Leader","floor":24.0,"turns":2.0},{"damage":12.0,"enemies":"Shelled Parasite and Fungi","floor":25.0,"turns":2.0},{"damage":0.0,"enemies":"Slavers","floor":27.0,"turns":2.0},{"damage":0.0,"enemies":"Snecko","floor":30.0,"turns":2.0},{"damage":0,"enemies":"Gremlin Leader","floor":31,"turns":2},{"damage":4,"enemies":"Champ","floor":33,"turns":6},{"damage":0,"enemies":"3 Darklings","floor":35,"turns":1},{"damage":0,"enemies":"3 Shapes","floor":39,"turns":1},{"damage":0,"enemies":"Reptomancer","floor":40,"turns":4},{"damage":18,"enemies":"Nemesis","floor":42,"turns":5},{"damage":0,"enemies":"3 Darklings","floor":45,"turns":2},{"damage":12,"enemies":"Giant Head","floor":47,"turns":4},{"damage":1,"enemies":"4 Shapes","floor":48,"turns":5},{"damage":0,"enemies":"Donu and Deca","floor":50,"turns":5},{"damage":34,"enemies":"Awakened One","floor":51,"turns":8},{"damage":29,"enemies":"Shield and Spear","floor":55,"turns":5},{"damage":68,"enemies":"The Heart","floor":56,"turns":3}],"seed_played":"7234843750959595349","potions_obtained":[{"floor":2.0,"key":"LiquidBronze"},{"floor":6.0,"key":"Fire Potion"},{"floor":8.0,"key":"AttackPotion"},{"floor":24.0,"key":"FearPotion"},{"floor":27.0,"key":"Fire Potion"},{"floor":33,"key":"EssenceOfSteel"},{"floor":35,"key":"SpeedPotion"},{"floor":42,"key":"BottledMiracle"},{"floor":47,"key":"Swift Potion"}],"is_trial":false,"path_per_floor":["M","M","?","M","M","E","R","E","T","?","R","$","R","E","R","B",null,"M","?","M","T","M","R","E","M","T","E","?","$","M","E","R","B",null,"M","$","?","?","M","E","R","E","T","?","M","$","E","M","R","B","B",null,"R","$","E","B"],"character_chosen":"WATCHER","items_purchased":["Lantern","Vajra","ConjureBlade","Strength Potion"],"campfire_rested":3,"item_purchase_floors":[29,29,46,54],"current_hp_per_floor":[54,52,52,50,50,42,42,37,37,37,37,37,37,37,37,20,56,37,37,35,35,11,31,33,21,21,23,23,23,25,27,49,45,68,68,68,68,68,68,68,68,52,52,45,47,47,35,36,61,61,27,70,70,70,41,0],"gold":32,"neow_bonus":"ONE_RARE_RELIC","is_prod":false,"is_daily":false,"chose_seed":false,"campfire_upgraded":4,"win_rate":0,"timestamp":1640762091,"path_taken":["M","M","?","?","M","E","R","E","T","?","R","$","R","E","R","BOSS","M","?","?","?","M","R","E","M","T","E","?","$","M","E","R","BOSS","M","$","?","?","M","E","R","E","T","?","M","?","E","M","R","BOSS","BOSS","R","$","E","BOSS"],"build_version":"2020-12-18","purchased_purges":2,"victory":false,"max_hp_per_floor":[68,68,68,68,68,68,68,68,68,68,68,68,68,68,68,68,68,68,68,68,68,68,68,70,70,70,72,72,72,74,76,76,76,76,76,76,76,76,76,76,76,78,78,80,82,82,82,84,84,84,84,84,84,84,84,84],"relic_stats":{"Ice Cream":[133],"Singing Bowl":16,"Gremlin Horn":[1,1],"counters":[28,102],"StoneCalendar":[52],"PreservedInsect":519,"Bag of Preparation":[2],"Ginger":[6],"Boot":[52],"Dream Catcher":1,"Shovel":1,"Sundial":[22],"Kunai":[78],"PureWater":[25],"obtain_stats":[{"Ice Cream":0,"Lantern":29,"Singing Bowl":21,"Gremlin Horn":53,"Oddly Smooth Stone":26,"Vajra":29,"StoneCalendar":8,"PreservedInsect":6,"Bag of Preparation":55,"Ginger":24,"Empty Cage":17,"Boot":42,"CaptainsWheel":31,"Dream Catcher":47,"Shovel":40,"Sundial":14,"Fusion Hammer":34,"Kunai":9,"PureWater":0,"TungstenRod":27},{"Ice Cream":0,"Lantern":14,"Singing Bowl":10,"Gremlin Horn":26,"Oddly Smooth Stone":13,"Vajra":14,"StoneCalendar":6,"PreservedInsect":5,"Bag of Preparation":27,"Ginger":12,"Empty Cage":8,"Boot":21,"CaptainsWheel":16,"Dream Catcher":23,"Shovel":20,"Sundial":7,"Fusion Hammer":17,"Kunai":6,"PureWater":0,"TungstenRod":14},{"Ice Cream":0,"Lantern":49,"Singing Bowl":41,"Gremlin Horn":94,"Oddly Smooth Stone":47,"Vajra":49,"StoneCalendar":21,"PreservedInsect":17,"Bag of Preparation":99,"Ginger":45,"Empty Cage":33,"Boot":70,"CaptainsWheel":53,"Dream Catcher":76,"Shovel":65,"Sundial":23,"Fusion Hammer":59,"Kunai":21,"PureWater":0,"TungstenRod":49}],"TungstenRod":31},"card_choices":[{"not_picked":["CrushJoints","PathToVictory"],"picked":"CutThroughFate","floor":1.0},{"not_picked":["ThirdEye","Halt"],"picked":"FearNoEvil","floor":2.0},{"not_picked":["JustLucky","Fasting2"],"picked":"EmptyMind","floor":4.0},{"not_picked":["Crescendo","SashWhip","Protect"],"picked":"SKIP","floor":5.0},{"not_picked":["EmptyFist","SashWhip"],"picked":"WheelKick","floor":6.0},{"not_picked":["ForeignInfluence","Perseverance","WindmillStrike"],"picked":"SKIP","floor":8.0},{"not_picked":["CrushJoints","Weave"],"picked":"FlurryOfBlows","floor":14.0},{"not_picked":["Establishment","SpiritShield"],"picked":"LessonLearned","floor":16.0},{"not_picked":["BowlingBash","Consecrate"],"picked":"Tantrum","floor":18.0},{"not_picked":["Nirvana","Evaluate","ReachHeaven+1"],"picked":"SKIP","floor":20.0},{"not_picked":["ClearTheMind","SignatureMove"],"picked":"DeusExMachina","floor":22.0},{"not_picked":["Crescendo","FlyingSleeves+1","FollowUp"],"picked":"Singing Bowl","floor":24.0},{"not_picked":["FlurryOfBlows","Worship+1"],"picked":"Scrawl","floor":25.0},{"not_picked":["CarveReality","Protect+1","Indignation+1"],"picked":"Singing Bowl","floor":27.0},{"not_picked":["CrushJoints","CutThroughFate","Protect"],"picked":"Singing Bowl","floor":30.0},{"not_picked":["LikeWater","SashWhip","Halt"],"picked":"Singing Bowl","floor":31},{"not_picked":["Brilliance","Judgement"],"picked":"Scrawl","floor":33},{"not_picked":["Protect","ForeignInfluence"],"picked":"EmptyBody+1","floor":35},{"not_picked":["ForeignInfluence","EmptyFist"],"picked":"EmptyMind+1","floor":39},{"not_picked":["ClearTheMind","Consecrate"],"picked":"DevaForm","floor":40},{"not_picked":["FlurryOfBlows+1","Meditate","Perseverance"],"picked":"Singing Bowl","floor":42},{"not_picked":["Violence","Transmutation"],"picked":"Secret Technique","floor":44},{"not_picked":["Enlightenment","Mind Blast"],"picked":"Flash of Steel","floor":44},{"not_picked":["Trip","PanicButton","Metamorphosis"],"picked":"Singing Bowl","floor":44},{"not_picked":["ClearTheMind","FollowUp","CutThroughFate"],"picked":"Singing Bowl","floor":45},{"not_picked":["Collect","BattleHymn+1"],"picked":"Sanctity","floor":47},{"not_picked":["ForeignInfluence+1","ConjureBlade","CutThroughFate"],"picked":"Singing Bowl","floor":48},{"not_picked":["Halt","CutThroughFate"],"picked":"Protect+1","floor":49},{"not_picked":["Consecrate+1","CutThroughFate+1"],"picked":"Wallop","floor":55}],"player_experience":4041946,"relics_obtained":[{"floor":6.0,"key":"PreservedInsect"},{"floor":8.0,"key":"StoneCalendar"},{"floor":9.0,"key":"Kunai"},{"floor":14.0,"key":"Sundial"},{"floor":21.0,"key":"Singing Bowl"},{"floor":24.0,"key":"Ginger"},{"floor":26.0,"key":"Oddly Smooth Stone"},{"floor":27.0,"key":"TungstenRod"},{"floor":31,"key":"CaptainsWheel"},{"floor":40,"key":"Shovel"},{"floor":42,"key":"Boot"},{"floor":47,"key":"Dream Catcher"},{"floor":53,"key":"Gremlin Horn"},{"floor":55,"key":"Bag of Preparation"}],"event_choices":[{"cards_removed":["Defend_P"],"damage_healed":0.0,"max_hp_gain":0.0,"max_hp_loss":0.0,"gold_gain":0.0,"event_name":"Purifier","player_choice":"Purged","floor":3.0,"gold_loss":0.0,"damage_taken":0.0},{"damage_healed":0.0,"max_hp_gain":0.0,"max_hp_loss":0.0,"gold_gain":0.0,"event_name":"The Cleric","player_choice":"Leave","floor":10.0,"gold_loss":0.0,"damage_taken":0.0},{"damage_healed":0.0,"max_hp_gain":0.0,"max_hp_loss":0.0,"gold_gain":0.0,"event_name":"Accursed Blacksmith","player_choice":"Forge","floor":19.0,"gold_loss":0.0,"damage_taken":0.0,"cards_upgraded":["Tantrum"]},{"damage_healed":0.0,"max_hp_gain":0.0,"max_hp_loss":0.0,"gold_gain":0.0,"cards_transformed":["Strike_P","Defend_P"],"event_name":"Drug Dealer","player_choice":"Became Test Subject","floor":28.0,"gold_loss":0.0,"damage_taken":0.0,"cards_obtained":["DeusExMachina","Wallop"]},{"cards_removed":["DeusExMachina"],"damage_healed":0,"gold_gain":0,"player_choice":"Removed Skill","damage_taken":0,"max_hp_gain":0,"max_hp_loss":0,"event_name":"Falling","floor":37,"gold_loss":0},{"damage_healed":0,"gold_gain":0,"player_choice":"Ignored","damage_taken":0,"max_hp_gain":0,"max_hp_loss":0,"event_name":"Tomb of Lord Red Mask","floor":38,"gold_loss":0},{"damage_healed":0,"gold_gain":0,"player_choice":"Memory 3","damage_taken":10,"max_hp_gain":0,"max_hp_loss":0,"event_name":"SensoryStone","floor":44,"gold_loss":0}],"is_beta":true,"boss_relics":[{"not_picked":["Tiny House","Busted Crown"],"picked":"Empty Cage"},{"not_picked":["Cursed Key","Black Star"],"picked":"Fusion Hammer"}],"items_purged_floors":[12,54],"is_endless":false,"potions_floor_spawned":[2,6,8,18,20,24,27,33,35,42,47],"killed_by":"The Heart","ascension_level":20}