{"gold_per_floor":[111,121,133,133,152,180,199,216,240,252,252,283,283,302,302,399,399,399,399,47,47,47,47,47,47,47,47,47,47,47,47,47,47,47,47,47,47,47,47,47,47,47,47,47,0,0,0,0,0,0],"floor_reached":51,"playtime":7233,"items_purged":[],"score":691,"play_id":"68c30942-3f5d-462b-90bc-a24d695695a8","local_time":"20180703002058","is_ascension_mode":false,"campfire_choices":[{"floor":11,"key":"REST"},{"data":"Accuracy","floor":13,"key":"SMITH"},{"data":"Cloak And Dagger","floor":15,"key":"SMITH"},{"floor":25,"key":"REST"},{"data":"Cloak And Dagger","floor":32,"key":"SMITH"},{"data":"Blade Dance","floor":40,"key":"SMITH"},{"data":"A Thousand Cuts","floor":42,"key":"SMITH"},{"floor":49,"key":"REST"}],"neow_cost":"NONE","seed_source_timestamp":1658469925043563,"circlet_count":0,"master_deck":["Defend_G+1","Defend_G+1","Defend_G+1","Defend_G+1","Strike_G+1","Strike_G+1","Strike_G+1","Strike_G+1","Survivor+1","Neutralize+1","Accuracy+1","Flying Knee+1","Cloak And Dagger+1","Blade Dance+1","Leg Sweep+1","Doppelganger+1","PiercingWail+1","Cloak And Dagger+1","Prepared+1","Blade Dance+1","Finisher+1","Venomology+1","Leg Sweep+1","Dagger Spray+1","Trip+1","A Thousand Cuts+1","Blade Dance+1","Blur+1","Acrobatics+1","Storm of Steel+1","Cloak And Dagger+1","Predator+1","Storm of Steel+1","Choke+1","Cloak And Dagger+1","Predator+1","Terror+1"],"relics":["Ring of the Snake","Bronze Scales","Question Card","Ectoplasm","Ornamental Fan","Nloth\u0027s Gift","Vajra","Happy Flower","Strawberry","Eternal Feather","Juzu Bracelet","Red Mask","Mark of the Bloom"],"potions_floor_usage":[12,12,12,16,23,29,30,30,30,33,33,33,36,38,38,41,44,47,50,50,50,50,50,50,50,50],"damage_taken":[{"damage":0,"enemies":"2 Louse","floor":1,"turns":4},{"damage":0,"enemies":"Small Slimes","floor":2,"turns":5},{"damage":0,"enemies":"Jaw Worm","floor":3,"turns":4},{"damage":6,"enemies":"3 Louse","floor":5,"turns":4},{"damage":6,"enemies":"3 Sentries","floor":6,"turns":9},{"damage":0,"enemies":"2 Fungi Beasts","floor":7,"turns":4},{"damage":6,"enemies":"Large Slime","floor":8,"turns":6},{"damage":9,"enemies":"Gremlin Gang","floor":10,"turns":6},{"damage":6,"enemies":"Gremlin Nob","floor":12,"turns":3},{"damage":0,"enemies":"Exordium Wildlife","floor":14,"turns":2},{"damage":21,"enemies":"The Guardian","floor":16,"turns":12},{"damage":5,"enemies":"Spheric Guardian","floor":18,"turns":3},{"damage":0,"enemies":"3 Byrds","floor":19,"turns":4},{"damage":12,"enemies":"Gremlin Leader","floor":23,"turns":8},{"damage":31,"enemies":"Cultist and Chosen","floor":24,"turns":7},{"damage":0,"enemies":"3 Cultists","floor":27,"turns":3},{"damage":0,"enemies":"Centurion and Healer","floor":29,"turns":5},{"damage":10,"enemies":"Sentry and Sphere","floor":30,"turns":4},{"damage":0,"enemies":"Snake Plant","floor":31,"turns":2},{"damage":32,"enemies":"Champ","floor":33,"turns":11},{"damage":7,"enemies":"Orb Walker","floor":35,"turns":4},{"damage":0,"enemies":"3 Shapes","floor":36,"turns":3},{"damage":15,"enemies":"Sphere and 2 Shapes","floor":38,"turns":6},{"damage":6,"enemies":"3 Darklings","floor":39,"turns":6},{"damage":1,"enemies":"4 Shapes","floor":41,"turns":9},{"damage":11,"enemies":"Sphere and 2 Shapes","floor":44,"turns":10},{"damage":0,"enemies":"Maw","floor":47,"turns":6},{"damage":0,"enemies":"3 Darklings","floor":48,"turns":3},{"damage":27,"enemies":"Awakened One","floor":50,"turns":9}],"seed_played":"-528000764446019667","potions_obtained":[{"floor":2,"key":"Poison Potion"},{"floor":3,"key":"SteroidPotion"},{"floor":7,"key":"AttackPotion"},{"floor":10,"key":"Fire Potion"},{"floor":14,"key":"Dexterity Potion"},{"floor":19,"key":"Energy Potion"},{"floor":24,"key":"Weak Potion"},{"floor":29,"key":"Poison Potion"},{"floor":30,"key":"SkillPotion"},{"floor":31,"key":"SpeedPotion"},{"floor":35,"key":"Explosive Potion"},{"floor":36,"key":"SkillPotion"},{"floor":38,"key":"Ancient Potion"},{"floor":44,"key":"Swift Potion"}],"is_trial":false,"path_per_floor":["M","M","M","?","M","E","M","M","T","M","R","E","R","M","R","B",null,"M","M","$","?","?","E","M","R","T","M","T","M","M","M","R","B",null,"M","M","?","M","M","R","M","R","T","M","?","?","M","M","R","B"],"character_chosen":"THE_SILENT","items_purchased":["Ornamental Fan","Trip"],"campfire_rested":3,"item_purchase_floors":[20,20],"current_hp_per_floor":[70,70,70,63,57,51,51,45,45,36,57,51,51,51,51,30,70,65,65,65,65,65,53,22,43,43,43,50,50,40,40,40,8,77,70,70,70,55,49,63,62,76,76,65,65,65,65,65,65,38],"gold":0,"neow_bonus":"TRANSFORM_CARD","is_prod":false,"is_daily":false,"chose_seed":false,"campfire_upgraded":5,"win_rate":0,"timestamp":1530573658,"path_taken":["M","M","M","?","M","E","M","M","T","M","R","E","R","M","R","BOSS","M","M","$","?","?","E","M","R","T","M","?","M","M","M","R","BOSS","M","M","?","M","M","R","M","R","T","M","?","?","M","M","R","BOSS"],"build_version":"2018-06-28","purchased_purges":0,"victory":true,"max_hp_per_floor":[70,70,70,70,70,70,70,70,70,70,70,70,70,70,70,70,70,70,70,70,70,70,70,70,70,70,70,77,77,77,77,77,77,77,77,77,77,77,77,77,77,77,77,77,77,77,77,77,77,77],"card_choices":[{"not_picked":["Sucker Punch","Skewer"],"picked":"Flying Knee","floor":1},{"not_picked":["Underhanded Strike","Deadly Poison"],"picked":"Cloak And Dagger","floor":2},{"not_picked":["Outmaneuver","PiercingWail"],"picked":"Blade Dance","floor":3},{"not_picked":["Slice","Deflect"],"picked":"Leg Sweep","floor":5},{"not_picked":["Poisoned Stab","Distraction"],"picked":"Doppelganger","floor":6},{"not_picked":["Predator","Prepared"],"picked":"PiercingWail","floor":7},{"not_picked":["Quick Slash","Flying Knee"],"picked":"Cloak And Dagger","floor":8},{"not_picked":["Slice","PiercingWail"],"picked":"Prepared","floor":10},{"not_picked":["Underhanded Strike","Slice"],"picked":"Blade Dance","floor":12},{"not_picked":["Malaise","Riddle With Holes","Footwork"],"picked":"Finisher","floor":14},{"not_picked":["Bullet Time","Wraith Form v2","Die Die Die"],"picked":"Venomology","floor":16},{"not_picked":["Escape Plan+1","Reflex","Backflip"],"picked":"Leg Sweep+1","floor":18},{"not_picked":["Slice","Quick Slash","Dodge and Roll"],"picked":"Dagger Spray","floor":19},{"not_picked":["Adrenaline","Skewer","Crippling Poison"],"picked":"A Thousand Cuts","floor":23},{"not_picked":["Malaise","Flechettes","Sucker Punch"],"picked":"Blade Dance","floor":24},{"not_picked":["Wraith Form v2","Flying Knee+1","Sucker Punch","Bane"],"picked":"SKIP","floor":27},{"not_picked":["Underhanded Strike","Night Terror","Deadly Poison","Dodge and Roll"],"picked":"SKIP","floor":29},{"not_picked":["Flechettes","Underhanded Strike+1","Sucker Punch"],"picked":"Blur","floor":30},{"not_picked":["Bane","Escape Plan","Catalyst"],"picked":"Acrobatics","floor":31},{"not_picked":["Venomology","A Thousand Cuts","Wraith Form v2"],"picked":"Storm of Steel","floor":33},{"not_picked":["Bane+1","Poisoned Stab+1","Sucker Punch"],"picked":"Cloak And Dagger+1","floor":35},{"not_picked":["Noxious Fumes+1","Tactician","Backflip+1"],"picked":"Predator+1","floor":36},{"not_picked":["Underhanded Strike","Quick Slash+1","Flechettes"],"picked":"Choke","floor":38},{"not_picked":["Escape Plan","Poisoned Stab","Blur"],"picked":"Cloak And Dagger+1","floor":39},{"not_picked":["PiercingWail+1","Bane","Dagger Spray+1","Acrobatics+1"],"picked":"SKIP","floor":41},{"not_picked":["Backstab+1","Sucker Punch","Expertise"],"picked":"Predator+1","floor":44},{"not_picked":["Predator+1","Endless Agony","Envenom"],"picked":"Terror+1","floor":47},{"not_picked":["Noxious Fumes","Quick Slash","Dash","Malaise"],"picked":"SKIP","floor":48}],"player_experience":86634,"relics_obtained":[{"floor":6,"key":"Bronze Scales"},{"floor":9,"key":"Potion Belt"},{"floor":12,"key":"Question Card"},{"floor":23,"key":"Vajra"},{"floor":26,"key":"Happy Flower"},{"floor":28,"key":"Strawberry"},{"floor":43,"key":"Juzu Bracelet"}],"event_choices":[{"event_name":"Golden Wing","player_choice":"Card Removal","floor":4,"damage_taken":0},{"event_name":"Ghosts","player_choice":"Ignored","floor":21,"damage_taken":0},{"event_name":"N\u0027loth","player_choice":"Traded a Potion Belt","floor":22,"damage_taken":0},{"event_name":"Match and Keep!","player_choice":"1 cards matched","floor":37,"damage_taken":0},{"event_name":"Tomb of Lord Red Mask","player_choice":"Paid","floor":45,"damage_taken":0},{"event_name":"MindBloom","player_choice":"Upgrade","floor":46,"damage_taken":0}],"boss_relics":[{"not_picked":["Orrery","Runic Pyramid"],"picked":"Ectoplasm"},{"not_picked":["Black Star","Velvet Choker"],"picked":"Eternal Feather"}],"items_purged_floors":[],"is_endless":false,"potions_floor_spawned":[2,3,7,10,14,19,24,29,30,31,35,36,38,44],"ascension_level":0}