{"gold_per_floor":[116,132,132,149,163,191,191,202,202,222,282,282,292,30,30,131,131,146,165,175,188,188,188,198,210,210,238,238,257,272,272,272,369,369,386,6,26,42,62,62,87,100,100,100,100,114,160,160,160,160],"floor_reached":51,"playtime":8391,"items_purged":["Decay"],"score":709,"play_id":"6b7214fb-7c81-4cfa-b1e1-842c6f637a44","local_time":"20180629080824","is_ascension_mode":false,"campfire_choices":[{"floor":7.0,"key":"REST"},{"floor":15.0,"key":"REST"},{"floor":23.0,"key":"REST"},{"floor":32.0,"key":"REST"},{"floor":40.0,"key":"REST"},{"data":"Noxious Fumes","floor":44.0,"key":"SMITH"},{"data":"Apotheosis","floor":49,"key":"SMITH"}],"neow_cost":"","seed_source_timestamp":0,"circlet_count":0,"master_deck":["Neutralize","Unload","Poisoned Stab","Prepared","Deadly Poison","Poisoned Stab","Wraith Form v2","Underhanded Strike","Backstab","Venomology","Apotheosis+1","Prepared","Flying Knee","Die Die Die","Quick Slash","Backstab","Underhanded Strike","PiercingWail","Bite","Bite","Bite","Bite","Bite","Reflex+1","Quick Slash+1","Outmaneuver+1","Predator+1","Sucker Punch+1","Tools of the Trade","Unload+1","Calculated Gamble+1","Noxious Fumes+1","Poisoned Stab+1","Deadly Poison+1","PiercingWail","Crippling Poison+1","Noxious Fumes+1","Deadly Poison+1","Night Terror"],"special_seed":0,"relics":["Ring of the Snake","Regal Pillow","Question Card","Centennial Puzzle","Orichalcum","Velvet Choker","Mummified Hand","Juzu Bracelet","Astrolabe","Ginger","Anchor","Bird Faced Urn","Ice Cream","Calipers"],"potions_floor_usage":[50,50],"damage_taken":[{"damage":5.0,"enemies":"Small Slimes","floor":1.0,"turns":4.0},{"damage":0.0,"enemies":"2 Louse","floor":2.0,"turns":3.0},{"damage":0.0,"enemies":"Cultist","floor":4.0,"turns":3.0},{"damage":21.0,"enemies":"Exordium Thugs","floor":5.0,"turns":4.0},{"damage":28.0,"enemies":"3 Sentries","floor":6.0,"turns":7.0},{"damage":13.0,"enemies":"Large Slime","floor":8.0,"turns":6.0},{"damage":0.0,"enemies":"Exordium Wildlife","floor":10.0,"turns":3.0},{"damage":7.0,"enemies":"3 Sentries","floor":11.0,"turns":8.0},{"damage":0.0,"enemies":"Gremlin Gang","floor":13.0,"turns":3.0},{"damage":28.0,"enemies":"Hexaghost","floor":16.0,"turns":8.0},{"damage":5.0,"enemies":"3 Byrds","floor":18.0,"turns":5.0},{"damage":19.0,"enemies":"Spheric Guardian","floor":19.0,"turns":4.0},{"damage":17.0,"enemies":"Centurion and Healer","floor":20.0,"turns":4.0},{"damage":2.0,"enemies":"Snecko","floor":21.0,"turns":5.0},{"damage":13.0,"enemies":"Snake Plant","floor":24.0,"turns":3.0},{"damage":18.0,"enemies":"Cultist and Chosen","floor":25.0,"turns":4.0},{"damage":60.0,"enemies":"Gremlin Leader","floor":27.0,"turns":8.0},{"damage":12.0,"enemies":"Slaver and Parasite","floor":29.0,"turns":6.0},{"damage":10.0,"enemies":"3 Cultists","floor":30.0,"turns":5.0},{"damage":51.0,"enemies":"Champ","floor":33.0,"turns":11.0},{"damage":4.0,"enemies":"Orb Walker","floor":35.0,"turns":2.0},{"damage":38.0,"enemies":"3 Darklings","floor":37.0,"turns":4.0},{"damage":12.0,"enemies":"Maw","floor":38.0,"turns":6.0},{"damage":16.0,"enemies":"4 Shapes","floor":39.0,"turns":5.0},{"damage":12.0,"enemies":"Nemesis","floor":41.0,"turns":7.0},{"damage":0.0,"enemies":"Sphere and 2 Shapes","floor":42.0,"turns":4.0},{"damage":19.0,"enemies":"Maw","floor":46.0,"turns":7.0},{"damage":4.0,"floor":47.0,"turns":5.0},{"damage":49,"enemies":"Awakened One","floor":50,"turns":7}],"seed_played":"7908609040610071320","potions_obtained":[{"floor":1.0,"key":"Strength Potion"},{"floor":4.0,"key":"Energy Potion"},{"floor":8.0,"key":"SkillPotion"},{"floor":20.0,"key":"Poison Potion"},{"floor":24.0,"key":"Poison Potion"},{"floor":29.0,"key":"FearPotion"},{"floor":33.0,"key":"Ancient Potion"},{"floor":35.0,"key":"SteroidPotion"},{"floor":37.0,"key":"PowerPotion"},{"floor":42.0,"key":"Ancient Potion"},{"floor":46.0,"key":"GhostInAJar"}],"is_trial":false,"path_per_floor":["M","M","?","M","M","E","R","M","T","M","?","?","M","$","R","B",null,"M","M","M","M","?","R","M","M","T","E","?","M","M","?","R","B",null,"M","$","M","M","M","R","E","M","T","R","?","M","T","?","R","B"],"character_chosen":"THE_SILENT","items_purchased":["Apotheosis","Prepared","Flying Knee","Ginger"],"campfire_rested":5,"item_purchase_floors":[],"current_hp_per_floor":[65,65,58,58,37,9,45,32,32,32,25,22,22,22,58,30,70,65,46,29,27,27,49,41,37,37,8,8,6,10,10,39,23,49,49,49,19,19,7,36,39,49,49,49,49,41,49,49,49,20],"gold":160,"neow_bonus":"","is_prod":false,"is_daily":false,"chose_seed":false,"campfire_upgraded":2,"win_rate":0.0,"timestamp":1530256104,"path_taken":["M","M","?","M","M","E","R","M","T","?","?","?","M","$","R","BOSS","M","M","?","M","?","R","M","M","T","E","?","M","M","?","R","BOSS","M","$","M","M","M","R","E","M","T","R","?","M","?","?","R","BOSS"],"build_version":"2018-06-28","purchased_purges":1,"victory":true,"max_hp_per_floor":[70,70,70,70,70,70,70,70,70,70,70,70,70,70,70,70,70,70,70,70,70,49,49,49,49,49,49,49,49,49,49,49,49,49,49,49,49,49,49,49,49,49,49,49,49,49,49,49,49,49],"card_choices":[{"not_picked":["Leg Sweep","Flechettes"],"picked":"Poisoned Stab","floor":1.0},{"not_picked":["Calculated Gamble","Dagger Throw"],"picked":"Prepared","floor":2.0},{"not_picked":["Escape Plan","Deflect"],"picked":"Deadly Poison","floor":4.0},{"not_picked":["Slice","Deadly Poison"],"picked":"Poisoned Stab","floor":5.0},{"not_picked":["Poisoned Stab","Eviscerate"],"picked":"Wraith Form v2","floor":6.0},{"not_picked":["Dodge and Roll","Outmaneuver"],"picked":"Underhanded Strike","floor":8.0},{"not_picked":["Slice","Sucker Punch","PiercingWail"],"picked":"Backstab","floor":10.0},{"not_picked":["Dodge and Roll","Slice","Backflip"],"picked":"Caltrops","floor":11.0},{"not_picked":["Expertise","Dodge and Roll","Dagger Throw"],"picked":"Venomology","floor":13.0},{"not_picked":["After Image","A Thousand Cuts","Doppelganger"],"picked":"Die Die Die","floor":16.0},{"not_picked":["Flechettes","Masterful Stab+1","Slice"],"picked":"Quick Slash","floor":18.0},{"not_picked":["Dodge and Roll","Dagger Throw","Bouncing Flask"],"picked":"Backstab","floor":19.0},{"not_picked":["Prepared+1","Dash","Envenom"],"picked":"Underhanded Strike","floor":20.0},{"not_picked":["Backflip","Well Laid Plans","Dodge and Roll"],"picked":"PiercingWail","floor":21.0},{"not_picked":["Predator","Underhanded Strike","Dash"],"picked":"Reflex+1","floor":24.0},{"not_picked":["All Out Attack","Bouncing Flask","Underhanded Strike"],"picked":"Quick Slash+1","floor":25.0},{"not_picked":["Dodge and Roll","Quick Slash","Calculated Gamble+1"],"picked":"Outmaneuver+1","floor":27.0},{"not_picked":["Bullet Time","Dash","Outmaneuver"],"picked":"Predator+1","floor":29.0},{"not_picked":["Reflex","Deadly Poison","Backflip"],"picked":"Sucker Punch+1","floor":30.0},{"not_picked":["A Thousand Cuts","Wraith Form v2","After Image"],"picked":"Tools of the Trade","floor":33.0},{"not_picked":["Endless Agony","Blur","Skewer+1"],"picked":"Poisoned Stab+1","floor":35.0},{"not_picked":["Predator","Blade Dance+1","Dagger Throw"],"picked":"Deadly Poison+1","floor":37.0},{"not_picked":["Well Laid Plans+1","Deadly Poison","Flying Knee"],"picked":"PiercingWail","floor":38.0},{"not_picked":["Masterful Stab","Dodge and Roll","PiercingWail+1"],"picked":"Crippling Poison+1","floor":39.0},{"not_picked":["Deflect","Endless Agony","A Thousand Cuts"],"picked":"Noxious Fumes","floor":41.0},{"not_picked":["Dodge and Roll","Backflip","Dagger Spray+1"],"picked":"Deadly Poison+1","floor":42.0},{"not_picked":["Dagger Spray+1","Underhanded Strike","Outmaneuver","PiercingWail"],"picked":"SKIP","floor":46.0}],"player_experience":4149,"relics_obtained":[{"floor":6.0,"key":"Regal Pillow"},{"floor":9.0,"key":"Question Card"},{"floor":11.0,"key":"Centennial Puzzle"},{"floor":26.0,"key":"Mummified Hand"},{"floor":27.0,"key":"Juzu Bracelet"},{"floor":41.0,"key":"Anchor"},{"floor":43.0,"key":"Bird Faced Urn"},{"floor":47,"key":"Ice Cream"},{"floor":47,"key":"Calipers"}],"event_choices":[{"event_name":"Golden Wing","player_choice":"Card Removal","floor":3.0,"damage_taken":0.0},{"event_name":"Dead Adventurer","player_choice":"Searched \u00271\u0027 times","floor":11.0,"damage_taken":0.0},{"event_name":"Scrap Ooze","player_choice":"success","floor":12.0,"damage_taken":3.0},{"event_name":"Vampires","player_choice":"Became a vampire","floor":22.0,"damage_taken":0.0},{"event_name":"Forgotten Altar","player_choice":"Smashed Altar","floor":28.0,"damage_taken":0.0},{"event_name":"Bonfire Elementals","player_choice":"BASIC","floor":31.0,"damage_taken":0.0},{"event_name":"Transmorgrifier","player_choice":"Transform","floor":45.0,"damage_taken":0.0},{"event_name":"Mysterious Sphere","player_choice":"Fight","floor":47.0,"damage_taken":0.0},{"event_name":"Purifier","player_choice":"One Purge","floor":48,"damage_taken":0}],"boss_relics":[{"not_picked":["White Beast Statue","Coffee Dripper"],"picked":"Velvet Choker"},{"not_picked":["Busted Crown","Orrery"],"picked":"Astrolabe"}],"items_purged_floors":[],"is_endless":false,"potions_floor_spawned":[1,4,8,20,24,29,33,35,37,42,46],"ascension_level":0}