{"gold_per_floor":[16,30,45,61,80,110,110,124,124,124,134,134,164,174,174,270,270,287,298,298,318,61,61,61,61,139,139,39,39,64,78,78,183,213,232,107,119,139,155,155,180,192,192,192,20,20,31,31,31,31],"floor_reached":51,"playtime":7191,"items_purged":["Defend_G","Strike_G","Decay","Regret"],"score":766,"play_id":"528f9f0f-5378-4076-a913-8d9dad14dec9","local_time":"20180707160650","is_ascension_mode":false,"campfire_choices":[{"data":"Blade Dance","floor":7.0,"key":"SMITH"},{"data":"Cloak And Dagger","floor":10.0,"key":"SMITH"},{"data":"Leg Sweep","floor":12.0,"key":"SMITH"},{"data":"Backflip","floor":15.0,"key":"SMITH"},{"data":"Noxious Fumes","floor":23.0,"key":"SMITH"},{"data":"Noxious Fumes","floor":25.0,"key":"SMITH"},{"data":"Catalyst","floor":29.0,"key":"SMITH"},{"data":"Footwork","floor":32.0,"key":"SMITH"},{"floor":40,"key":"REST"},{"data":"Survivor","floor":49,"key":"SMITH"}],"neow_cost":"NO_GOLD","seed_source_timestamp":0,"circlet_count":0,"master_deck":["Defend_G","Defend_G","Defend_G","Strike_G","Strike_G","Strike_G","Survivor+1","Leg Sweep+1","Cloak And Dagger+1","Catalyst+1","Terror","PiercingWail+1","Blade Dance+1","Deflect","Dagger Spray","Malaise","Backflip+1","Tools of the Trade","Footwork+1","Riddle With Holes+1","Noxious Fumes+1","Corpse Explosion","Noxious Fumes+1","Writhe","Deadly Poison+1","Die Die Die","Cloak And Dagger+1","Backflip+1","Acrobatics","Deadly Poison+1","Tactician","Crippling Poison"],"special_seed":0,"relics":["Ring of the Snake","Ornamental Fan","Darkstone Periapt","Pen Nib","Cursed Key","Shuriken","Anchor","Tiny House","Meat on the Bone","Smiling Mask"],"potions_floor_usage":[42,42,47,50,50,50],"damage_taken":[{"damage":1.0,"enemies":"Cultist","floor":1.0,"turns":4.0},{"damage":0.0,"enemies":"2 Louse","floor":2.0,"turns":5.0},{"damage":0.0,"enemies":"Jaw Worm","floor":3.0,"turns":6.0},{"damage":3.0,"enemies":"Lots of Slimes","floor":4.0,"turns":8.0},{"damage":1.0,"enemies":"Gremlin Gang","floor":5.0,"turns":7.0},{"damage":24.0,"enemies":"3 Sentries","floor":6.0,"turns":15.0},{"damage":0.0,"enemies":"3 Louse","floor":8.0,"turns":4.0},{"damage":0.0,"enemies":"Large Slime","floor":11.0,"turns":5.0},{"damage":0.0,"enemies":"Lagavulin","floor":13.0,"turns":6.0},{"damage":0.0,"enemies":"Looter","floor":14.0,"turns":2.0},{"damage":34.0,"enemies":"The Guardian","floor":16.0,"turns":12.0},{"damage":10.0,"enemies":"Spheric Guardian","floor":18.0,"turns":6.0},{"damage":2.0,"enemies":"Shell Parasite","floor":19.0,"turns":5.0},{"damage":0.0,"enemies":"Centurion and Healer","floor":21.0,"turns":5.0},{"damage":3.0,"enemies":"Snecko","floor":31.0,"turns":5.0},{"damage":0.0,"enemies":"Champ","floor":33.0,"turns":8.0},{"damage":13,"enemies":"3 Darklings","floor":35,"turns":6},{"damage":6,"enemies":"3 Shapes","floor":37,"turns":4},{"damage":0,"enemies":"3 Darklings","floor":38,"turns":6},{"damage":5,"enemies":"4 Shapes","floor":39,"turns":7},{"damage":23,"enemies":"Giant Head","floor":41,"turns":7},{"damage":0,"enemies":"Maw","floor":42,"turns":6},{"damage":8,"enemies":"Sphere and 2 Shapes","floor":47,"turns":6},{"damage":46,"enemies":"Donu and Deca","floor":50,"turns":8}],"seed_played":"6650810384932696980","potions_obtained":[{"floor":1.0,"key":"Regen Potion"},{"floor":4.0,"key":"GhostInAJar"},{"floor":11.0,"key":"Poison Potion"},{"floor":14.0,"key":"SpeedPotion"},{"floor":19.0,"key":"Dexterity Potion"},{"floor":31.0,"key":"EssenceOfSteel"},{"floor":33.0,"key":"SpeedPotion"},{"floor":34.0,"key":"GamblersBrew"},{"floor":37,"key":"SneckoOil"},{"floor":38,"key":"SpeedPotion"},{"floor":39,"key":"Swift Potion"},{"floor":47,"key":"EssenceOfSteel"}],"is_trial":false,"path_per_floor":["M","M","M","M","M","E","R","M","T","R","M","R","E","M","R","B",null,"M","M","?","M","$","R","?","R","T","?","$","R","T","M","R","B",null,"M","$","M","M","M","R","E","M","T","?","$","?","M","?","R","B"],"character_chosen":"THE_SILENT","items_purchased":["Corpse Explosion","Noxious Fumes","Regen Potion","Swift Potion"],"campfire_rested":1,"item_purchase_floors":[22,22,45,45],"current_hp_per_floor":[69,69,69,66,65,56,56,56,56,56,56,56,56,56,56,22,70,60,58,58,58,58,58,58,58,64,64,64,64,70,67,67,67,87,74,74,68,68,63,87,64,64,70,70,70,70,77,77,77,43],"gold":31,"neow_bonus":"REMOVE_TWO","is_prod":false,"is_daily":false,"chose_seed":false,"campfire_upgraded":9,"win_rate":0,"timestamp":1530976010,"path_taken":["M","M","M","M","M","E","R","M","T","R","M","R","E","M","R","BOSS","M","?","?","?","$","R","?","R","T","?","$","R","?","M","R","BOSS","M","$","M","M","M","R","E","M","T","?","$","?","M","?","R","BOSS"],"build_version":"2018-07-05","purchased_purges":4,"victory":true,"max_hp_per_floor":[70,70,70,70,70,70,70,70,70,70,70,70,70,70,70,70,70,70,70,70,70,70,70,70,70,76,76,76,76,82,82,82,82,87,87,87,87,87,87,87,87,87,93,93,93,93,93,93,93,93],"card_choices":[{"not_picked":["Quick Slash","Slice"],"picked":"Leg Sweep","floor":1.0},{"not_picked":["Crippling Poison","Dodge and Roll"],"picked":"Cloak And Dagger","floor":2.0},{"not_picked":["Sucker Punch","Dodge and Roll"],"picked":"Catalyst","floor":3.0},{"not_picked":["Cloak And Dagger","Bane"],"picked":"Terror","floor":4.0},{"not_picked":["Finisher","Reflex"],"picked":"PiercingWail","floor":5.0},{"not_picked":["Outmaneuver","Malaise"],"picked":"Blade Dance","floor":6.0},{"not_picked":["Sucker Punch","Underhanded Strike"],"picked":"Deflect","floor":8.0},{"not_picked":["Endless Agony","Crippling Poison"],"picked":"Dagger Spray","floor":11.0},{"not_picked":["Crippling Poison","Caltrops"],"picked":"Malaise","floor":13.0},{"not_picked":["Sucker Punch","Dodge and Roll"],"picked":"Backflip","floor":14.0},{"not_picked":["Bullet Time","Storm of Steel"],"picked":"Tools of the Trade","floor":16.0},{"not_picked":["Bane","Choke"],"picked":"Footwork","floor":18.0},{"not_picked":["Prepared","Bane"],"picked":"Riddle With Holes+1","floor":19.0},{"not_picked":["Sucker Punch","Dodge and Roll","Leg Sweep"],"picked":"SKIP","floor":21.0},{"not_picked":["Prepared","Eviscerate"],"picked":"Deadly Poison+1","floor":31.0},{"not_picked":["Wraith Form v2","After Image"],"picked":"Die Die Die","floor":33.0},{"not_picked":["Bane","Dodge and Roll"],"picked":"Cloak And Dagger+1","floor":34.0},{"not_picked":["Slice","Poisoned Stab"],"picked":"Backflip+1","floor":35},{"not_picked":["Footwork","Backflip","Sucker Punch+1"],"picked":"SKIP","floor":37},{"not_picked":["PiercingWail","Deflect"],"picked":"Acrobatics","floor":38},{"not_picked":["Skewer","Outmaneuver"],"picked":"Deadly Poison+1","floor":39},{"not_picked":["Doppelganger","Slice+1"],"picked":"Tactician","floor":41},{"not_picked":["Skewer+1","Underhanded Strike","Terror"],"picked":"SKIP","floor":42},{"not_picked":["Finisher+1","Bouncing Flask"],"picked":"Crippling Poison","floor":47}],"player_experience":154966,"relics_obtained":[{"floor":6.0,"key":"Ornamental Fan"},{"floor":9.0,"key":"Darkstone Periapt"},{"floor":13.0,"key":"Pen Nib"},{"floor":26.0,"key":"Shuriken"},{"floor":30.0,"key":"Anchor"},{"floor":41,"key":"Meat on the Bone"},{"floor":43,"key":"Smiling Mask"}],"event_choices":[{"event_name":"The Library","player_choice":"Read","floor":20.0,"damage_taken":0.0},{"event_name":"Vampires","player_choice":"Ignored","floor":24.0,"damage_taken":0.0},{"event_name":"Ghosts","player_choice":"Ignored","floor":27.0,"damage_taken":0.0},{"event_name":"Tomb of Lord Red Mask","player_choice":"Ignored","floor":44,"damage_taken":0},{"event_name":"Falling","player_choice":"Removed Attack","floor":46,"damage_taken":0},{"event_name":"Mysterious Sphere","player_choice":"Ignore","floor":48,"damage_taken":0}],"boss_relics":[{"not_picked":["Busted Crown","Orrery"],"picked":"Cursed Key"},{"not_picked":["Eternal Feather","Runic Dome"],"picked":"Tiny House"}],"items_purged_floors":[22,28,36,45],"is_endless":false,"potions_floor_spawned":[1,4,11,14,19,31,33,37,38,39,47],"ascension_level":0}