{"gold_per_floor":[113,363,26,37,47,77,77,104,104,120,139,139,153,185,185,289,289,309,77,94,94,106,138,61,94,94,126,126,140,171,188,188,289,289,304,322,341,39,52,79,79,0,54,72,84,84,99,119,119,119],"floor_reached":51,"playtime":6821,"items_purged":["Regret","Defend_G"],"score":908,"play_id":"18403275-fc41-4110-9806-7fd5fca0b6a9","local_time":"20180630233759","is_ascension_mode":false,"campfire_choices":[{"data":"Prepared","floor":7,"key":"SMITH"},{"data":"Blade Dance","floor":12,"key":"SMITH"},{"data":"Dagger Spray","floor":15,"key":"SMITH"},{"floor":28,"key":"REST"},{"floor":32,"key":"REST"},{"floor":41,"key":"REST"},{"floor":46,"key":"REST"},{"floor":49,"key":"REST"}],"neow_cost":"","seed_source_timestamp":1483363416201661,"circlet_count":0,"master_deck":["Defend_G","Defend_G","Defend_G","Defend_G","Strike_G","Strike_G","Strike_G+1","Strike_G","Strike_G+1","Survivor","Neutralize","Dagger Throw","Blade Dance+1","Prepared+1","Eviscerate","Reflex","Blur","Dagger Spray+1","Outmaneuver","Sucker Punch","Phantasmal Killer","Terror","Flying Knee","Acrobatics","Writhe","Underhanded Strike","A Thousand Cuts+1","J.A.X.","Malaise+1","Riddle With Holes","After Image+1","After Image+1","Endless Agony","A Thousand Cuts+1","Prepared+1","Flying Knee+1","Blur+1","Infinite Blades+1","Finisher","Riddle With Holes","Prepared+1","Acrobatics+1","Underhanded Strike+1"],"relics":["Ring of the Snake","Tough Bandages","Kunai","Ornamental Fan","Shuriken","Pantograph","Fusion Hammer","Frozen Egg 2","Meat on the Bone","Incense Burner","Mummified Hand","Oddly Smooth Stone","Happy Flower","Black Star","Unceasing Top","Ancient Tea Set","Boot","Red Mask","Whetstone"],"potions_floor_usage":[6,14,25,25,25,50,50],"damage_taken":[{"damage":7,"enemies":"Small Slimes","floor":1,"turns":5},{"damage":0,"enemies":"Cultist","floor":4,"turns":4},{"damage":0,"enemies":"Jaw Worm","floor":5,"turns":4},{"damage":8,"enemies":"Lagavulin","floor":6,"turns":10},{"damage":7,"enemies":"3 Sentries","floor":8,"turns":9},{"damage":0,"enemies":"Exordium Wildlife","floor":10,"turns":4},{"damage":0,"enemies":"2 Fungi Beasts","floor":11,"turns":3},{"damage":0,"enemies":"Red Slaver","floor":13,"turns":5},{"damage":0,"enemies":"Gremlin Nob","floor":14,"turns":4},{"damage":25,"enemies":"Hexaghost","floor":16,"turns":9},{"damage":0,"enemies":"Shell Parasite","floor":18,"turns":4},{"damage":10,"enemies":"Spheric Guardian","floor":20,"turns":4},{"damage":5,"enemies":"3 Cultists","floor":22,"turns":4},{"damage":0,"enemies":"Gremlin Leader","floor":23,"turns":5},{"damage":19,"enemies":"Slavers","floor":25,"turns":3},{"damage":20,"enemies":"Gremlin Leader","floor":27,"turns":5},{"damage":3,"enemies":"Snake Plant","floor":29,"turns":4},{"damage":1,"enemies":"Book of Stabbing","floor":30,"turns":5},{"damage":1,"enemies":"Cultist and Chosen","floor":31,"turns":2},{"damage":32,"enemies":"Automaton","floor":33,"turns":11},{"damage":4,"enemies":"3 Darklings","floor":35,"turns":3},{"damage":0,"enemies":"3 Shapes","floor":36,"turns":3},{"damage":0,"enemies":"3 Darklings","floor":37,"turns":4},{"damage":5,"enemies":"Maw","floor":39,"turns":7},{"damage":5,"enemies":"Nemesis","floor":40,"turns":5},{"damage":0,"enemies":"Sphere and 2 Shapes","floor":44,"turns":4},{"damage":4,"enemies":"4 Shapes","floor":45,"turns":3},{"damage":0,"enemies":"Maw","floor":47,"turns":6},{"damage":6,"enemies":"3 Darklings","floor":48,"turns":3},{"damage":1,"enemies":"Time Eater","floor":50,"turns":8}],"seed_played":"1935101227065648645","potions_obtained":[{"floor":1,"key":"Fire Potion"},{"floor":4,"key":"GhostInAJar"},{"floor":11,"key":"Explosive Potion"},{"floor":13,"key":"Block Potion"},{"floor":16,"key":"Strength Potion"},{"floor":22,"key":"Energy Potion"},{"floor":29,"key":"Poison Potion"},{"floor":30,"key":"Dexterity Potion"},{"floor":33,"key":"SkillPotion"},{"floor":37,"key":"SpeedPotion"},{"floor":39,"key":"Swift Potion"},{"floor":45,"key":"GhostInAJar"}],"is_trial":false,"path_per_floor":["M","?","$","M","M","E","R","E","T","M","M","R","M","E","R","B",null,"M","$","M","?","M","E","?","E","T","E","R","M","E","M","R","B",null,"M","M","M","$","M","E","R","?","T","M","M","R","M","M","R","B"],"character_chosen":"THE_SILENT","items_purchased":["Tough Bandages","Terror","Flying Knee","Unceasing Top"],"campfire_rested":5,"item_purchase_floors":[3,19,19,38],"current_hp_per_floor":[63,63,63,63,63,55,55,48,48,48,48,48,48,48,48,45,70,70,70,60,60,55,55,55,36,36,28,49,46,45,44,65,38,70,66,66,66,66,61,56,70,70,70,70,66,70,70,64,70,69],"gold":119,"neow_bonus":"","is_prod":false,"is_daily":false,"chose_seed":false,"campfire_upgraded":3,"win_rate":0,"timestamp":1530398279,"path_taken":["M","?","$","M","M","E","R","E","T","M","M","R","M","E","R","BOSS","M","$","M","?","M","E","?","E","T","E","R","M","E","M","R","BOSS","M","M","M","$","M","E","R","?","T","M","M","R","M","M","R","BOSS"],"build_version":"2018-06-28","purchased_purges":2,"victory":true,"max_hp_per_floor":[70,70,70,70,70,70,70,70,70,70,70,70,70,70,70,70,70,70,70,70,70,70,70,70,70,70,70,70,70,70,70,70,70,70,70,70,70,70,70,70,70,70,70,70,70,70,70,70,70,70],"card_choices":[{"not_picked":["Finisher","Underhanded Strike"],"picked":"Dagger Throw","floor":1},{"not_picked":["Bane","Distraction"],"picked":"Blade Dance","floor":4},{"not_picked":["Blur","Predator"],"picked":"Prepared","floor":5},{"not_picked":["Endless Agony","Poisoned Stab"],"picked":"Eviscerate","floor":6},{"not_picked":["Endless Agony","Caltrops"],"picked":"Reflex","floor":8},{"not_picked":["Deadly Poison","Outmaneuver"],"picked":"Blur","floor":10},{"not_picked":["Backflip","Eviscerate"],"picked":"Dagger Spray","floor":11},{"not_picked":["Well Laid Plans","PiercingWail"],"picked":"Outmaneuver","floor":13},{"not_picked":["Bane","Distraction"],"picked":"Sucker Punch","floor":14},{"not_picked":["Adrenaline","Night Terror"],"picked":"Phantasmal Killer","floor":16},{"not_picked":["Deadly Poison","Caltrops","Bane"],"picked":"SKIP","floor":18},{"not_picked":["Endless Agony","Outmaneuver"],"picked":"Acrobatics","floor":20},{"not_picked":["Reflex","Flechettes+1"],"picked":"Underhanded Strike","floor":22},{"not_picked":["Acrobatics","Dodge and Roll"],"picked":"A Thousand Cuts+1","floor":23},{"not_picked":["Deadly Poison","Poisoned Stab"],"picked":"Malaise+1","floor":25},{"not_picked":["Outmaneuver","Dagger Throw"],"picked":"Riddle With Holes","floor":27},{"not_picked":["Poisoned Stab","Acrobatics"],"picked":"After Image+1","floor":29},{"not_picked":["Poisoned Stab+1","Dagger Spray"],"picked":"After Image+1","floor":30},{"not_picked":["Predator","Well Laid Plans+1"],"picked":"Endless Agony","floor":31},{"not_picked":["Die Die Die","Phantasmal Killer"],"picked":"A Thousand Cuts+1","floor":33},{"not_picked":["Catalyst","Malaise"],"picked":"Prepared+1","floor":35},{"not_picked":["Dodge and Roll","Deflect+1"],"picked":"Flying Knee+1","floor":36},{"not_picked":["Slice","Footwork+1"],"picked":"Blur+1","floor":37},{"not_picked":["Skewer+1","Acrobatics+1"],"picked":"Infinite Blades+1","floor":39},{"not_picked":["PiercingWail+1","Quick Slash+1"],"picked":"Finisher","floor":40},{"not_picked":["Noxious Fumes+1","Reflex+1"],"picked":"Riddle With Holes","floor":44},{"not_picked":["Escape Plan+1","Phantasmal Killer"],"picked":"Prepared+1","floor":45},{"not_picked":["PiercingWail","Deadly Poison"],"picked":"Acrobatics+1","floor":47},{"not_picked":["Skewer+1","Prepared+1"],"picked":"Underhanded Strike+1","floor":48}],"player_experience":46434,"relics_obtained":[{"floor":6,"key":"Kunai"},{"floor":8,"key":"Ornamental Fan"},{"floor":9,"key":"Shuriken"},{"floor":14,"key":"Pantograph"},{"floor":23,"key":"Meat on the Bone"},{"floor":25,"key":"Incense Burner"},{"floor":26,"key":"Mummified Hand"},{"floor":27,"key":"Oddly Smooth Stone"},{"floor":30,"key":"Happy Flower"},{"floor":40,"key":"Ancient Tea Set"},{"floor":40,"key":"Boot"},{"floor":43,"key":"Whetstone"}],"event_choices":[{"event_name":"Golden Shrine","player_choice":"Desecrate","floor":2,"damage_taken":0},{"event_name":"The Mausoleum","player_choice":"Yes","floor":21,"damage_taken":0},{"event_name":"Drug Dealer","player_choice":"Got JAXXED","floor":24,"damage_taken":0},{"event_name":"Tomb of Lord Red Mask","player_choice":"Paid","floor":42,"damage_taken":0}],"boss_relics":[{"not_picked":["Philosopher\u0027s Stone","Calling Bell"],"picked":"Fusion Hammer"},{"not_picked":["Tiny House","Orrery"],"picked":"Black Star"}],"items_purged_floors":[3,19],"is_endless":false,"potions_floor_spawned":[1,4,11,13,16,22,29,30,33,37,39,40,45],"ascension_level":0}