{"gold_per_floor":[99,99,99,99,0,0,0,0,0,0,0,0,0,0,0,0,0,0,0,0,0,0,0,0,0,0,0,0,0,0,0],"floor_reached":31,"playtime":3373,"items_purged":["Strike_G"],"score":261,"play_id":"d844f6a6-877e-41c6-ac40-67aecd9f20bd","local_time":"20180630213806","is_ascension_mode":false,"campfire_choices":[{"floor":7,"key":"REST"},{"data":"Dagger Spray","floor":15,"key":"SMITH"},{"floor":25,"key":"REST"},{"data":"A Thousand Cuts","floor":27,"key":"SMITH"}],"neow_cost":"NONE","seed_source_timestamp":1479789077429559,"circlet_count":0,"master_deck":["Defend_G","Defend_G","Defend_G","Defend_G","Strike_G","Strike_G","Strike_G","Strike_G","Survivor","Neutralize","Finisher","Underhanded Strike","Expertise","Outmaneuver","Leg Sweep","Dagger Throw","Swift Strike","Prepared","Heel Hook","Dagger Spray+1","Dagger Throw","A Thousand Cuts","Injury","Decay","Normality","Quick Slash+1","Writhe","Dagger Spray+1","Sucker Punch+1","A Thousand Cuts+1","Blade Dance","PiercingWail"],"special_seed":17712,"relics":["Ectoplasm","Question Card","Meat on the Bone","Calling Bell","Anchor","Molten Egg 2","Old Coin","Darkstone Periapt","Potion Belt","Mercury Hourglass"],"potions_floor_usage":[16,16,16,23,23,23,24],"damage_taken":[{"damage":0,"enemies":"Jaw Worm","floor":1,"turns":3},{"damage":0,"enemies":"Small Slimes","floor":2,"turns":3},{"damage":0,"enemies":"Cultist","floor":4,"turns":3},{"damage":35,"enemies":"3 Sentries","floor":6,"turns":11},{"damage":2,"enemies":"Exordium Thugs","floor":8,"turns":6},{"damage":1,"enemies":"2 Fungi Beasts","floor":11,"turns":3},{"damage":4,"enemies":"Red Slaver","floor":12,"turns":2},{"damage":9,"enemies":"Blue Slaver","floor":13,"turns":4},{"damage":0,"enemies":"2 Fungi Beasts","floor":14,"turns":2},{"damage":35,"enemies":"The Guardian","floor":16,"turns":10},{"damage":14,"enemies":"Shell Parasite","floor":18,"turns":6},{"damage":9,"enemies":"3 Byrds","floor":21,"turns":4},{"damage":29,"enemies":"Snake Plant","floor":22,"turns":5},{"damage":24,"enemies":"Gremlin Leader","floor":23,"turns":6},{"damage":30,"enemies":"Centurion and Healer","floor":24,"turns":9},{"damage":42,"enemies":"Chosen and Byrds","floor":28,"turns":7},{"damage":15,"enemies":"Snake Plant","floor":31,"turns":2}],"seed_played":"-7499698312137444767","potions_obtained":[{"floor":2,"key":"SteroidPotion"},{"floor":12,"key":"PowerPotion"},{"floor":14,"key":"Dexterity Potion"},{"floor":16,"key":"Explosive Potion"},{"floor":21,"key":"FearPotion"},{"floor":22,"key":"AttackPotion"},{"floor":23,"key":"Regen Potion"}],"is_trial":false,"path_per_floor":["M","M","?","M","$","E","R","M","T","?","M","M","M","M","R","B",null,"M","?","?","M","M","E","M","R","T","R","M","?","?"],"character_chosen":"THE_SILENT","items_purchased":["Outmaneuver"],"campfire_rested":2,"item_purchase_floors":[5],"current_hp_per_floor":[70,70,63,63,63,28,49,47,47,47,46,42,45,45,45,22,70,56,62,62,53,36,24,21,43,43,43,13,13,13,0],"gold":0,"neow_bonus":"BOSS_RELIC","is_prod":false,"is_daily":false,"chose_seed":false,"campfire_upgraded":2,"win_rate":1,"timestamp":1530391086,"path_taken":["M","M","?","M","?","E","R","M","T","?","M","?","M","M","R","BOSS","M","?","?","M","M","E","M","R","T","R","M","?","?","M"],"build_version":"2018-06-28","purchased_purges":1,"victory":false,"max_hp_per_floor":[70,70,70,70,70,70,70,70,70,70,70,70,70,70,70,70,70,70,76,76,76,76,76,76,76,76,76,76,76,76,76],"card_choices":[{"not_picked":["Deflect","Underhanded Strike"],"picked":"Finisher","floor":1},{"not_picked":["Acrobatics","Poisoned Stab"],"picked":"Underhanded Strike","floor":2},{"not_picked":["Quick Slash","Deadly Poison"],"picked":"Expertise","floor":4},{"not_picked":["Crippling Poison","Slice"],"picked":"Leg Sweep","floor":6},{"not_picked":["Escape Plan","Quick Slash","PiercingWail"],"picked":"Dagger Throw","floor":8},{"not_picked":["Bane","Quick Slash","Expertise"],"picked":"Prepared","floor":11},{"not_picked":["Catalyst","Tactician","Prepared"],"picked":"Heel Hook","floor":12},{"not_picked":["Dodge and Roll","Reflex","Poisoned Stab"],"picked":"Dagger Spray","floor":13},{"not_picked":["Deadly Poison","Sucker Punch","Prepared"],"picked":"Dagger Throw","floor":14},{"not_picked":["Venomology","Night Terror","Wraith Form v2"],"picked":"A Thousand Cuts","floor":16},{"not_picked":["Noxious Fumes","Dodge and Roll","Riddle With Holes+1"],"picked":"Quick Slash+1","floor":18},{"not_picked":["Bane+1","Backstab+1","PiercingWail"],"picked":"Dagger Spray+1","floor":21},{"not_picked":["Bane+1","Outmaneuver","Terror"],"picked":"Sucker Punch+1","floor":22},{"not_picked":["Reflex","Glass Knife+1","Dagger Spray+1"],"picked":"A Thousand Cuts","floor":23},{"not_picked":["Sucker Punch+1","Underhanded Strike+1","Deadly Poison"],"picked":"Blade Dance","floor":24},{"not_picked":["Deflect","Sucker Punch+1","Dagger Spray+1"],"picked":"PiercingWail","floor":28}],"player_experience":43021,"relics_obtained":[{"floor":6,"key":"Question Card"},{"floor":9,"key":"Meat on the Bone"},{"floor":17,"key":"Anchor"},{"floor":17,"key":"Molten Egg 2"},{"floor":17,"key":"Old Coin"},{"floor":23,"key":"Potion Belt"},{"floor":26,"key":"Mercury Hourglass"}],"event_choices":[{"event_name":"Golden Wing","player_choice":"Card Removal","floor":3,"damage_taken":0},{"event_name":"Match and Keep!","player_choice":"1 cards matched","floor":10,"damage_taken":0},{"event_name":"The Mausoleum","player_choice":"Yes","floor":19,"damage_taken":0},{"event_name":"Addict","player_choice":"Ignored","floor":20,"damage_taken":0},{"event_name":"Cursed Tome","player_choice":"Ignored","floor":29,"damage_taken":0},{"event_name":"Beggar","player_choice":"Ignored","floor":30,"damage_taken":0}],"boss_relics":[{"not_picked":["Coffee Dripper","Runic Dome"],"picked":"Calling Bell"}],"items_purged_floors":[5],"is_endless":false,"potions_floor_spawned":[2,12,14,16,21,22,23],"killed_by":"Snake Plant","ascension_level":0}