{"gold_per_floor":[117,129,52,52,70,70,98,98,98,23,53,85,99,114,114,219,219,235,87,87,2,16,16,28,42,69,69,44,63,63,79,79,181,181,197,209,209],"floor_reached":37,"playtime":4543,"items_purged":["Strike_G","Strike_G"],"score":476,"play_id":"f65d1330-0eb9-426a-a946-9e197f1aadce","local_time":"20180718005418","is_ascension_mode":true,"campfire_choices":[{"data":"Noxious Fumes","floor":6,"key":"SMITH"},{"data":"Leg Sweep","floor":8,"key":"SMITH"},{"data":"Envenom","floor":15,"key":"SMITH"},{"data":"Cloak And Dagger","floor":23,"key":"SMITH"},{"floor":30,"key":"REST"},{"floor":32,"key":"REST"}],"neow_cost":"NONE","seed_source_timestamp":2959220633391583,"circlet_count":0,"master_deck":["Defend_G","Defend_G","Defend_G","Survivor","Neutralize","Backflip","Noxious Fumes+1","Leg Sweep+1","Slice","PiercingWail","Envenom+1","Backflip","Glass Knife","Bane","Cloak And Dagger+1","Blur+1","Acrobatics+1","Dagger Spray+1","A Thousand Cuts","Bullet Time+1","Malaise+1","Storm of Steel+1"],"relics":["Ring of the Snake","Pear","Dodecahedron","Tiny Chest","Sundial","Eternal Feather","Pantograph","Centennial Puzzle","SsserpentHead","Astrolabe"],"potions_floor_usage":[12,24,29,29,33,33,37,37],"damage_taken":[{"damage":3,"enemies":"Jaw Worm","floor":1,"turns":5},{"damage":1,"enemies":"2 Louse","floor":2,"turns":3},{"damage":0,"enemies":"Cultist","floor":5,"turns":6},{"damage":2,"enemies":"Lagavulin","floor":7,"turns":9},{"damage":4,"enemies":"3 Sentries","floor":12,"turns":7},{"damage":2,"enemies":"Large Slime","floor":13,"turns":6},{"damage":1,"enemies":"Red Slaver","floor":14,"turns":5},{"damage":12,"enemies":"The Guardian","floor":16,"turns":12},{"damage":15,"enemies":"Chosen","floor":18,"turns":6},{"damage":4,"enemies":"3 Byrds","floor":22,"turns":5},{"damage":25,"enemies":"Cultist and Chosen","floor":24,"turns":8},{"damage":15,"enemies":"Snake Plant","floor":25,"turns":5},{"damage":9,"enemies":"Snecko","floor":29,"turns":9},{"damage":0,"enemies":"Centurion and Healer","floor":31,"turns":6},{"damage":37,"enemies":"Automaton","floor":33,"turns":9},{"damage":9,"enemies":"3 Darklings","floor":35,"turns":5},{"damage":18,"enemies":"Flame Bruiser 1 Orb","floor":36,"turns":8},{"damage":55,"enemies":"Transient","floor":37,"turns":4}],"seed_played":"-2625689241836978864","potions_obtained":[{"floor":5,"key":"Weak Potion"},{"floor":12,"key":"Strength Potion"},{"floor":25,"key":"Weak Potion"},{"floor":29,"key":"Strength Potion"},{"floor":31,"key":"Energy Potion"},{"floor":35,"key":"SneckoOil"}],"is_trial":false,"path_per_floor":["M","M","$","?","M","R","E","R","T","$","?","E","M","M","R","B",null,"M","$","?","?","M","R","M","M","T","?","?","M","R","M","R","B",null,"M","M"],"character_chosen":"THE_SILENT","items_purchased":["Leg Sweep","Cloak And Dagger"],"campfire_rested":2,"item_purchase_floors":[3,19],"current_hp_per_floor":[67,66,66,66,66,66,74,74,74,74,74,70,68,67,67,55,74,59,59,59,59,55,61,36,21,21,21,21,12,44,44,76,43,71,62,44,0],"gold":209,"neow_bonus":"THREE_SMALL_POTIONS","is_prod":false,"is_daily":false,"chose_seed":false,"campfire_upgraded":4,"win_rate":0,"timestamp":1531871658,"path_taken":["M","M","$","?","M","R","E","R","T","$","?","E","M","?","R","BOSS","M","$","?","?","?","R","M","?","T","?","?","M","R","M","R","BOSS","M","M","M"],"build_version":"2018-07-12","purchased_purges":2,"victory":false,"max_hp_per_floor":[70,70,70,70,70,70,80,80,80,80,80,80,80,80,80,80,80,80,80,80,80,80,80,80,80,80,80,80,80,80,80,80,80,80,80,80,80],"card_choices":[{"not_picked":["Prepared","Poisoned Stab"],"picked":"Backflip","floor":1},{"not_picked":["Terror","Distraction"],"picked":"Noxious Fumes","floor":2},{"not_picked":["Quick Slash","Dagger Throw"],"picked":"Slice","floor":5},{"not_picked":["Concentrate","Prepared"],"picked":"PiercingWail","floor":7},{"not_picked":["Dash","Blur"],"picked":"Envenom","floor":12},{"not_picked":["Dagger Spray","Dodge and Roll"],"picked":"Backflip","floor":13},{"not_picked":["Deflect","Dagger Throw","Concentrate"],"picked":"SKIP","floor":14},{"not_picked":["Bullet Time","Adrenaline"],"picked":"Glass Knife","floor":16},{"not_picked":["PiercingWail","Dagger Throw"],"picked":"Bane","floor":18},{"not_picked":["Dagger Throw+1","Deadly Poison","Backflip"],"picked":"SKIP","floor":22},{"not_picked":["PiercingWail","Setup"],"picked":"Blur+1","floor":24},{"not_picked":["Bane","Poisoned Stab+1"],"picked":"Acrobatics+1","floor":25},{"not_picked":["Bouncing Flask","Sucker Punch","Masterful Stab"],"picked":"SKIP","floor":29},{"not_picked":["Terror+1","Caltrops+1"],"picked":"Dagger Spray+1","floor":31},{"not_picked":["Night Terror","Tools of the Trade"],"picked":"A Thousand Cuts","floor":33},{"not_picked":["Backflip","Quick Slash","Catalyst"],"picked":"SKIP","floor":35},{"not_picked":["Prepared","Endless Agony","Distraction+1"],"picked":"SKIP","floor":36}],"player_experience":330814,"relics_obtained":[{"floor":7,"key":"Pear"},{"floor":9,"key":"Dodecahedron"},{"floor":12,"key":"Sundial"},{"floor":26,"key":"Centennial Puzzle"}],"event_choices":[{"event_name":"Living Wall","player_choice":"Forget","floor":4,"damage_taken":0},{"event_name":"Wheel of Change","player_choice":"Relic","floor":11,"damage_taken":0},{"event_name":"N\u0027loth","player_choice":"Ignored","floor":20,"damage_taken":0},{"event_name":"Addict","player_choice":"Obtained Relic","floor":21,"damage_taken":0},{"event_name":"FaceTrader","player_choice":"Trade","floor":27,"damage_taken":0},{"event_name":"Beggar","player_choice":"Gave Gold","floor":28,"damage_taken":0}],"boss_relics":[{"not_picked":["Pandora\u0027s Box","Runic Pyramid"],"picked":"Eternal Feather"},{"not_picked":["White Beast Statue","Calling Bell"],"picked":"Astrolabe"}],"items_purged_floors":[10,19],"is_endless":false,"potions_floor_spawned":[5,12,14,18,25,29,31,35],"killed_by":"Transient","ascension_level":5}