{"gold_per_floor":[11,11,31,43,57,57,70,70,96,96,124,124,124,136,136,238,268,251,261,41,57,57,87,87,116,116,116,135,169,181,192,192,192],"floor_reached":33,"playtime":3835,"items_purged":["Strike_G"],"score":324,"play_id":"901a770d-d85d-4a79-aec5-5b8ceb74a672","local_time":"20180711004950","is_ascension_mode":true,"campfire_choices":[{"data":"After Image","floor":6,"key":"SMITH"},{"data":"Malaise","floor":8,"key":"SMITH"},{"data":"Dagger Spray","floor":10,"key":"SMITH"},{"data":"Neutralize","floor":12,"key":"SMITH"},{"data":"Sucker Punch","floor":15,"key":"SMITH"},{"data":"Noxious Fumes","floor":24,"key":"SMITH"},{"data":"Blur","floor":27,"key":"SMITH"},{"floor":32,"key":"REST"}],"neow_cost":"NO_GOLD","seed_source_timestamp":2354854142755688,"circlet_count":0,"master_deck":["Defend_G+1","Defend_G","Defend_G","Defend_G","Defend_G","Strike_G","Strike_G","Survivor+1","Neutralize+1","After Image+1","PiercingWail","Finisher","Backstab","Malaise+1","Dagger Spray+1","Sucker Punch+1","After Image+1","Malaise","Noxious Fumes+1","Flying Knee","Die Die Die","Blur+1","Well Laid Plans","A Thousand Cuts","Slice+1","Cloak And Dagger+1","Cloak And Dagger"],"relics":["Ring of the Snake","War Paint","Dream Catcher","Tiny House","Happy Flower","Potion Belt","Pen Nib","Darkstone Periapt","Oddly Smooth Stone"],"potions_floor_usage":[16,18,23,23,23,30,31],"damage_taken":[{"damage":2,"enemies":"Small Slimes","floor":1,"turns":5},{"damage":0,"enemies":"2 Louse","floor":3,"turns":5},{"damage":0,"enemies":"Cultist","floor":4,"turns":5},{"damage":1,"enemies":"Blue Slaver","floor":5,"turns":6},{"damage":1,"enemies":"Looter","floor":7,"turns":4},{"damage":19,"enemies":"Gremlin Nob","floor":11,"turns":6},{"damage":0,"enemies":"3 Louse","floor":14,"turns":2},{"damage":30,"enemies":"The Guardian","floor":16,"turns":14},{"damage":0,"enemies":"2 Thieves","floor":18,"turns":4},{"damage":0,"enemies":"3 Byrds","floor":19,"turns":6},{"damage":0,"enemies":"Centurion and Healer","floor":21,"turns":10},{"damage":11,"enemies":"Slavers","floor":23,"turns":7},{"damage":8,"enemies":"Book of Stabbing","floor":25,"turns":7},{"damage":0,"enemies":"Snake Plant","floor":28,"turns":6},{"damage":49,"enemies":"Slavers","floor":29,"turns":6},{"damage":0,"enemies":"Chosen and Byrds","floor":30,"turns":7},{"damage":4,"enemies":"Centurion and Healer","floor":31,"turns":8},{"damage":25,"enemies":"Collector","floor":33,"turns":8}],"seed_played":"1423078380998894262","potions_obtained":[{"floor":5,"key":"Strength Potion"},{"floor":7,"key":"Energy Potion"},{"floor":11,"key":"LiquidBronze"},{"floor":14,"key":"Poison Potion"},{"floor":17,"key":"Energy Potion"},{"floor":19,"key":"FearPotion"},{"floor":28,"key":"Swift Potion"},{"floor":29,"key":"AttackPotion"}],"is_trial":false,"path_per_floor":["M","?","M","M","M","R","M","R","T","R","E","R","?","M","R","B",null,"M","M","$","M","?","E","R","E","T","R","M","E","M","M","R"],"character_chosen":"THE_SILENT","items_purchased":["Happy Flower"],"campfire_rested":1,"item_purchase_floors":[20],"current_hp_per_floor":[68,68,68,68,67,67,66,66,66,66,47,47,40,40,40,10,75,75,75,75,75,75,64,64,56,56,56,56,7,7,3,25,0],"gold":192,"neow_bonus":"THREE_RARE_CARDS","is_prod":false,"is_daily":false,"chose_seed":false,"campfire_upgraded":7,"win_rate":0,"timestamp":1531266590,"path_taken":["M","?","M","M","M","R","M","R","T","R","E","R","?","M","R","BOSS","M","M","$","M","?","E","R","E","T","R","M","E","M","M","R","BOSS"],"build_version":"2018-07-05","purchased_purges":1,"victory":false,"max_hp_per_floor":[70,70,70,70,70,70,70,70,70,70,70,70,70,70,70,70,75,75,75,75,75,75,75,75,75,75,75,75,75,75,75,75,75],"card_choices":[{"not_picked":["Tools of the Trade","Phantasmal Killer"],"picked":"After Image","floor":0},{"not_picked":["Deadly Poison","Outmaneuver","Riddle With Holes"],"picked":"SKIP","floor":1},{"not_picked":["Outmaneuver","Endless Agony"],"picked":"Finisher","floor":3},{"not_picked":["Expertise","Dodge and Roll"],"picked":"Backstab","floor":4},{"not_picked":["Accuracy","Flying Knee"],"picked":"Malaise","floor":5},{"not_picked":["Outmaneuver","Slice"],"picked":"Dagger Spray","floor":7},{"not_picked":["Eviscerate","Bane","Finisher"],"picked":"SKIP","floor":11},{"not_picked":["Flying Knee","Dagger Throw"],"picked":"Sucker Punch","floor":14},{"not_picked":["Envenom","Doppelganger"],"picked":"After Image","floor":16},{"not_picked":["Sucker Punch","Outmaneuver"],"picked":"Malaise","floor":17},{"not_picked":["Sucker Punch","Quick Slash","Reflex"],"picked":"SKIP","floor":18},{"not_picked":["Dagger Spray","Sucker Punch"],"picked":"Noxious Fumes","floor":19},{"not_picked":["Riddle With Holes","Poisoned Stab"],"picked":"Flying Knee","floor":21},{"not_picked":["Deflect+1","Setup+1"],"picked":"Die Die Die","floor":23},{"not_picked":["Endless Agony","Eviscerate"],"picked":"Blur","floor":25},{"not_picked":["Distraction","Backstab"],"picked":"Well Laid Plans","floor":28},{"not_picked":["Setup+1","Reflex+1"],"picked":"A Thousand Cuts","floor":29},{"not_picked":["Eviscerate","Accuracy+1"],"picked":"Slice+1","floor":30},{"not_picked":["Deadly Poison+1","Sucker Punch"],"picked":"Cloak And Dagger+1","floor":31},{"not_picked":["Slice","Noxious Fumes"],"picked":"Cloak And Dagger","floor":32}],"player_experience":230029,"relics_obtained":[{"floor":9,"key":"War Paint"},{"floor":11,"key":"Dream Catcher"},{"floor":23,"key":"Potion Belt"},{"floor":25,"key":"Pen Nib"},{"floor":26,"key":"Darkstone Periapt"},{"floor":29,"key":"Oddly Smooth Stone"}],"event_choices":[{"event_name":"Living Wall","player_choice":"Change","floor":2,"damage_taken":0},{"event_name":"Golden Wing","player_choice":"Card Removal","floor":13,"damage_taken":0},{"event_name":"Addict","player_choice":"Ignored","floor":22,"damage_taken":0}],"boss_relics":[{"not_picked":["Snecko Eye","Busted Crown"],"picked":"Tiny House"}],"items_purged_floors":[20],"is_endless":false,"potions_floor_spawned":[5,7,11,14,19,21,28,29],"killed_by":"Collector","ascension_level":1}