{"gold_per_floor":[114,133,146,71,71,71,86,119,143,171,171,171,171,190,190,294,294,282,300,300,311,236,236,255,255,310,338,129,129,148,94,94,94],"floor_reached":33,"playtime":4084,"items_purged":["Strike_G"],"score":369,"play_id":"39041038-63e8-471f-8454-b9cc6d1a3957","local_time":"20180717202319","is_ascension_mode":true,"campfire_choices":[{"data":"Backflip","floor":6.0,"key":"SMITH"},{"data":"Sucker Punch","floor":13.0,"key":"SMITH"},{"floor":15.0,"key":"REST"},{"data":"Malaise","floor":23,"key":"SMITH"},{"data":"Underhanded Strike","floor":25,"key":"SMITH"},{"data":"Footwork","floor":29,"key":"SMITH"},{"data":"Backflip","floor":32,"key":"SMITH"}],"neow_cost":"NONE","seed_source_timestamp":0,"circlet_count":0,"master_deck":["Defend_G+1","Defend_G+1","Defend_G","Defend_G","Defend_G","Strike_G","Strike_G","Strike_G","Survivor","Neutralize","Backflip+1","Sucker Punch+1","Choke+1","Acrobatics+1","Flying Knee","Malaise+1","Tools of the Trade","Backflip+1","Acrobatics","Expertise+1","Underhanded Strike+1","Footwork+1","Acrobatics","Backflip+1"],"special_seed":0,"relics":["Snecko Eye","Pen Nib","War Paint","Art of War","Eternal Feather","Peace Pipe","Bag of Marbles","Mango","TheAbacus"],"potions_floor_usage":[24,33],"damage_taken":[{"damage":0.0,"enemies":"Small Slimes","floor":1.0,"turns":3.0},{"damage":2.0,"enemies":"Jaw Worm","floor":2.0,"turns":4.0},{"damage":0.0,"enemies":"2 Louse","floor":3.0,"turns":3.0},{"damage":0.0,"enemies":"Large Slime","floor":7.0,"turns":5.0},{"damage":30.0,"enemies":"Lagavulin","floor":8.0,"turns":8.0},{"damage":16.0,"enemies":"Gremlin Nob","floor":10.0,"turns":4.0},{"damage":0.0,"enemies":"Exordium Wildlife","floor":14.0,"turns":2.0},{"damage":10.0,"enemies":"Slime Boss","floor":16.0,"turns":8.0},{"damage":9.0,"enemies":"2 Thieves","floor":18.0,"turns":4.0},{"damage":13.0,"enemies":"Spheric Guardian","floor":19.0,"turns":4.0},{"damage":19,"enemies":"Centurion and Healer","floor":21,"turns":12},{"damage":1,"enemies":"Snake Plant","floor":24,"turns":5},{"damage":8,"enemies":"Gremlin Leader","floor":27,"turns":6},{"damage":4,"enemies":"Cultist and Chosen","floor":30,"turns":6},{"damage":66,"enemies":"Champ","floor":33,"turns":15}],"seed_played":"-1216272577759848991","potions_obtained":[{"floor":2.0,"key":"Fruit Juice"},{"floor":7.0,"key":"SkillPotion"},{"floor":14.0,"key":"SpeedPotion"},{"floor":19.0,"key":"Energy Potion"},{"floor":21,"key":"Fire Potion"}],"is_trial":false,"path_per_floor":["M","M","M","$","?","R","M","E","T","E","?","?","R","M","R","B",null,"M","M","T","M","?","R","M","R","T","E","$","R","M","$","R"],"character_chosen":"THE_SILENT","items_purchased":["TheAbacus","Backflip"],"campfire_rested":1,"item_purchase_floors":[28,31],"current_hp_per_floor":[70,68,73,73,73,73,73,43,43,27,12,37,37,37,59,49,69,60,47,47,28,28,36,35,43,43,49,49,57,53,53,61,0],"gold":94,"neow_bonus":"BOSS_RELIC","is_prod":false,"is_daily":false,"chose_seed":false,"campfire_upgraded":6,"win_rate":0,"timestamp":1531855399,"path_taken":["M","M","M","$","?","R","M","E","T","E","?","?","R","M","R","BOSS","M","M","?","M","?","R","M","R","T","E","$","R","M","$","R","BOSS"],"build_version":"2018-07-12","purchased_purges":1,"victory":false,"max_hp_per_floor":[70,70,75,75,75,75,75,75,75,75,75,75,75,75,75,75,75,75,75,75,75,75,75,75,75,75,89,89,89,89,89,89,89],"card_choices":[{"not_picked":["Dodge and Roll","Endless Agony"],"picked":"Backflip","floor":1.0},{"not_picked":["Deadly Poison","Quick Slash"],"picked":"Sucker Punch","floor":2.0},{"not_picked":["Cloak And Dagger","Finisher"],"picked":"Choke","floor":3.0},{"not_picked":["Endless Agony","Riddle With Holes"],"picked":"Acrobatics","floor":7.0},{"not_picked":["Quick Slash","Blade Dance"],"picked":"Flying Knee","floor":8.0},{"not_picked":["Outmaneuver","Prepared","PiercingWail"],"picked":"SKIP","floor":10.0},{"not_picked":["Cloak And Dagger","PiercingWail"],"picked":"Malaise","floor":14.0},{"not_picked":["Unload","Venomology"],"picked":"Tools of the Trade","floor":16.0},{"not_picked":["Endless Agony","Deadly Poison"],"picked":"Backflip+1","floor":18.0},{"not_picked":["Dagger Throw","Dagger Spray"],"picked":"Acrobatics","floor":19.0},{"not_picked":["Grand Finale","Acrobatics"],"picked":"Expertise+1","floor":21},{"not_picked":["Bouncing Flask","Flechettes"],"picked":"Underhanded Strike","floor":24},{"not_picked":["Masterful Stab","Cloak And Dagger"],"picked":"Footwork","floor":27},{"not_picked":["Dagger Spray","Flying Knee"],"picked":"Acrobatics","floor":30}],"player_experience":316395,"relics_obtained":[{"floor":8.0,"key":"Pen Nib"},{"floor":9.0,"key":"War Paint"},{"floor":10.0,"key":"Art of War"},{"floor":20.0,"key":"Peace Pipe"},{"floor":26,"key":"Bag of Marbles"},{"floor":27,"key":"Mango"}],"event_choices":[{"event_name":"Liars Game","player_choice":"disagreed","floor":5.0,"damage_taken":0.0},{"event_name":"Shining Light","player_choice":"Entered Light","floor":11.0,"damage_taken":0.0},{"event_name":"Big Fish","player_choice":"Banana","floor":12.0,"damage_taken":0.0},{"event_name":"Beggar","player_choice":"Gave Gold","floor":22,"damage_taken":0}],"boss_relics":[{"not_picked":["Tiny House","Runic Pyramid"],"picked":"Eternal Feather"}],"items_purged_floors":[4],"is_endless":false,"potions_floor_spawned":[2,7,14,19,21],"killed_by":"Champ","ascension_level":5}