{"gold_per_floor":[111,127,52,68,68,98,98,98,145,145,160,178,38,69,69,192,192,212,212,75,94,118,118,154,154,154,177,220,220,240,283,283,413,413,434,53,53,53,67,67,101,101,101,117,117,138,138,171,171,171],"floor_reached":51,"playtime":6849,"items_purged":["Pain","Doubt","Strike_G"],"score":1114,"play_id":"33f57882-e813-4042-980c-fd0e81e279f6","local_time":"20180711204413","is_ascension_mode":true,"campfire_choices":[{"data":"Leg Sweep","floor":7,"key":"SMITH"},{"data":"Backstab","floor":10,"key":"SMITH"},{"data":"Noxious Fumes","floor":15,"key":"SMITH"},{"floor":23,"key":"REST"},{"floor":25,"key":"REST"},{"floor":32,"key":"REST"},{"floor":40,"key":"REST"},{"floor":42,"key":"REST"},{"data":"Strike_G","floor":45,"key":"PURGE"},{"data":"Strike_G","floor":47,"key":"PURGE"},{"data":"Strike_G","floor":49,"key":"PURGE"}],"neow_cost":"NONE","seed_source_timestamp":2423485616959645,"circlet_count":0,"master_deck":["Defend_G","Defend_G","Defend_G+1","Defend_G","Defend_G","Strike_G+1","Survivor+1","Neutralize","Writhe","Backstab+1","Terror","Escape Plan","Leg Sweep+1","Calculated Gamble","Adrenaline","Noxious Fumes+1","Burst","Dagger Throw","Writhe","Noxious Fumes","Deflect","Dash","Acrobatics+1","PiercingWail+1","Corpse Explosion","Prepared","Corpse Explosion","Dash+1","Backflip","Backflip","Deflect+1","Escape Plan"],"relics":["Calling Bell","Strawberry","Paper Crane","Gambling Chip","War Paint","Golden Idol","Boot","Odd Mushroom","Fusion Hammer","Ornamental Fan","Tough Bandages","Orichalcum","Blue Candle","Ginger","White Beast Statue","TwistedFunnel","Calipers","Whetstone","Peace Pipe","Regal Pillow"],"potions_floor_usage":[6,14,24,28,33,50,50],"damage_taken":[{"damage":8,"enemies":"Cultist","floor":1,"turns":6},{"damage":0,"enemies":"2 Louse","floor":2,"turns":2},{"damage":0,"enemies":"Small Slimes","floor":4,"turns":2},{"damage":21,"enemies":"Lagavulin","floor":6,"turns":11},{"damage":6,"enemies":"Blue Slaver","floor":11,"turns":3},{"damage":10,"enemies":"Exordium Thugs","floor":12,"turns":8},{"damage":0,"floor":14,"turns":5},{"damage":16,"enemies":"Hexaghost","floor":16,"turns":12},{"damage":10,"enemies":"Shell Parasite","floor":18,"turns":8},{"damage":7,"enemies":"2 Thieves","floor":21,"turns":5},{"damage":0,"enemies":"Chosen and Byrds","floor":22,"turns":7},{"damage":3,"enemies":"Slavers","floor":24,"turns":7},{"damage":0,"enemies":"Cultist and Chosen","floor":27,"turns":8},{"damage":12,"enemies":"Gremlin Leader","floor":28,"turns":9},{"damage":0,"enemies":"Snake Plant","floor":30,"turns":4},{"damage":4,"enemies":"Slavers","floor":31,"turns":3},{"damage":33,"enemies":"Collector","floor":33,"turns":11},{"damage":0,"enemies":"3 Shapes","floor":35,"turns":2},{"damage":1,"floor":37,"turns":9},{"damage":1,"enemies":"Orb Walker","floor":39,"turns":4},{"damage":8,"enemies":"Giant Head","floor":41,"turns":10},{"damage":1,"enemies":"Sphere and 2 Shapes","floor":44,"turns":5},{"damage":0,"enemies":"4 Shapes","floor":46,"turns":4},{"damage":0,"enemies":"Nemesis","floor":48,"turns":9},{"damage":6,"enemies":"Donu and Deca","floor":50,"turns":9}],"seed_played":"3613027150260974998","potions_obtained":[{"floor":2,"key":"Energy Potion"},{"floor":4,"key":"GhostInAJar"},{"floor":6,"key":"GhostInAJar"},{"floor":12,"key":"PowerPotion"},{"floor":18,"key":"Regen Potion"},{"floor":21,"key":"Fire Potion"},{"floor":24,"key":"SpeedPotion"},{"floor":28,"key":"Regen Potion"},{"floor":35,"key":"Explosive Potion"},{"floor":37,"key":"PowerPotion"},{"floor":41,"key":"EssenceOfSteel"},{"floor":44,"key":"Poison Potion"}],"is_trial":false,"path_per_floor":["M","M","$","M","?","E","R","?","T","R","M","M","$","?","R","B",null,"M","?","$","M","M","R","E","R","T","M","E","?","M","E","R","B",null,"M","$","?","?","M","R","E","R","T","M","R","M","R","E","R","B"],"character_chosen":"THE_SILENT","items_purchased":["Adrenaline","Noxious Fumes","TwistedFunnel","Backflip"],"campfire_rested":5,"item_purchase_floors":[13,20,36,36],"current_hp_per_floor":[69,69,69,69,69,48,48,48,48,48,42,32,32,32,32,16,71,61,61,61,54,54,71,68,71,71,71,59,59,59,55,71,53,71,71,71,70,70,69,71,63,71,71,70,70,70,70,70,70,64],"gold":171,"neow_bonus":"BOSS_RELIC","is_prod":false,"is_daily":false,"chose_seed":false,"campfire_upgraded":3,"win_rate":0,"timestamp":1531338253,"path_taken":["M","M","$","M","?","E","R","?","T","R","M","?","$","?","R","BOSS","M","?","$","M","M","R","E","R","T","M","E","?","?","E","R","BOSS","M","$","?","?","M","R","E","R","T","M","R","M","R","E","R","BOSS"],"build_version":"2018-07-05","purchased_purges":3,"victory":true,"max_hp_per_floor":[77,77,77,77,77,77,77,71,71,71,71,71,71,71,71,71,71,71,71,71,71,71,71,71,71,71,71,71,71,71,71,71,71,71,71,71,71,71,71,71,71,71,71,71,71,71,71,71,71,71],"card_choices":[{"not_picked":["Cloak And Dagger","Setup"],"picked":"Backstab","floor":1},{"not_picked":["Flying Knee","Dagger Throw"],"picked":"Terror","floor":2},{"not_picked":["Outmaneuver","Finisher"],"picked":"Escape Plan","floor":4},{"not_picked":["Deflect","Riddle With Holes"],"picked":"Leg Sweep","floor":6},{"not_picked":["Expertise","Reflex","Deadly Poison"],"picked":"SKIP","floor":11},{"not_picked":["Concentrate","Masterful Stab"],"picked":"Calculated Gamble","floor":12},{"not_picked":["Sucker Punch","Slice"],"picked":"Noxious Fumes","floor":14},{"not_picked":["Wraith Form v2","Doppelganger"],"picked":"Burst","floor":16},{"not_picked":["Heel Hook","Distraction"],"picked":"Dagger Throw","floor":18},{"not_picked":["Quick Slash","Dodge and Roll"],"picked":"Deflect","floor":21},{"not_picked":["Concentrate","Endless Agony","Distraction"],"picked":"SKIP","floor":22},{"not_picked":["Reflex","Underhanded Strike"],"picked":"Dash","floor":24},{"not_picked":["Dagger Spray","Leg Sweep"],"picked":"Acrobatics+1","floor":27},{"not_picked":["Expertise","Slice+1"],"picked":"PiercingWail+1","floor":28},{"not_picked":["Heel Hook+1","Deflect"],"picked":"Corpse Explosion","floor":30},{"not_picked":["Terror+1","Dagger Spray"],"picked":"Prepared","floor":31},{"not_picked":["Storm of Steel","Phantasmal Killer"],"picked":"Corpse Explosion","floor":33},{"not_picked":["Prepared+1","Backstab+1"],"picked":"Dash","floor":35},{"not_picked":["Sucker Punch","Riddle With Holes","Predator"],"picked":"SKIP","floor":39},{"not_picked":["Distraction","Blade Dance+1"],"picked":"Backflip","floor":41},{"not_picked":["Acrobatics","Bouncing Flask"],"picked":"Deflect+1","floor":44},{"not_picked":["Deflect","Glass Knife","Endless Agony"],"picked":"SKIP","floor":46},{"not_picked":["Storm of Steel","Cloak And Dagger"],"picked":"Escape Plan","floor":48}],"player_experience":238875,"relics_obtained":[{"floor":0,"key":"Strawberry"},{"floor":0,"key":"Paper Crane"},{"floor":0,"key":"Gambling Chip"},{"floor":6,"key":"War Paint"},{"floor":9,"key":"Boot"},{"floor":14,"key":"Odd Mushroom"},{"floor":24,"key":"Tough Bandages"},{"floor":26,"key":"Orichalcum"},{"floor":28,"key":"Blue Candle"},{"floor":31,"key":"Ginger"},{"floor":37,"key":"Calipers"},{"floor":41,"key":"Whetstone"},{"floor":43,"key":"Peace Pipe"},{"floor":48,"key":"Regal Pillow"}],"event_choices":[{"event_name":"The Woman in Blue","player_choice":"Bought 0 Potions","floor":5,"damage_taken":0},{"event_name":"Golden Idol","player_choice":"Lose Max HP","floor":8,"damage_taken":0},{"event_name":"Mushrooms","player_choice":"Fought Mushrooms","floor":14,"damage_taken":0},{"event_name":"The Mausoleum","player_choice":"Yes","floor":19,"damage_taken":0},{"event_name":"Ghosts","player_choice":"Ignored","floor":29,"damage_taken":0},{"event_name":"MindBloom","player_choice":"Fight","floor":37,"damage_taken":0},{"event_name":"SecretPortal","player_choice":"Rejected Portal.","floor":38,"damage_taken":0}],"boss_relics":[{"not_picked":["Busted Crown","Runic Dome"],"picked":"Fusion Hammer"},{"not_picked":["Tiny House","Coffee Dripper"],"picked":"White Beast Statue"}],"items_purged_floors":[3,20,36],"is_endless":false,"potions_floor_spawned":[2,4,6,12,18,21,24,28,31,35,37,39,41,44,46,48],"ascension_level":2}