{"gold_per_floor":[114,114,26,40,55,55,90,90,90,90,117,127,127,138,138,237,237,257,257,238,249,269,294,294,308,308,308,407,737,298,102,102,198,198,218,218,93,113,128,128,128,158,206,238,43,43,56,85,85,85],"floor_reached":51,"playtime":9212,"items_purged":["Strike_G","Strike_G","Regret","Strike_G"],"score":1310,"play_id":"162d6cd4-ff41-4cd3-a684-63439ff73903","local_time":"20180718195918","is_ascension_mode":true,"campfire_choices":[{"data":"Neutralize","floor":6.0,"key":"SMITH"},{"data":"Noxious Fumes","floor":8.0,"key":"SMITH"},{"floor":13.0,"key":"REST"},{"data":"Noxious Fumes","floor":15.0,"key":"SMITH"},{"floor":24,"key":"REST"},{"data":"Cloak And Dagger","floor":27,"key":"SMITH"},{"data":"Cloak And Dagger","floor":32,"key":"SMITH"},{"data":"After Image","floor":40,"key":"SMITH"},{"data":"A Thousand Cuts","floor":46,"key":"SMITH"},{"floor":49,"key":"REST"}],"neow_cost":"NONE","seed_source_timestamp":0,"circlet_count":0,"master_deck":["Defend_G","Defend_G","Defend_G+1","Defend_G","Defend_G","Strike_G","Strike_G","Survivor+1","Neutralize+1","Backflip","Noxious Fumes+1","Well Laid Plans","Blur","Noxious Fumes+1","Dodge and Roll","Tools of the Trade","Cloak And Dagger+1","Infinite Blades","PiercingWail+1","Cloak And Dagger+1","Leg Sweep","Adrenaline","Flash of Steel","After Image+1","Caltrops+1","Writhe","Cloak And Dagger","Blur+1","A Thousand Cuts+1","Slice","Backstab+1"],"special_seed":0,"relics":["Ring of the Snake","War Paint","Darkstone Periapt","Regal Pillow","Centennial Puzzle","Blood Vial","Sozu","Question Card","Pear","Ornamental Fan","Old Coin","Oddly Smooth Stone","Lee\u0027s Waffle","Black Star","Unceasing Top","Matryoshka","Paper Crane","Mercury Hourglass","Potion Belt","Happy Flower","Bag of Preparation","Mummified Hand","Smiling Mask"],"potions_floor_usage":[23,23],"damage_taken":[{"damage":4.0,"enemies":"Small Slimes","floor":1.0,"turns":5.0},{"damage":0.0,"enemies":"Cultist","floor":4.0,"turns":5.0},{"damage":1.0,"enemies":"Jaw Worm","floor":5.0,"turns":5.0},{"damage":7.0,"enemies":"Lagavulin","floor":7.0,"turns":12.0},{"damage":20.0,"enemies":"3 Sentries","floor":11.0,"turns":7.0},{"damage":6.0,"enemies":"Blue Slaver","floor":12.0,"turns":6.0},{"damage":8.0,"enemies":"Large Slime","floor":14.0,"turns":7.0},{"damage":19.0,"enemies":"The Guardian","floor":16.0,"turns":10.0},{"damage":8.0,"enemies":"3 Byrds","floor":18.0,"turns":5.0},{"damage":19,"enemies":"2 Thieves","floor":20,"turns":4},{"damage":2,"enemies":"Chosen and Byrds","floor":21,"turns":8},{"damage":19,"enemies":"Snecko","floor":22,"turns":7},{"damage":18,"enemies":"Slavers","floor":23,"turns":7},{"damage":12,"enemies":"Snake Plant","floor":25,"turns":6},{"damage":18,"enemies":"Gremlin Leader","floor":29,"turns":9},{"damage":26,"enemies":"Collector","floor":33,"turns":12},{"damage":4,"enemies":"3 Darklings","floor":35,"turns":7},{"damage":4,"enemies":"3 Shapes","floor":38,"turns":7},{"damage":26,"enemies":"Flame Bruiser 2 Orb","floor":39,"turns":6},{"damage":0,"floor":41,"turns":9},{"damage":8,"enemies":"Giant Head","floor":42,"turns":11},{"damage":0,"enemies":"Nemesis","floor":44,"turns":9},{"damage":0,"enemies":"4 Shapes","floor":47,"turns":5},{"damage":19,"enemies":"2 Orb Walkers","floor":48,"turns":4},{"damage":8,"enemies":"Donu and Deca","floor":50,"turns":8}],"seed_played":"5799945786724730372","potions_obtained":[{"floor":4.0,"key":"SkillPotion"},{"floor":5.0,"key":"SneckoOil"},{"floor":14.0,"key":"SteroidPotion"},{"floor":16.0,"key":"Block Potion"}],"is_trial":false,"path_per_floor":["M","?","$","M","M","R","E","R","T","?","E","M","R","M","R","B",null,"M","T","M","M","M","E","R","M","T","R","?","E","$","$","R","B",null,"M","?","$","M","M","R","?","E","T","E","$","R","M","E","R","B"],"character_chosen":"THE_SILENT","items_purchased":["Noxious Fumes","Strength Potion","Oddly Smooth Stone","Lee\u0027s Waffle","Flash of Steel","Slice"],"campfire_rested":3,"item_purchase_floors":[3,3,30,30,31,45],"current_hp_per_floor":[66,59,59,59,58,58,51,51,51,57,37,33,70,64,64,47,69,63,63,46,46,29,23,63,53,53,53,53,37,93,93,93,67,87,85,99,99,95,71,71,73,67,67,69,69,69,71,54,98,91],"gold":85,"neow_bonus":"RANDOM_COMMON_RELIC","is_prod":false,"is_daily":false,"chose_seed":false,"campfire_upgraded":7,"win_rate":0,"timestamp":1531940358,"path_taken":["M","?","$","M","M","R","E","R","T","?","E","?","R","M","R","BOSS","M","?","M","?","M","E","R","?","T","R","?","E","?","$","R","BOSS","M","?","$","M","M","R","?","E","T","E","$","R","M","E","R","BOSS"],"build_version":"2018-07-12","purchased_purges":4,"victory":true,"max_hp_per_floor":[70,70,70,70,70,70,70,70,70,76,76,76,76,76,76,76,76,76,76,76,76,76,86,86,86,86,86,86,86,93,93,93,93,93,93,99,99,99,99,99,99,99,99,99,99,99,99,99,99,99],"card_choices":[{"not_picked":["Underhanded Strike","Masterful Stab"],"picked":"Backflip","floor":1.0},{"not_picked":["Quick Slash","Backflip"],"picked":"Well Laid Plans","floor":4.0},{"not_picked":["Underhanded Strike","Bane"],"picked":"Blur","floor":5.0},{"not_picked":["Underhanded Strike","Bane"],"picked":"Noxious Fumes","floor":7.0},{"not_picked":["Outmaneuver","Riddle With Holes","Slice"],"picked":"SKIP","floor":11.0},{"not_picked":["Doppelganger","Deflect","Endless Agony"],"picked":"SKIP","floor":12.0},{"not_picked":["Finisher","Crippling Poison"],"picked":"Dodge and Roll","floor":14.0},{"not_picked":["Tactician","Storm of Steel"],"picked":"Tools of the Trade","floor":16.0},{"not_picked":["Dodge and Roll","Prepared","Slice"],"picked":"SKIP","floor":18.0},{"not_picked":["Dagger Spray","Slice","Distraction+1"],"picked":"Cloak And Dagger","floor":20},{"not_picked":["Flying Knee","Slice+1","Unload"],"picked":"Infinite Blades","floor":21},{"not_picked":["Outmaneuver","Cloak And Dagger","Prepared+1"],"picked":"PiercingWail+1","floor":22},{"not_picked":["Deadly Poison+1","Predator","Dagger Throw"],"picked":"Cloak And Dagger","floor":23},{"not_picked":["Acrobatics+1","Outmaneuver","Choke"],"picked":"Leg Sweep","floor":25},{"not_picked":["Terror","Setup","Crippling Poison"],"picked":"Adrenaline","floor":29},{"not_picked":["A Thousand Cuts","Doppelganger","Burst"],"picked":"After Image","floor":33},{"not_picked":["Dagger Spray","Endless Agony+1","Underhanded Strike"],"picked":"Caltrops+1","floor":35},{"not_picked":["Flying Knee+1","Dodge and Roll","Dagger Spray+1"],"picked":"Cloak And Dagger","floor":38},{"not_picked":["Acrobatics","All Out Attack+1","Leg Sweep+1","Flying Knee"],"picked":"SKIP","floor":39},{"not_picked":["Heel Hook","Deadly Poison","Crippling Poison+1"],"picked":"Blur+1","floor":42},{"not_picked":["Heel Hook+1","Dagger Spray","Slice+1"],"picked":"A Thousand Cuts","floor":44},{"not_picked":["Acrobatics","Dodge and Roll","Dagger Throw+1"],"picked":"Backstab+1","floor":47},{"not_picked":["Distraction+1","Underhanded Strike","Malaise","Endless Agony+1"],"picked":"SKIP","floor":48}],"player_experience":335357,"relics_obtained":[{"floor":7.0,"key":"Darkstone Periapt"},{"floor":9.0,"key":"Regal Pillow"},{"floor":11.0,"key":"Blood Vial"},{"floor":19.0,"key":"Question Card"},{"floor":23,"key":"Pear"},{"floor":26,"key":"Ornamental Fan"},{"floor":29,"key":"Old Coin"},{"floor":41,"key":"Unceasing Top"},{"floor":42,"key":"Matryoshka"},{"floor":42,"key":"Paper Crane"},{"floor":43,"key":"Mercury Hourglass"},{"floor":43,"key":"Potion Belt"},{"floor":44,"key":"Happy Flower"},{"floor":44,"key":"Bag of Preparation"},{"floor":48,"key":"Mummified Hand"},{"floor":48,"key":"Smiling Mask"}],"event_choices":[{"event_name":"Wheel of Change","player_choice":"Damage","floor":2.0,"damage_taken":0.0},{"event_name":"Big Fish","player_choice":"Box","floor":10.0,"damage_taken":0.0},{"event_name":"Nest","player_choice":"Stole From Cult","floor":28,"damage_taken":0},{"event_name":"Winding Halls","player_choice":"Writhe","floor":36,"damage_taken":0},{"event_name":"MindBloom","player_choice":"Fight","floor":41,"damage_taken":0}],"boss_relics":[{"not_picked":["Ring of the Serpent","Runic Dome"],"picked":"Sozu"},{"not_picked":["White Beast Statue","Coffee Dripper"],"picked":"Black Star"}],"items_purged_floors":[30,31,37,45],"is_endless":false,"potions_floor_spawned":[4,5,14,16,21,22,39,44],"ascension_level":5}