{"gold_per_floor":[118,118,129,129,49,77,77,77,102,113,148,163,10,27,27,123,123,137,137,137,155,171,205,205,223,223,235,235,32,47,66,66,165,165,179,30,0,13,13,13,23,23,23,23,23,23,38,63,63,63],"floor_reached":51,"playtime":5569,"items_purged":["Strike_G","Strike_G"],"score":863,"play_id":"c311d3d5-d3ce-4760-b40e-6f536baec563","local_time":"20180713083035","is_ascension_mode":true,"campfire_choices":[{"floor":7.0,"key":"REST"},{"data":"1","floor":15.0,"key":"LIFT"},{"data":"2","floor":24.0,"key":"LIFT"},{"data":"Cloak And Dagger","floor":28.0,"key":"SMITH"},{"floor":32.0,"key":"REST"},{"data":"Cloak And Dagger","floor":40,"key":"SMITH"},{"data":"After Image","floor":42,"key":"SMITH"},{"data":"3","floor":49,"key":"LIFT"}],"neow_cost":"TEN_PERCENT_HP_LOSS","seed_source_timestamp":0,"circlet_count":0,"master_deck":["Defend_G","Defend_G","Defend_G+1","Defend_G","Defend_G","Strike_G","Strike_G","Survivor+1","Neutralize","Flying Knee","Dodge and Roll","Crippling Poison","Cloak And Dagger+1","Dash","Cloak And Dagger+1","Acrobatics","Leg Sweep","Skewer","Footwork","Infinite Blades","After Image+1","Slice","PiercingWail","Dagger Throw+1","Dagger Spray","Well Laid Plans","Cloak And Dagger+1","Footwork","Riddle With Holes+1","Deflect+1","Backflip","Panache","Finisher+1","Madness","Madness","Backflip+1","Prepared+1"],"special_seed":0,"relics":["Ring of the Snake","Prayer Wheel","Girya","War Paint","Vajra","Cursed Key","Strawberry","White Beast Statue","Juzu Bracelet","Red Mask","Pen Nib"],"potions_floor_usage":[41,47,48],"damage_taken":[{"damage":1.0,"enemies":"2 Louse","floor":1.0,"turns":3.0},{"damage":0.0,"enemies":"Small Slimes","floor":3.0,"turns":3.0},{"damage":38.0,"enemies":"Lagavulin","floor":6.0,"turns":11.0},{"damage":0.0,"enemies":"Jaw Worm","floor":10.0,"turns":5.0},{"damage":10.0,"enemies":"3 Sentries","floor":11.0,"turns":12.0},{"damage":0.0,"enemies":"2 Fungi Beasts","floor":12.0,"turns":4.0},{"damage":0.0,"enemies":"Lots of Slimes","floor":14.0,"turns":3.0},{"damage":20.0,"enemies":"Slime Boss","floor":16.0,"turns":10.0},{"damage":0.0,"enemies":"Shell Parasite","floor":18.0,"turns":6.0},{"damage":8.0,"enemies":"Spheric Guardian","floor":21.0,"turns":6.0},{"damage":11.0,"enemies":"Slaver and Parasite","floor":22.0,"turns":10.0},{"damage":0.0,"enemies":"Gremlin Leader","floor":23.0,"turns":10.0},{"damage":1.0,"enemies":"Centurion and Healer","floor":25.0,"turns":6.0},{"damage":6.0,"enemies":"Sentry and Sphere","floor":27.0,"turns":5.0},{"damage":7.0,"enemies":"Snecko","floor":30.0,"turns":6.0},{"damage":5.0,"enemies":"Chosen and Byrds","floor":31.0,"turns":6.0},{"damage":8.0,"enemies":"Collector","floor":33.0,"turns":12.0},{"damage":4.0,"enemies":"3 Shapes","floor":35.0,"turns":5.0},{"damage":0,"enemies":"Orb Walker","floor":38,"turns":4},{"damage":8,"enemies":"3 Darklings","floor":41,"turns":5},{"damage":0,"enemies":"4 Shapes","floor":47,"turns":5},{"damage":0,"enemies":"Nemesis","floor":48,"turns":7},{"damage":45,"enemies":"Donu and Deca","floor":50,"turns":10}],"seed_played":"-8041931743506751189","potions_obtained":[{"floor":3.0,"key":"AttackPotion"},{"floor":6.0,"key":"Explosive Potion"},{"floor":10.0,"key":"FearPotion"},{"floor":16.0,"key":"Fire Potion"},{"floor":18.0,"key":"FearPotion"},{"floor":27.0,"key":"FairyPotion"},{"floor":31.0,"key":"Fire Potion"},{"floor":35.0,"key":"PowerPotion"},{"floor":38,"key":"AttackPotion"},{"floor":41,"key":"SpeedPotion"},{"floor":47,"key":"Regen Potion"},{"floor":48,"key":"GhostInAJar"}],"is_trial":false,"path_per_floor":["M","?","M","?","$","E","R","?","T","M","E","M","$","M","R","B",null,"M","?","?","M","M","E","R","M","T","M","R","$","M","M","R","B",null,"M","$","?","M","?","R","M","R","T","?","$","T","M","E","R","B"],"character_chosen":"THE_SILENT","items_purchased":["Dash","Footwork","Fruit Juice","Juzu Bracelet"],"campfire_rested":2,"item_purchase_floors":[5,13,29,36],"current_hp_per_floor":[62,67,67,67,67,29,49,49,49,49,39,39,39,39,39,19,68,68,56,56,48,37,44,44,43,43,37,37,37,35,30,55,47,85,81,81,81,81,81,81,73,73,73,62,62,62,62,77,77,32],"gold":63,"neow_bonus":"ONE_RARE_RELIC","is_prod":false,"is_daily":false,"chose_seed":false,"campfire_upgraded":3,"win_rate":0,"timestamp":1531467035,"path_taken":["M","?","M","?","$","E","R","?","T","M","E","M","$","M","R","BOSS","M","?","?","?","M","E","R","M","T","?","R","$","M","?","R","BOSS","M","$","?","M","?","R","M","R","T","?","?","?","M","E","R","BOSS"],"build_version":"2018-07-12","purchased_purges":2,"victory":true,"max_hp_per_floor":[63,68,68,68,68,68,68,68,68,68,68,68,68,68,68,68,68,68,73,73,73,73,80,80,80,80,80,80,80,85,85,85,85,85,85,85,85,85,85,85,85,85,85,85,85,85,85,85,85,85],"card_choices":[{"not_picked":["Slice","Caltrops"],"picked":"Flying Knee","floor":1.0},{"not_picked":["Calculated Gamble","Dagger Throw"],"picked":"Dodge and Roll","floor":1.0},{"not_picked":["All Out Attack","Dodge and Roll"],"picked":"Crippling Poison","floor":3.0},{"not_picked":["Prepared","Bouncing Flask"],"picked":"Cloak And Dagger","floor":3.0},{"not_picked":["Prepared","Poisoned Stab","Flying Knee"],"picked":"SKIP","floor":6.0},{"not_picked":["Phantasmal Killer","Dagger Spray"],"picked":"Cloak And Dagger","floor":10.0},{"not_picked":["Underhanded Strike","Predator","Sucker Punch"],"picked":"SKIP","floor":10.0},{"not_picked":["Dagger Throw","Sucker Punch"],"picked":"Acrobatics","floor":11.0},{"not_picked":["Bouncing Flask","Finisher"],"picked":"Leg Sweep","floor":12.0},{"not_picked":["Deflect","Poisoned Stab"],"picked":"Skewer","floor":12.0},{"not_picked":["Sucker Punch","Expertise"],"picked":"Infinite Blades","floor":14.0},{"not_picked":["Quick Slash","Crippling Poison","Finisher"],"picked":"SKIP","floor":14.0},{"not_picked":["Wraith Form v2","Glass Knife"],"picked":"After Image","floor":16.0},{"not_picked":["Poisoned Stab","Acrobatics"],"picked":"Slice","floor":18.0},{"not_picked":["Acrobatics","Bane+1"],"picked":"PiercingWail","floor":18.0},{"not_picked":["PiercingWail","Predator","Calculated Gamble"],"picked":"SKIP","floor":21.0},{"not_picked":["Quick Slash+1","Flying Knee+1","Heel Hook"],"picked":"SKIP","floor":21.0},{"not_picked":["Poisoned Stab","Dagger Throw","Bane"],"picked":"SKIP","floor":22.0},{"not_picked":["Dash+1","Flying Knee","Outmaneuver"],"picked":"SKIP","floor":22.0},{"not_picked":["Corpse Explosion","Leg Sweep+1"],"picked":"Dagger Throw+1","floor":23.0},{"not_picked":["Underhanded Strike","Noxious Fumes"],"picked":"Dagger Spray","floor":25.0},{"not_picked":["Deadly Poison+1","Eviscerate+1"],"picked":"Well Laid Plans","floor":25.0},{"not_picked":["Dodge and Roll","Concentrate"],"picked":"Cloak And Dagger+1","floor":27.0},{"not_picked":["Slice","All Out Attack","Catalyst"],"picked":"SKIP","floor":27.0},{"not_picked":["Outmaneuver","Infinite Blades"],"picked":"Footwork","floor":30.0},{"not_picked":["Blade Dance","Eviscerate","Finisher+1"],"picked":"SKIP","floor":30.0},{"not_picked":["Distraction","Poisoned Stab"],"picked":"Riddle With Holes+1","floor":31.0},{"not_picked":["Deadly Poison","Endless Agony","Deflect"],"picked":"SKIP","floor":31.0},{"not_picked":["Malaise","Flying Knee"],"picked":"Deflect+1","floor":35.0},{"not_picked":["Outmaneuver+1","Deflect+1"],"picked":"Backflip","floor":35.0},{"not_picked":["Dagger Spray","Quick Slash","Outmaneuver"],"picked":"SKIP","floor":38},{"not_picked":["Caltrops","Predator","Distraction"],"picked":"SKIP","floor":38},{"not_picked":["Dramatic Entrance","Dark Shackles"],"picked":"Panache","floor":39},{"not_picked":["Bane","Expertise+1"],"picked":"Finisher+1","floor":41},{"not_picked":["Outmaneuver+1","Bane+1","Riddle With Holes"],"picked":"SKIP","floor":41},{"not_picked":["Slice+1","Well Laid Plans"],"picked":"Backflip+1","floor":47},{"not_picked":["Outmaneuver","Underhanded Strike"],"picked":"Prepared+1","floor":47},{"not_picked":["Venomology","Dodge and Roll","Blur"],"picked":"SKIP","floor":48}],"player_experience":265379,"relics_obtained":[{"floor":6.0,"key":"Girya"},{"floor":9.0,"key":"War Paint"},{"floor":11.0,"key":"Vajra"},{"floor":23.0,"key":"Strawberry"},{"floor":48,"key":"Pen Nib"}],"event_choices":[{"event_name":"Big Fish","player_choice":"Donut","floor":2.0,"damage_taken":0.0},{"event_name":"Purifier","player_choice":"One Purge","floor":4.0,"damage_taken":0.0},{"event_name":"Liars Game","player_choice":"disagreed","floor":8.0,"damage_taken":0.0},{"event_name":"Forgotten Altar","player_choice":"Shed Blood","floor":19.0,"damage_taken":0.0},{"event_name":"FaceTrader","player_choice":"Leave","floor":20.0,"damage_taken":0.0},{"event_name":"Tomb of Lord Red Mask","player_choice":"Paid","floor":37,"damage_taken":0},{"event_name":"SensoryStone","player_choice":"Memory 1","floor":39,"damage_taken":0},{"event_name":"Winding Halls","player_choice":"Embrace Madness","floor":44,"damage_taken":0}],"boss_relics":[{"not_picked":["Coffee Dripper","Black Star"],"picked":"Cursed Key"},{"not_picked":["Tiny House","Philosopher\u0027s Stone"],"picked":"White Beast Statue"}],"items_purged_floors":[13,29],"is_endless":false,"potions_floor_spawned":[3,6,10,16,18,27,31,35,38,41,47,48],"ascension_level":3}