{"gold_per_floor":[362,373,150,163,163,192,192,202,202,58,58,69,96,24,24,126,126,141,156,156,156,156,156,81,81,81,95,95,41,57,81,81,184,184,204,224,224,236,253,253,46,63,88,23,40,64,64,83,83,83],"floor_reached":51,"playtime":5011,"items_purged":["Strike_G"],"score":662,"play_id":"f05c07ff-bdf8-44a2-bcba-1b3c6c3842d0","local_time":"20180711090021","is_ascension_mode":true,"campfire_choices":[{"data":"Noxious Fumes","floor":7.0,"key":"SMITH"},{"floor":11.0,"key":"REST"},{"floor":15.0,"key":"REST"},{"data":"Backflip","floor":23,"key":"SMITH"},{"data":"Backflip","floor":25,"key":"SMITH"},{"data":"Well Laid Plans","floor":28,"key":"SMITH"},{"data":"Prepared","floor":32,"key":"SMITH"},{"data":"Malaise","floor":40,"key":"SMITH"},{"data":"Blur","floor":47,"key":"SMITH"},{"data":"Survivor","floor":49,"key":"SMITH"}],"neow_cost":"TEN_PERCENT_HP_LOSS","seed_source_timestamp":0,"circlet_count":0,"master_deck":["Defend_G","Defend_G","Defend_G","Survivor+1","Neutralize","Noxious Fumes+1","Terror","Tactician","Well Laid Plans+1","Backstab","Quick Slash","Prepared+1","Backflip+1","Noxious Fumes+1","Grand Finale","Backflip+1","PiercingWail","Bite","Bite","Bite","Bite","Dagger Spray+1","Noxious Fumes+1","Corpse Explosion","Dash+1","Writhe","Malaise+1","Cloak And Dagger+1","Blur+1"],"special_seed":0,"relics":["Ring of the Snake","Frozen Egg 2","Sundial","Vajra","Unceasing Top","Coffee Dripper","The Courier","Pen Nib","Empty Cage","Bottled Tornado","Blood Vial","Regal Pillow"],"potions_floor_usage":[33,38,42,50,50,50],"damage_taken":[{"damage":2.0,"enemies":"Small Slimes","floor":1.0,"turns":4.0},{"damage":1.0,"enemies":"Cultist","floor":2.0,"turns":4.0},{"damage":1.0,"enemies":"Jaw Worm","floor":4.0,"turns":4.0},{"damage":25.0,"enemies":"Lagavulin","floor":6.0,"turns":9.0},{"damage":2.0,"enemies":"Looter","floor":8.0,"turns":4.0},{"damage":6.0,"enemies":"Lots of Slimes","floor":12.0,"turns":5.0},{"damage":10.0,"enemies":"Gremlin Nob","floor":13.0,"turns":4.0},{"damage":35.0,"enemies":"The Guardian","floor":16.0,"turns":9.0},{"damage":25,"enemies":"3 Byrds","floor":18,"turns":4},{"damage":3,"enemies":"Shell Parasite","floor":19,"turns":6},{"damage":2,"enemies":"Centurion and Healer","floor":27,"turns":4},{"damage":0,"enemies":"Snake Plant","floor":30,"turns":4},{"damage":9,"enemies":"Collector","floor":33,"turns":7},{"damage":7,"enemies":"3 Shapes","floor":35,"turns":4},{"damage":35,"enemies":"3 Darklings","floor":36,"turns":4},{"damage":2,"enemies":"4 Shapes","floor":38,"turns":6},{"damage":12,"enemies":"Maw","floor":39,"turns":7},{"damage":4,"enemies":"Sphere and 2 Shapes","floor":42,"turns":5},{"damage":6,"enemies":"4 Shapes","floor":45,"turns":5},{"damage":0,"enemies":"3 Darklings","floor":48,"turns":4},{"damage":29,"enemies":"Awakened One","floor":50,"turns":14}],"seed_played":"4323174265167693983","potions_obtained":[{"floor":1.0,"key":"FearPotion"},{"floor":8.0,"key":"EssenceOfSteel"},{"floor":13.0,"key":"Swift Potion"},{"floor":27,"key":"SkillPotion"},{"floor":33,"key":"SpeedPotion"},{"floor":36,"key":"Explosive Potion"},{"floor":39,"key":"Weak Potion"},{"floor":42,"key":"LiquidBronze"}],"is_trial":false,"path_per_floor":["M","M","$","M","?","E","R","M","T","$","R","M","E","$","R","B",null,"M","M","?","?","?","R","?","R","T","M","R","$","M","T","R","B",null,"M","M","?","M","M","R","$","M","T","$","M","T","R","M","R","B"],"character_chosen":"THE_SILENT","items_purchased":["Tactician","Well Laid Plans","Vajra","Noxious Fumes+1","Noxious Fumes+1","Bottled Tornado","Blur"],"campfire_rested":2,"item_purchase_floors":[3,3,10,14,29,41,44],"current_hp_per_floor":[61,60,60,59,52,27,27,25,25,25,43,37,27,27,45,10,63,38,35,35,29,29,29,29,29,29,35,35,35,45,45,45,49,49,48,20,32,40,40,40,40,46,46,46,47,47,47,49,49,38],"gold":83,"neow_bonus":"TWO_FIFTY_GOLD","is_prod":false,"is_daily":false,"chose_seed":false,"campfire_upgraded":8,"win_rate":0,"timestamp":1531296021,"path_taken":["M","M","$","M","?","E","R","M","T","$","R","M","E","$","R","BOSS","M","M","?","?","?","R","?","R","T","M","R","$","M","?","R","BOSS","M","M","?","M","?","R","?","M","T","$","M","?","R","M","R","BOSS"],"build_version":"2018-07-05","purchased_purges":1,"victory":true,"max_hp_per_floor":[63,63,63,63,63,63,63,63,63,63,63,63,63,63,63,63,63,63,63,44,49,49,49,49,49,49,49,49,49,49,49,49,49,49,49,49,49,49,49,49,49,49,49,49,49,49,49,49,49,49],"card_choices":[{"not_picked":["Heel Hook","Quick Slash"],"picked":"Noxious Fumes","floor":1.0},{"not_picked":["Poisoned Stab","Setup"],"picked":"Terror","floor":2.0},{"not_picked":["PiercingWail","Dodge and Roll"],"picked":"Backstab","floor":4.0},{"not_picked":["Eviscerate","Catalyst"],"picked":"Quick Slash","floor":6.0},{"not_picked":["Flying Knee","Deadly Poison"],"picked":"Prepared","floor":8.0},{"not_picked":["Cloak And Dagger","Poisoned Stab"],"picked":"Backflip","floor":12.0},{"not_picked":["Eviscerate","Reflex","Dagger Throw"],"picked":"SKIP","floor":13.0},{"not_picked":["Storm of Steel","Unload"],"picked":"Grand Finale","floor":16.0},{"not_picked":["Endless Agony+1","Quick Slash"],"picked":"Backflip","floor":18},{"not_picked":["Riddle With Holes","Slice"],"picked":"PiercingWail","floor":19},{"not_picked":["Dodge and Roll","Deflect"],"picked":"Dagger Spray+1","floor":27},{"not_picked":["Deflect","Outmaneuver","Heel Hook"],"picked":"SKIP","floor":30},{"not_picked":["Glass Knife","Wraith Form v2+1"],"picked":"Corpse Explosion","floor":33},{"not_picked":["Outmaneuver+1","Dodge and Roll","Infinite Blades+1"],"picked":"SKIP","floor":35},{"not_picked":["Poisoned Stab+1","Slice"],"picked":"Dash+1","floor":36},{"not_picked":["Deadly Poison+1","All Out Attack+1"],"picked":"Malaise","floor":38},{"not_picked":["Quick Slash","Setup+1","Underhanded Strike+1"],"picked":"SKIP","floor":39},{"not_picked":["Poisoned Stab+1","Reflex+1"],"picked":"Cloak And Dagger+1","floor":42},{"not_picked":["Outmaneuver+1","Sucker Punch","PiercingWail"],"picked":"SKIP","floor":45},{"not_picked":["Sucker Punch","Predator","Bane+1"],"picked":"SKIP","floor":48}],"player_experience":233864,"relics_obtained":[{"floor":6.0,"key":"Frozen Egg 2"},{"floor":9.0,"key":"Sundial"},{"floor":13.0,"key":"Unceasing Top"},{"floor":26,"key":"The Courier"},{"floor":31,"key":"Pen Nib"},{"floor":43,"key":"Blood Vial"},{"floor":46,"key":"Regal Pillow"}],"event_choices":[{"event_name":"Golden Wing","player_choice":"Card Removal","floor":5.0,"damage_taken":0.0},{"event_name":"Vampires","player_choice":"Became a vampire","floor":20,"damage_taken":0},{"event_name":"Forgotten Altar","player_choice":"Shed Blood","floor":21,"damage_taken":0},{"event_name":"Ghosts","player_choice":"Ignored","floor":22,"damage_taken":0},{"event_name":"Beggar","player_choice":"Gave Gold","floor":24,"damage_taken":0},{"event_name":"Winding Halls","player_choice":"Writhe","floor":37,"damage_taken":0}],"boss_relics":[{"not_picked":["Lizard Tail","Runic Dome"],"picked":"Coffee Dripper"},{"not_picked":["Fusion Hammer","Orrery"],"picked":"Empty Cage"}],"items_purged_floors":[3],"is_endless":false,"potions_floor_spawned":[1,8,13,27,33,36,39,42],"ascension_level":1}