{"gold_per_floor":[112,112,14,29,45,45,45,45,45,45,45,45,78,88,88,190,190,190,190,39,39,39,39,39,39,39,39,39,39,39,39,39,39,39,39,39,39,39,39,39,39,39,39,39,39,39,39,39,39,39],"floor_reached":51,"playtime":6306,"items_purged":["Poisoned Stab"],"score":1251,"play_id":"2deb475a-33d7-49f8-8ad1-753ff62a5bfd","local_time":"20180707224828","is_ascension_mode":false,"campfire_choices":[{"floor":6.0,"key":"REST"},{"data":"Cloak And Dagger","floor":8.0,"key":"SMITH"},{"data":"Backflip","floor":10.0,"key":"SMITH"},{"data":"Dagger Spray","floor":12.0,"key":"SMITH"},{"data":"Cloak And Dagger","floor":15.0,"key":"SMITH"},{"data":"A Thousand Cuts","floor":23.0,"key":"SMITH"},{"floor":28.0,"key":"REST"},{"data":"Footwork","floor":30.0,"key":"SMITH"},{"data":"Survivor","floor":32.0,"key":"SMITH"},{"data":"1","floor":41,"key":"LIFT"},{"data":"Cloak And Dagger","floor":47,"key":"SMITH"},{"data":"2","floor":49,"key":"LIFT"}],"neow_cost":"NONE","seed_source_timestamp":0,"circlet_count":0,"master_deck":["Survivor+1","Neutralize+1","Cloak And Dagger+1","Deflect","Flying Knee","Well Laid Plans","Slice+1","Backflip+1","Dagger Spray+1","Dagger Throw+1","Predator","PiercingWail","Cloak And Dagger+1","Footwork+1","A Thousand Cuts+1","Footwork+1","Noxious Fumes","Cloak And Dagger+1","Dagger Spray+1","Accuracy+1","Leg Sweep+1","Acrobatics","Choke+1","Cloak And Dagger+1"],"special_seed":0,"relics":["Pandora\u0027s Box","Gremlin Horn","Sundial","Strawberry","Ectoplasm","Whetstone","Ninja Scroll","Bag of Preparation","Shuriken","Philosopher\u0027s Stone","Girya","Mummified Hand","Pantograph","Regal Pillow"],"potions_floor_usage":[46,50,50,50],"damage_taken":[{"damage":0.0,"enemies":"Jaw Worm","floor":1.0,"turns":2.0},{"damage":0.0,"enemies":"Small Slimes","floor":4.0,"turns":2.0},{"damage":0.0,"enemies":"Cultist","floor":5.0,"turns":2.0},{"damage":1.0,"enemies":"Lagavulin","floor":13.0,"turns":4.0},{"damage":0.0,"enemies":"Looter","floor":14.0,"turns":2.0},{"damage":0.0,"enemies":"Slime Boss","floor":16.0,"turns":6.0},{"damage":2.0,"enemies":"Spheric Guardian","floor":18.0,"turns":3.0},{"damage":0.0,"enemies":"Shell Parasite","floor":19.0,"turns":5.0},{"damage":21.0,"enemies":"Snake Plant","floor":21.0,"turns":5.0},{"damage":0.0,"enemies":"Snecko","floor":22.0,"turns":5.0},{"damage":8.0,"enemies":"Centurion and Healer","floor":24.0,"turns":3.0},{"damage":0.0,"enemies":"Book of Stabbing","floor":25.0,"turns":5.0},{"damage":10.0,"enemies":"Snake Plant","floor":27.0,"turns":3.0},{"damage":0.0,"enemies":"Gremlin Leader","floor":29.0,"turns":4.0},{"damage":0.0,"enemies":"3 Cultists","floor":31.0,"turns":3.0},{"damage":0.0,"enemies":"Champ","floor":33.0,"turns":7.0},{"damage":4,"enemies":"Orb Walker","floor":35,"turns":3},{"damage":0,"floor":37,"turns":5},{"damage":0,"enemies":"3 Darklings","floor":38,"turns":2},{"damage":0,"enemies":"Sphere and 2 Shapes","floor":39,"turns":3},{"damage":0,"enemies":"Nemesis","floor":40,"turns":5},{"damage":0,"enemies":"2 Orb Walkers","floor":42,"turns":2},{"damage":0,"enemies":"4 Shapes","floor":44,"turns":1},{"damage":0,"enemies":"3 Darklings","floor":45,"turns":1},{"damage":2,"enemies":"Maw","floor":46,"turns":5},{"damage":0,"enemies":"4 Shapes","floor":48,"turns":3},{"damage":31,"enemies":"Awakened One","floor":50,"turns":6}],"seed_played":"3834394911094809795","potions_obtained":[{"floor":1.0,"key":"Energy Potion"},{"floor":4.0,"key":"GamblersBrew"},{"floor":13.0,"key":"LiquidBronze"},{"floor":14.0,"key":"Fire Potion"},{"floor":21.0,"key":"Dexterity Potion"},{"floor":25.0,"key":"SmokeBomb"},{"floor":27.0,"key":"SmokeBomb"},{"floor":29.0,"key":"FearPotion"},{"floor":37,"key":"SpeedPotion"},{"floor":39,"key":"Weak Potion"},{"floor":48,"key":"Weak Potion"}],"is_trial":false,"path_per_floor":["M","?","$","M","M","R","$","R","T","R","?","R","E","M","R","B",null,"M","M","$","M","M","R","M","E","T","M","R","E","R","M","R","B",null,"M","?","?","M","M","E","R","E","T","M","M","M","R","M","R","B"],"character_chosen":"THE_SILENT","items_purchased":["PiercingWail","Whetstone"],"campfire_rested":2,"item_purchase_floors":[3,20],"current_hp_per_floor":[70,45,45,45,45,66,66,66,66,66,66,66,72,72,72,72,77,75,75,75,54,54,54,46,46,46,36,59,59,59,59,59,59,77,73,73,73,73,73,73,73,73,73,73,73,71,71,71,71,46],"gold":39,"neow_bonus":"BOSS_RELIC","is_prod":false,"is_daily":false,"chose_seed":false,"campfire_upgraded":8,"win_rate":0,"timestamp":1531000108,"path_taken":["M","?","$","M","M","R","$","R","T","R","?","R","E","M","R","BOSS","M","M","$","M","M","R","M","E","T","M","R","E","R","M","R","BOSS","M","?","?","M","?","E","R","E","T","M","M","M","R","?","R","BOSS"],"build_version":"2018-07-05","purchased_purges":1,"victory":true,"max_hp_per_floor":[70,70,70,70,70,70,70,70,70,70,70,70,77,77,77,77,77,77,77,77,77,77,77,77,77,77,77,77,77,77,77,77,77,77,77,77,77,77,77,77,77,77,77,77,77,77,77,77,77,77],"card_choices":[{"not_picked":["Prepared","All Out Attack","Predator"],"picked":"SKIP","floor":1.0},{"not_picked":["Flechettes","Poisoned Stab","Cloak And Dagger"],"picked":"SKIP","floor":4.0},{"not_picked":["Prepared","Flechettes","Distraction"],"picked":"SKIP","floor":5.0},{"not_picked":["Deadly Poison","Corpse Explosion"],"picked":"Cloak And Dagger","floor":13.0},{"not_picked":["Sucker Punch","Backflip"],"picked":"Footwork","floor":14.0},{"not_picked":["Die Die Die","Venomology"],"picked":"A Thousand Cuts","floor":16.0},{"not_picked":["Deflect","Deadly Poison+1"],"picked":"Footwork+1","floor":18.0},{"not_picked":["Acrobatics","Deadly Poison"],"picked":"Noxious Fumes","floor":19.0},{"not_picked":["Eviscerate","Distraction"],"picked":"Cloak And Dagger+1","floor":21.0},{"not_picked":["Cloak And Dagger","Deadly Poison","Slice"],"picked":"SKIP","floor":22.0},{"not_picked":["Dagger Throw+1","Bane"],"picked":"Dagger Spray+1","floor":24.0},{"not_picked":["Well Laid Plans","Crippling Poison"],"picked":"Accuracy+1","floor":25.0},{"not_picked":["Deflect","Backstab","Well Laid Plans+1"],"picked":"SKIP","floor":27.0},{"not_picked":["Deflect","Escape Plan"],"picked":"Leg Sweep+1","floor":29.0},{"not_picked":["Poisoned Stab","Eviscerate","Leg Sweep"],"picked":"SKIP","floor":31.0},{"not_picked":["Outmaneuver","Flying Knee+1","Bane+1"],"picked":"SKIP","floor":35},{"not_picked":["Poisoned Stab","Outmaneuver+1"],"picked":"Acrobatics","floor":38},{"not_picked":["Slice","Tools of the Trade","Quick Slash"],"picked":"SKIP","floor":39},{"not_picked":["Distraction+1","All Out Attack","Slice+1"],"picked":"SKIP","floor":40},{"not_picked":["Tools of the Trade","Underhanded Strike+1","Acrobatics+1"],"picked":"SKIP","floor":42},{"not_picked":["Bane","Dodge and Roll+1"],"picked":"Choke+1","floor":44},{"not_picked":["Heel Hook+1","Flechettes"],"picked":"Cloak And Dagger","floor":45},{"not_picked":["Noxious Fumes+1","Quick Slash+1","Riddle With Holes"],"picked":"SKIP","floor":46},{"not_picked":["Outmaneuver+1","Riddle With Holes+1","Poisoned Stab"],"picked":"SKIP","floor":48}],"player_experience":162157,"relics_obtained":[{"floor":9.0,"key":"Sundial"},{"floor":13.0,"key":"Strawberry"},{"floor":25.0,"key":"Ninja Scroll"},{"floor":26.0,"key":"Bag of Preparation"},{"floor":29.0,"key":"Shuriken"},{"floor":37,"key":"Girya"},{"floor":40,"key":"Mummified Hand"},{"floor":42,"key":"Pantograph"},{"floor":43,"key":"Regal Pillow"}],"event_choices":[{"event_name":"Scrap Ooze","player_choice":"success","floor":2.0,"damage_taken":25.0},{"event_name":"Living Wall","player_choice":"Grow","floor":11.0,"damage_taken":0.0},{"event_name":"SecretPortal","player_choice":"Rejected Portal.","floor":36,"damage_taken":0},{"event_name":"MindBloom","player_choice":"Fight","floor":37,"damage_taken":0}],"boss_relics":[{"not_picked":["Eternal Feather","Coffee Dripper"],"picked":"Ectoplasm"},{"not_picked":["Snecko Eye","Velvet Choker"],"picked":"Philosopher\u0027s Stone"}],"items_purged_floors":[3],"is_endless":false,"potions_floor_spawned":[1,4,13,14,21,25,27,29,37,39,42,44,45,48],"ascension_level":0}