{"gold_per_floor":[209,227,33,33,53,53,53,83,83,95,121,121,121,151,151,250,250,263,263,20,32,47,47,47,59,59,59,59,88,102,112,112,208,208,228,25,0,17,17,17,45,55,55,68,68,68,115,134,134,134],"floor_reached":51,"playtime":5814,"items_purged":["Strike_G","Strike_G","Quick Slash"],"score":898,"play_id":"92697db0-0fd7-46c4-82e1-e44515762e18","local_time":"20180720222150","is_ascension_mode":true,"campfire_choices":[{"data":"Noxious Fumes","floor":6,"key":"SMITH"},{"floor":13,"key":"REST"},{"floor":15,"key":"REST"},{"data":"Skewer","floor":23,"key":"SMITH"},{"data":"Flechettes","floor":28,"key":"SMITH"},{"data":"Adrenaline","floor":32,"key":"SMITH"},{"data":"Dodge and Roll","floor":40,"key":"SMITH"},{"data":"Cloak And Dagger","floor":45,"key":"SMITH"},{"floor":49,"key":"REST"}],"neow_cost":"NONE","seed_source_timestamp":212316920393732,"circlet_count":0,"master_deck":["Defend_G","Defend_G","Defend_G","Defend_G","Defend_G","Survivor","Neutralize+1","Skewer+1","Noxious Fumes+1","Backflip","Adrenaline+1","Deflect","Tools of the Trade+1","Caltrops+1","Footwork+1","Dodge and Roll+1","Well Laid Plans+1","Deflect","Flechettes+1","Necronomicurse","Envenom+1","Slice","Riddle With Holes+1","Footwork+1","Slice+1","Finesse","Noxious Fumes+1","Cloak And Dagger+1","Leg Sweep+1","Deflect+1"],"relics":["Ring of the Snake","Frozen Egg 2","Blood Vial","Turnip","Gambling Chip","Paper Crane","Cursed Key","Dream Catcher","Necronomicon","Nunchaku","Empty Cage","Red Mask","The Specimen"],"potions_floor_usage":[8,11,29,33,35,35,50,50],"damage_taken":[{"damage":4,"enemies":"Small Slimes","floor":1,"turns":5},{"damage":6,"enemies":"Jaw Worm","floor":2,"turns":4},{"damage":0,"enemies":"2 Louse","floor":5,"turns":2},{"damage":5,"enemies":"3 Sentries","floor":8,"turns":6},{"damage":9,"enemies":"Exordium Thugs","floor":10,"turns":5},{"damage":14,"enemies":"Lagavulin","floor":11,"turns":7},{"damage":31,"enemies":"Gremlin Nob","floor":14,"turns":5},{"damage":8,"enemies":"The Guardian","floor":16,"turns":11},{"damage":0,"enemies":"Shell Parasite","floor":18,"turns":6},{"damage":0,"enemies":"Spheric Guardian","floor":21,"turns":5},{"damage":1,"enemies":"3 Cultists","floor":22,"turns":5},{"damage":0,"enemies":"Snecko","floor":25,"turns":6},{"damage":1,"enemies":"Book of Stabbing","floor":29,"turns":5},{"damage":15,"enemies":"Centurion and Healer","floor":30,"turns":3},{"damage":0,"enemies":"Sentry and Sphere","floor":31,"turns":4},{"damage":1,"enemies":"Champ","floor":33,"turns":8},{"damage":0,"enemies":"Flame Bruiser 1 Orb","floor":35,"turns":3},{"damage":0,"enemies":"Orb Walker","floor":38,"turns":4},{"damage":17,"enemies":"Nemesis","floor":41,"turns":5},{"damage":0,"enemies":"3 Darklings","floor":42,"turns":5},{"damage":0,"enemies":"Transient","floor":44,"turns":5},{"damage":22,"floor":47,"turns":4},{"damage":0,"enemies":"Sphere and 2 Shapes","floor":48,"turns":5},{"damage":7,"enemies":"Donu and Deca","floor":50,"turns":7}],"seed_played":"577386584220637759","potions_obtained":[{"floor":1,"key":"PowerPotion"},{"floor":8,"key":"Weak Potion"},{"floor":16,"key":"GhostInAJar"},{"floor":21,"key":"GhostInAJar"},{"floor":22,"key":"Regen Potion"},{"floor":31,"key":"Block Potion"},{"floor":35,"key":"Explosive Potion"},{"floor":41,"key":"Block Potion"},{"floor":42,"key":"Poison Potion"},{"floor":44,"key":"SkillPotion"}],"is_trial":false,"path_per_floor":["M","M","$","?","M","R","?","E","T","M","E","?","R","E","R","B",null,"M","?","$","M","M","R","$","M","T","?","R","E","M","M","R","B",null,"M","$","?","M","?","R","E","M","T","M","R","T","?","M","R","B"],"character_chosen":"THE_SILENT","items_purchased":["Noxious Fumes","Poison Potion","Footwork+1","Dodge and Roll","Poison Potion","Footwork+1"],"campfire_rested":3,"item_purchase_floors":[3,3,20,20,20,36],"current_hp_per_floor":[59,53,53,53,53,53,53,48,48,41,29,29,50,21,42,36,62,64,64,64,66,67,67,67,69,69,53,53,68,55,57,57,58,67,69,69,69,70,70,70,53,55,55,57,57,57,37,39,60,55],"gold":134,"neow_bonus":"HUNDRED_GOLD","is_prod":false,"is_daily":false,"chose_seed":false,"campfire_upgraded":6,"win_rate":0,"timestamp":1532121710,"path_taken":["M","M","$","?","M","R","?","E","T","?","E","?","R","E","R","BOSS","M","?","$","M","?","R","$","M","T","?","R","E","?","M","R","BOSS","M","$","?","M","?","R","E","M","T","M","R","?","?","M","R","BOSS"],"build_version":"2018-07-19v2","purchased_purges":3,"victory":true,"max_hp_per_floor":[70,70,70,70,70,70,70,70,70,70,70,70,70,70,70,70,70,70,70,70,70,70,70,70,70,70,70,70,70,70,70,70,70,70,70,70,70,70,70,70,70,70,70,70,70,70,70,70,70,70],"card_choices":[{"not_picked":["Distraction","Acrobatics"],"picked":"Quick Slash","floor":1},{"not_picked":["Outmaneuver","Dagger Throw"],"picked":"Skewer","floor":2},{"not_picked":["Eviscerate","PiercingWail"],"picked":"Backflip","floor":5},{"not_picked":["Dodge and Roll","Deadly Poison","Bane"],"picked":"SKIP","floor":8},{"not_picked":["Outmaneuver","Bouncing Flask","PiercingWail"],"picked":"SKIP","floor":10},{"not_picked":["Bouncing Flask","Crippling Poison"],"picked":"Adrenaline","floor":11},{"not_picked":["Dagger Throw","Expertise"],"picked":"Deflect","floor":14},{"not_picked":["Doppelganger","Unload"],"picked":"Tools of the Trade+1","floor":16},{"not_picked":["Prepared","Outmaneuver"],"picked":"Caltrops+1","floor":18},{"not_picked":["Masterful Stab","Underhanded Strike"],"picked":"Well Laid Plans+1","floor":21},{"not_picked":["Deadly Poison","Dagger Spray"],"picked":"Deflect","floor":22},{"not_picked":["Poisoned Stab","All Out Attack"],"picked":"Flechettes","floor":25},{"not_picked":["Dagger Throw","Outmaneuver"],"picked":"Envenom+1","floor":29},{"not_picked":["Flying Knee+1","Deadly Poison","Dagger Throw"],"picked":"SKIP","floor":30},{"not_picked":["Dagger Throw","Caltrops+1"],"picked":"Slice","floor":31},{"not_picked":["Heel Hook+1","Deadly Poison"],"picked":"Riddle With Holes+1","floor":35},{"not_picked":["Poisoned Stab","Dagger Spray+1"],"picked":"Slice+1","floor":38},{"not_picked":["Secret Weapon","Mind Blast"],"picked":"Finesse","floor":39},{"not_picked":["Riddle With Holes+1","Calculated Gamble+1"],"picked":"Noxious Fumes+1","floor":41},{"not_picked":["Choke+1","Backflip+1"],"picked":"Cloak And Dagger","floor":42},{"not_picked":["Well Laid Plans+1","Dagger Spray+1"],"picked":"Leg Sweep+1","floor":44},{"not_picked":["Caltrops+1","Dagger Throw+1"],"picked":"Deflect+1","floor":48}],"player_experience":386943,"relics_obtained":[{"floor":8,"key":"Frozen Egg 2"},{"floor":9,"key":"Blood Vial"},{"floor":11,"key":"Turnip"},{"floor":14,"key":"Paper Crane"},{"floor":27,"key":"Necronomicon"},{"floor":29,"key":"Nunchaku"},{"floor":41,"key":"The Specimen"}],"event_choices":[{"event_name":"Living Wall","player_choice":"Grow","floor":4,"damage_taken":0},{"event_name":"Purifier","player_choice":"One Purge","floor":7,"damage_taken":0},{"event_name":"Dead Adventurer","player_choice":"Searched \u00272\u0027 times","floor":12,"damage_taken":0},{"event_name":"The Mausoleum","player_choice":"Yes","floor":19,"damage_taken":0},{"event_name":"Cursed Tome","player_choice":"Obtained Book","floor":27,"damage_taken":0},{"event_name":"Tomb of Lord Red Mask","player_choice":"Paid","floor":37,"damage_taken":0},{"event_name":"SensoryStone","player_choice":"Memory 1","floor":39,"damage_taken":0},{"event_name":"Mysterious Sphere","player_choice":"Fight","floor":47,"damage_taken":0}],"is_beta":false,"boss_relics":[{"not_picked":["Snecko Eye","Lizard Tail"],"picked":"Cursed Key"},{"not_picked":["Pandora\u0027s Box","Philosopher\u0027s Stone"],"picked":"Empty Cage"}],"items_purged_floors":[3,20,36],"is_endless":false,"potions_floor_spawned":[1,8,16,21,22,31,35,41,42,44],"ascension_level":7}