{"gold_per_floor":[117,132,150,150,167,167,193,218,256,268,293,305,337,377,389,501,513,537,161,171,181,198,198,231,231,231,265,190,105,66,80,80,180,180,192,203,203,31,31,31,62,81,104,31,31,31,31,50,50,50],"floor_reached":51,"playtime":5928,"items_purged":["Strike_G","Strike_G"],"score":1394,"play_id":"0eb8a9be-d298-42cf-ab75-de86a3b60b8f","local_time":"20180722182745","is_ascension_mode":true,"campfire_choices":[{"data":"Glass Knife","floor":6.0,"key":"SMITH"},{"data":"Cloak And Dagger","floor":12.0,"key":"SMITH"},{"floor":15.0,"key":"REST"},{"data":"Cloak And Dagger","floor":23,"key":"SMITH"},{"data":"Cloak And Dagger","floor":25,"key":"SMITH"},{"floor":32,"key":"REST"},{"data":"1","floor":40,"key":"LIFT"},{"data":"Neutralize","floor":45,"key":"SMITH"},{"data":"2","floor":47,"key":"LIFT"},{"data":"3","floor":49,"key":"LIFT"}],"neow_cost":"NONE","seed_source_timestamp":0,"circlet_count":0,"master_deck":["Defend_G","Defend_G","Defend_G","Defend_G","Defend_G","Strike_G","Strike_G","Neutralize+1","Glass Knife+1","Cloak And Dagger+1","Dagger Spray","Footwork","Cloak And Dagger+1","Blur","Infinite Blades","Backstab","Blur+1","Envenom","Slice","Footwork","Dash","Cloak And Dagger+1","Well Laid Plans","Deflect+1","Infinite Blades","Cloak And Dagger+1","Footwork","Terror","Leg Sweep"],"special_seed":0,"relics":["Ring of the Serpent","Thread and Needle","MawBank","Omamori","Orichalcum","Juzu Bracelet","WristBlade","Sling","Happy Flower","Gremlin Horn","Boot","Paper Crane","Girya","Mango","War Paint"],"potions_floor_usage":[21,24,27,50,50,50],"damage_taken":[{"damage":0.0,"enemies":"Cultist","floor":1.0,"turns":3.0},{"damage":0.0,"enemies":"2 Louse","floor":2.0,"turns":2.0},{"damage":5.0,"enemies":"Small Slimes","floor":3.0,"turns":4.0},{"damage":5.0,"enemies":"Exordium Wildlife","floor":5.0,"turns":6.0},{"damage":11.0,"enemies":"Gremlin Nob","floor":7.0,"turns":4.0},{"damage":1.0,"enemies":"Exordium Thugs","floor":8.0,"turns":5.0},{"damage":2.0,"enemies":"Large Slime","floor":11.0,"turns":6.0},{"damage":0.0,"enemies":"Exordium Wildlife","floor":13.0,"turns":3.0},{"damage":17.0,"enemies":"Lagavulin","floor":14.0,"turns":6.0},{"damage":23.0,"enemies":"Slime Boss","floor":16.0,"turns":13.0},{"damage":8,"enemies":"3 Byrds","floor":18,"turns":5},{"damage":0,"enemies":"Shell Parasite","floor":20,"turns":6},{"damage":5,"enemies":"Snecko","floor":21,"turns":5},{"damage":7,"enemies":"Sentry and Sphere","floor":22,"turns":6},{"damage":6,"enemies":"Slavers","floor":24,"turns":5},{"damage":18,"enemies":"Book of Stabbing","floor":27,"turns":6},{"damage":0,"enemies":"3 Cultists","floor":31,"turns":5},{"damage":27,"enemies":"Champ","floor":33,"turns":13},{"damage":0,"enemies":"Flame Bruiser 1 Orb","floor":35,"turns":6},{"damage":9,"enemies":"3 Darklings","floor":36,"turns":6},{"damage":0,"floor":39,"turns":8},{"damage":10,"enemies":"Nemesis","floor":41,"turns":5},{"damage":20,"enemies":"Maw","floor":42,"turns":8},{"damage":0,"enemies":"Spire Growth","floor":48,"turns":5},{"damage":6,"enemies":"Time Eater","floor":50,"turns":13}],"seed_played":"794963964822127093","potions_obtained":[{"floor":3.0,"key":"Block Potion"},{"floor":5.0,"key":"Strength Potion"},{"floor":7.0,"key":"Swift Potion"},{"floor":8.0,"key":"Fruit Juice"},{"floor":18,"key":"Fruit Juice"},{"floor":20,"key":"Explosive Potion"},{"floor":31,"key":"GhostInAJar"},{"floor":36,"key":"SteroidPotion"},{"floor":41,"key":"GhostInAJar"}],"is_trial":false,"path_per_floor":["M","M","M","?","M","R","E","M","T","T","M","R","M","E","R","B",null,"M","$","M","M","M","R","E","R","T","E","?","?","$","M","R","B",null,"M","M","?","$","?","R","E","M","T","$","R","?","R","M","R","B"],"character_chosen":"THE_SILENT","items_purchased":["Footwork","Sling","Dash","Infinite Blades","Footwork","Terror"],"campfire_rested":2,"item_purchase_floors":[19,19,19,30,38,44],"current_hp_per_floor":[63,63,58,55,50,50,39,38,38,38,41,41,41,24,46,23,62,54,54,54,54,47,47,41,41,41,23,23,23,23,23,47,20,65,65,56,76,76,76,76,80,60,60,60,60,60,60,60,60,54],"gold":50,"neow_bonus":"ONE_RANDOM_RARE_CARD","is_prod":false,"is_daily":false,"chose_seed":false,"campfire_upgraded":5,"win_rate":0,"timestamp":1532280465,"path_taken":["M","M","M","?","M","R","E","M","T","?","M","R","?","E","R","BOSS","M","$","M","M","M","R","E","R","T","E","?","?","$","M","R","BOSS","M","M","?","$","?","R","E","M","T","$","R","?","R","M","R","BOSS"],"build_version":"2018-07-19v2","purchased_purges":2,"victory":true,"max_hp_per_floor":[70,70,70,70,70,70,70,70,70,70,75,75,75,75,75,75,75,75,75,75,80,80,80,80,80,80,80,80,80,80,80,80,80,80,80,80,80,80,80,80,94,94,94,94,94,94,94,94,94,94],"card_choices":[{"not_picked":["Calculated Gamble","Expertise"],"picked":"Cloak And Dagger","floor":1.0},{"not_picked":["Setup","Underhanded Strike","Outmaneuver"],"picked":"SKIP","floor":2.0},{"not_picked":["Dodge and Roll","Deflect"],"picked":"Dagger Spray","floor":3.0},{"not_picked":["Flechettes","Outmaneuver"],"picked":"Footwork","floor":5.0},{"not_picked":["Unload","Sucker Punch"],"picked":"Cloak And Dagger","floor":7.0},{"not_picked":["Expertise","Acrobatics"],"picked":"Blur","floor":8.0},{"not_picked":["Skewer","Concentrate"],"picked":"Infinite Blades","floor":11.0},{"not_picked":["PiercingWail","Flying Knee"],"picked":"Backstab","floor":13.0},{"not_picked":["Blade Dance","Crippling Poison"],"picked":"Blur","floor":14.0},{"not_picked":["Venomology","Tools of the Trade"],"picked":"Envenom","floor":16.0},{"not_picked":["PiercingWail+1","Outmaneuver"],"picked":"Slice","floor":18},{"not_picked":["Bouncing Flask+1","Choke","Sucker Punch"],"picked":"SKIP","floor":20},{"not_picked":["Dagger Throw","PiercingWail"],"picked":"Cloak And Dagger","floor":21},{"not_picked":["Leg Sweep","Endless Agony"],"picked":"Well Laid Plans","floor":22},{"not_picked":["Eviscerate","Poisoned Stab","Underhanded Strike"],"picked":"SKIP","floor":24},{"not_picked":["Prepared","Deadly Poison"],"picked":"Deflect+1","floor":27},{"not_picked":["Crippling Poison","Eviscerate","Reflex"],"picked":"SKIP","floor":31},{"not_picked":["Infinite Blades+1","Concentrate"],"picked":"Cloak And Dagger+1","floor":35},{"not_picked":["Outmaneuver+1","Setup+1","All Out Attack"],"picked":"SKIP","floor":36},{"not_picked":["Tactician","Acrobatics+1","Bane+1"],"picked":"SKIP","floor":41},{"not_picked":["Acrobatics","Deadly Poison","Burst"],"picked":"SKIP","floor":42},{"not_picked":["Choke+1","Dagger Throw+1"],"picked":"Leg Sweep","floor":48}],"player_experience":424992,"relics_obtained":[{"floor":7.0,"key":"MawBank"},{"floor":9.0,"key":"Omamori"},{"floor":10.0,"key":"Orichalcum"},{"floor":14.0,"key":"Juzu Bracelet"},{"floor":24,"key":"Happy Flower"},{"floor":26,"key":"Gremlin Horn"},{"floor":27,"key":"Boot"},{"floor":39,"key":"Girya"},{"floor":41,"key":"Mango"},{"floor":43,"key":"War Paint"}],"event_choices":[{"event_name":"Scrap Ooze","player_choice":"success","floor":4.0,"damage_taken":3.0},{"event_name":"Beggar","player_choice":"Gave Gold","floor":28,"damage_taken":0},{"event_name":"Addict","player_choice":"Obtained Relic","floor":29,"damage_taken":0},{"event_name":"Winding Halls","player_choice":"Writhe","floor":37,"damage_taken":0},{"event_name":"MindBloom","player_choice":"Fight","floor":39,"damage_taken":0},{"event_name":"Falling","player_choice":"Removed Skill","floor":46,"damage_taken":0}],"is_beta":false,"boss_relics":[{"not_picked":["Runic Pyramid","Orrery"],"picked":"WristBlade"},{"not_picked":["Runic Dome","Lizard Tail"],"picked":"Ring of the Serpent"}],"items_purged_floors":[19,38],"is_endless":false,"potions_floor_spawned":[3,5,7,8,18,20,31,36,41],"ascension_level":9}