{"gold_per_floor":[110,110,121,136,151,182,182,212,212,2,20,33,33],"floor_reached":13,"playtime":1107,"items_purged":[],"score":146,"play_id":"31e35378-17fd-4f93-b15e-196883c5aed7","local_time":"20180724224616","is_ascension_mode":true,"campfire_choices":[{"floor":7,"key":"REST"}],"neow_cost":"NONE","seed_source_timestamp":564105929456053,"circlet_count":0,"master_deck":["Defend_G","Defend_G","Defend_G","Defend_G","Defend_G","Strike_G","Strike_G","Strike_G","Strike_G","Strike_G","Survivor","Neutralize+1","AscendersBane","Flying Knee+1","Underhanded Strike","Riddle With Holes","Cloak And Dagger","Leg Sweep","Dodge and Roll","Cloak And Dagger","Blur","Dagger Spray"],"relics":["Ring of the Snake","Anchor","Prayer Wheel","Sundial","Vajra"],"potions_floor_usage":[12,12,12],"damage_taken":[{"damage":0,"enemies":"2 Louse","floor":1,"turns":4},{"damage":0,"enemies":"Cultist","floor":3,"turns":4},{"damage":0,"enemies":"Small Slimes","floor":4,"turns":3},{"damage":0,"enemies":"Looter","floor":5,"turns":4},{"damage":28,"enemies":"3 Sentries","floor":6,"turns":10},{"damage":30,"enemies":"Lagavulin","floor":8,"turns":8},{"damage":0,"enemies":"Blue Slaver","floor":11,"turns":4},{"damage":9,"enemies":"Gremlin Gang","floor":12,"turns":6},{"damage":11,"enemies":"Gremlin Nob","floor":13,"turns":5}],"seed_played":"1470344911750634848","potions_obtained":[{"floor":3,"key":"GhostInAJar"},{"floor":8,"key":"FearPotion"},{"floor":11,"key":"PowerPotion"}],"is_trial":false,"path_per_floor":["M","?","M","M","M","E","R","E","T","$","M","M"],"character_chosen":"THE_SILENT","items_purchased":["Vajra","Dodge and Roll"],"campfire_rested":1,"item_purchase_floors":[10,10],"current_hp_per_floor":[63,49,49,49,49,21,42,12,12,12,12,3,0],"gold":33,"neow_bonus":"THREE_CARDS","is_prod":false,"is_daily":false,"chose_seed":false,"campfire_upgraded":0,"win_rate":0,"timestamp":1532468776,"path_taken":["M","?","M","M","M","E","R","E","T","$","M","M","E"],"build_version":"2018-07-19v2","purchased_purges":0,"victory":false,"max_hp_per_floor":[70,70,70,70,70,70,70,70,70,70,70,70,70],"card_choices":[{"not_picked":["Sucker Punch","Outmaneuver"],"picked":"Flying Knee","floor":0},{"not_picked":["Sucker Punch","Acrobatics"],"picked":"Underhanded Strike","floor":1},{"not_picked":["Sucker Punch","Dodge and Roll"],"picked":"Riddle With Holes","floor":3},{"not_picked":["Setup","Burst"],"picked":"Cloak And Dagger","floor":4},{"not_picked":["Flechettes","Outmaneuver","Sucker Punch"],"picked":"SKIP","floor":5},{"not_picked":["Corpse Explosion","Deadly Poison","Flechettes"],"picked":"SKIP","floor":6},{"not_picked":["Sucker Punch","Slice"],"picked":"Leg Sweep","floor":8},{"not_picked":["Slice","PiercingWail"],"picked":"Cloak And Dagger","floor":11},{"not_picked":["Setup","Flying Knee","Masterful Stab"],"picked":"SKIP","floor":11},{"not_picked":["Dagger Throw","Acrobatics"],"picked":"Blur","floor":12},{"not_picked":["Escape Plan","Deflect"],"picked":"Dagger Spray","floor":12}],"player_experience":460044,"relics_obtained":[{"floor":6,"key":"Anchor"},{"floor":8,"key":"Prayer Wheel"},{"floor":9,"key":"Sundial"}],"event_choices":[{"event_name":"Shining Light","player_choice":"Entered Light","floor":2,"damage_taken":0}],"is_beta":false,"boss_relics":[],"items_purged_floors":[],"is_endless":false,"potions_floor_spawned":[3,8,11],"killed_by":"Gremlin Nob","ascension_level":10}