{"gold_per_floor":[114,114,125,19,19,19,50,50,50,79,96,26,26,51,51,156,156,167,180,37,49,49,80,80,106,129,129,129,145,172,188,188,287,287,299,97,107,121,131,131,160,160,160,171,171,183,183,216,216,216],"floor_reached":51,"playtime":7771,"items_purged":["Strike_G","Strike_G"],"score":1209,"play_id":"2143738c-4e26-4274-a013-e6a949985e5c","local_time":"20180728203148","is_ascension_mode":true,"campfire_choices":[{"data":"Leg Sweep","floor":6,"key":"SMITH"},{"data":"Neutralize","floor":8,"key":"SMITH"},{"data":"Noxious Fumes","floor":15,"key":"SMITH"},{"floor":24,"key":"REST"},{"floor":32,"key":"REST"},{"floor":40,"key":"REST"},{"floor":42,"key":"REST"},{"floor":47,"key":"REST"},{"floor":49,"key":"REST"}],"neow_cost":"NONE","seed_source_timestamp":894980211903916,"circlet_count":0,"master_deck":["Defend_G","Defend_G","Defend_G","Defend_G","Defend_G","Strike_G","Strike_G","Survivor","Neutralize+1","AscendersBane","Flying Knee","Leg Sweep+1","Slice","Quick Slash+1","Noxious Fumes+1","Adrenaline","Backstab+1","Riddle With Holes+1","Well Laid Plans","PiercingWail+1","Flash of Steel","Dodge and Roll","Dagger Throw","Infinite Blades","Deadly Poison","Envenom","Bouncing Flask+1","Cloak And Dagger","Blur+1","Cloak And Dagger","Dagger Spray+1","Acrobatics+1","Cloak And Dagger+1","Acrobatics+1"],"relics":["Ring of the Snake","NeowsBlessing","Oddly Smooth Stone","Mercury Hourglass","Darkstone Periapt","Centennial Puzzle","Fusion Hammer","Blood Vial","Strawberry","Lantern","Pantograph","Kunai","White Beast Statue","Mango","Pear","Incense Burner"],"potions_floor_usage":[25,25,33,33,38,41,41,50,50],"damage_taken":[{"damage":0,"enemies":"2 Louse","floor":1,"turns":1},{"damage":0,"enemies":"Cultist","floor":3,"turns":1},{"damage":0,"enemies":"Gremlin Nob","floor":7,"turns":1},{"damage":6,"enemies":"3 Sentries","floor":10,"turns":7},{"damage":0,"enemies":"Small Slimes","floor":11,"turns":3},{"damage":22,"enemies":"The Guardian","floor":16,"turns":11},{"damage":5,"enemies":"Spheric Guardian","floor":18,"turns":5},{"damage":0,"enemies":"Shell Parasite","floor":19,"turns":6},{"damage":3,"enemies":"Centurion and Healer","floor":21,"turns":5},{"damage":7,"enemies":"Gremlin Leader","floor":23,"turns":9},{"damage":8,"enemies":"Slavers","floor":25,"turns":5},{"damage":3,"enemies":"Chosen and Byrds","floor":29,"turns":5},{"damage":1,"enemies":"Book of Stabbing","floor":30,"turns":6},{"damage":8,"enemies":"Snake Plant","floor":31,"turns":5},{"damage":8,"enemies":"Automaton","floor":33,"turns":10},{"damage":4,"enemies":"Orb Walker","floor":35,"turns":3},{"damage":2,"enemies":"3 Darklings","floor":37,"turns":5},{"damage":21,"enemies":"Spire Growth","floor":38,"turns":6},{"damage":0,"enemies":"Flame Bruiser 2 Orb","floor":39,"turns":7},{"damage":7,"enemies":"2 Orb Walkers","floor":41,"turns":5},{"damage":8,"enemies":"Sphere and 2 Shapes","floor":44,"turns":5},{"damage":9,"enemies":"Maw","floor":46,"turns":9},{"damage":10,"enemies":"Nemesis","floor":48,"turns":7},{"damage":15,"enemies":"Awakened One","floor":50,"turns":17}],"seed_played":"-6899557614401463808","potions_obtained":[{"floor":3,"key":"FearPotion"},{"floor":5,"key":"Block Potion"},{"floor":25,"key":"SkillPotion"},{"floor":30,"key":"Ancient Potion"},{"floor":35,"key":"Dexterity Potion"},{"floor":38,"key":"Weak Potion"},{"floor":39,"key":"FearPotion"},{"floor":41,"key":"Block Potion"},{"floor":44,"key":"SkillPotion"}],"is_trial":false,"path_per_floor":["M","?","M","$","?","R","E","R","T","E","M","$","?","T","R","B",null,"M","M","$","M","?","E","R","E","T","?","?","M","E","M","R","B",null,"M","$","M","M","M","R","E","R","T","M","?","M","R","E","R","B"],"character_chosen":"THE_SILENT","items_purchased":["Leg Sweep","Slice","Noxious Fumes","Well Laid Plans","Cloak And Dagger","Block Potion"],"campfire_rested":6,"item_purchase_floors":[4,4,12,20,36,36],"current_hp_per_floor":[63,56,56,56,56,56,56,56,56,50,50,50,50,50,50,28,60,55,55,55,52,52,45,66,67,67,67,67,66,67,61,77,69,75,73,73,73,54,56,77,84,91,101,93,93,86,101,91,101,86],"gold":216,"neow_bonus":"THREE_ENEMY_KILL","is_prod":false,"is_daily":false,"chose_seed":false,"campfire_upgraded":3,"win_rate":0,"timestamp":1532806308,"path_taken":["M","?","?","$","?","R","E","R","T","E","M","?","?","?","R","BOSS","M","M","$","M","?","E","R","E","T","?","?","M","E","M","R","BOSS","M","$","M","M","M","R","E","R","T","M","?","M","R","E","R","BOSS"],"build_version":"2018-07-26","purchased_purges":2,"victory":true,"max_hp_per_floor":[70,70,70,70,70,70,70,70,70,70,70,70,70,70,70,70,70,70,70,70,70,70,70,70,77,77,77,77,77,77,77,77,77,77,77,77,77,77,77,77,91,91,101,101,101,101,101,101,101,101],"card_choices":[{"not_picked":["PiercingWail","Masterful Stab","Deadly Poison"],"picked":"SKIP","floor":1},{"not_picked":["Prepared","PiercingWail"],"picked":"Flying Knee","floor":3},{"not_picked":["Reflex","Crippling Poison","Concentrate"],"picked":"SKIP","floor":7},{"not_picked":["Backflip","Calculated Gamble"],"picked":"Quick Slash","floor":10},{"not_picked":["Concentrate","Heel Hook","Calculated Gamble"],"picked":"SKIP","floor":11},{"not_picked":["Corpse Explosion","Bullet Time"],"picked":"Adrenaline","floor":16},{"not_picked":["Deflect","Poisoned Stab"],"picked":"Backstab+1","floor":18},{"not_picked":["Bane","Acrobatics"],"picked":"Riddle With Holes+1","floor":19},{"not_picked":["Well Laid Plans+1","Prepared"],"picked":"PiercingWail+1","floor":21},{"not_picked":["Bane","Outmaneuver+1","Blade Dance"],"picked":"SKIP","floor":23},{"not_picked":["Finisher","Phantasmal Killer"],"picked":"Dodge and Roll","floor":25},{"not_picked":["Acrobatics+1","Skewer"],"picked":"Dagger Throw","floor":29},{"not_picked":["Bouncing Flask+1","Slice"],"picked":"Infinite Blades","floor":30},{"not_picked":["Dodge and Roll","Outmaneuver"],"picked":"Deadly Poison","floor":31},{"not_picked":["Venomology","Die Die Die"],"picked":"Envenom","floor":33},{"not_picked":["Sucker Punch","Outmaneuver"],"picked":"Bouncing Flask+1","floor":35},{"not_picked":["Riddle With Holes","All Out Attack+1"],"picked":"Blur+1","floor":37},{"not_picked":["Deflect+1","Crippling Poison+1"],"picked":"Cloak And Dagger","floor":38},{"not_picked":["All Out Attack+1","Calculated Gamble+1"],"picked":"Dagger Spray+1","floor":39},{"not_picked":["All Out Attack","Masterful Stab"],"picked":"Acrobatics+1","floor":41},{"not_picked":["Predator+1","Outmaneuver"],"picked":"Cloak And Dagger+1","floor":44},{"not_picked":["Well Laid Plans","Noxious Fumes"],"picked":"Acrobatics+1","floor":46},{"not_picked":["Dash","Sucker Punch","Accuracy"],"picked":"SKIP","floor":48}],"player_experience":496829,"relics_obtained":[{"floor":7,"key":"Oddly Smooth Stone"},{"floor":9,"key":"Mercury Hourglass"},{"floor":10,"key":"Darkstone Periapt"},{"floor":14,"key":"Centennial Puzzle"},{"floor":23,"key":"Blood Vial"},{"floor":25,"key":"Strawberry"},{"floor":26,"key":"Lantern"},{"floor":30,"key":"Kunai"},{"floor":41,"key":"Mango"},{"floor":43,"key":"Pear"},{"floor":48,"key":"Incense Burner"}],"event_choices":[{"event_name":"Golden Wing","player_choice":"Card Removal","floor":2,"damage_taken":0},{"event_name":"The Lab","player_choice":"Got Potions","floor":5,"damage_taken":0},{"event_name":"The Cleric","player_choice":"Leave","floor":13,"damage_taken":0},{"event_name":"Match and Keep!","player_choice":"1 cards matched","floor":22,"damage_taken":0},{"event_name":"Accursed Blacksmith","player_choice":"Forge","floor":27,"damage_taken":0},{"event_name":"WeMeetAgain","player_choice":"Potion","floor":28,"damage_taken":0},{"event_name":"Match and Keep!","player_choice":"0 cards matched","floor":45,"damage_taken":0}],"is_beta":false,"boss_relics":[{"not_picked":["Busted Crown","Eternal Feather"],"picked":"Fusion Hammer"},{"not_picked":["Runic Dome","Snecko Eye"],"picked":"White Beast Statue"}],"items_purged_floors":[20,36],"is_endless":false,"potions_floor_spawned":[3,7,21,23,25,30,35,37,38,39,41,44,46,48],"ascension_level":11}