{"gold_per_floor":[110,121,137,137,157,157,191,191,218,230,230,242,262,276,276,377,377,377],"floor_reached":18,"playtime":1251,"items_purged":[],"score":232,"play_id":"b68af992-eca4-42f8-9531-ca958dc9cb64","local_time":"20180721225415","is_ascension_mode":true,"campfire_choices":[{"data":"Dagger Throw","floor":6,"key":"SMITH"},{"floor":11,"key":"REST"},{"floor":15,"key":"REST"}],"neow_cost":"NONE","seed_source_timestamp":305237903594227,"circlet_count":0,"master_deck":["Survivor","Neutralize+1","Cloak And Dagger+1","Dagger Throw","Dagger Throw+1","Caltrops","Underhanded Strike","Cloak And Dagger","Leg Sweep","Tools of the Trade","Sucker Punch","PiercingWail","Flying Knee","Dagger Spray","Dagger Spray","Bouncing Flask","Dagger Spray","Dagger Throw","Outmaneuver"],"relics":["Ring of the Snake","Bag of Preparation","Omamori","Pandora\u0027s Box"],"potions_floor_usage":[5,16,16],"damage_taken":[{"damage":0,"enemies":"Cultist","floor":1,"turns":3},{"damage":5,"enemies":"Small Slimes","floor":2,"turns":5},{"damage":0,"enemies":"2 Louse","floor":3,"turns":2},{"damage":5,"enemies":"Exordium Thugs","floor":5,"turns":5},{"damage":27,"enemies":"Lagavulin","floor":7,"turns":8},{"damage":5,"enemies":"3 Louse","floor":10,"turns":3},{"damage":0,"enemies":"Red Slaver","floor":12,"turns":4},{"damage":17,"enemies":"Gremlin Gang","floor":13,"turns":4},{"damage":0,"enemies":"Exordium Thugs","floor":14,"turns":3},{"damage":19,"enemies":"Hexaghost","floor":16,"turns":9},{"damage":0,"enemies":"Chosen","floor":18,"turns":1}],"seed_played":"773687640345993391","potions_obtained":[{"floor":2,"key":"LiquidBronze"},{"floor":3,"key":"AttackPotion"},{"floor":7,"key":"Energy Potion"},{"floor":12,"key":"Ancient Potion"}],"is_trial":false,"path_per_floor":["M","M","M","?","M","R","E","?","T","M","R","M","M","M","R","B",null],"character_chosen":"THE_SILENT","items_purchased":[],"campfire_rested":2,"item_purchase_floors":[],"current_hp_per_floor":[63,58,58,58,53,53,26,26,26,21,42,42,25,25,46,27,59,59],"gold":377,"neow_bonus":"UPGRADE_CARD","is_prod":false,"is_daily":false,"chose_seed":false,"campfire_upgraded":1,"win_rate":0,"timestamp":1532210055,"path_taken":["M","M","M","?","?","R","E","?","T","M","R","M","M","M","R","BOSS","M"],"build_version":"2018-07-19v2","purchased_purges":0,"victory":false,"max_hp_per_floor":[70,70,70,70,70,70,70,70,70,70,70,70,70,70,70,70,70,70],"card_choices":[{"not_picked":["Backflip","Crippling Poison"],"picked":"Cloak And Dagger","floor":1},{"not_picked":["All Out Attack","Deadly Poison"],"picked":"Dagger Throw","floor":2},{"not_picked":["Sucker Punch","Calculated Gamble"],"picked":"Dagger Throw","floor":3},{"not_picked":["Outmaneuver","Flying Knee","Quick Slash"],"picked":"SKIP","floor":5},{"not_picked":["Quick Slash","Sucker Punch","Flying Knee"],"picked":"SKIP","floor":7},{"not_picked":["Prepared","Flying Knee","Poisoned Stab"],"picked":"SKIP","floor":10},{"not_picked":["Dagger Throw","Prepared"],"picked":"Underhanded Strike","floor":12},{"not_picked":["PiercingWail","Flechettes"],"picked":"Cloak And Dagger","floor":13},{"not_picked":["All Out Attack","Bane"],"picked":"Leg Sweep","floor":14},{"not_picked":["Night Terror","Doppelganger"],"picked":"Tools of the Trade","floor":16}],"player_experience":403649,"relics_obtained":[{"floor":7,"key":"Bag of Preparation"},{"floor":9,"key":"Omamori"}],"event_choices":[{"event_name":"Accursed Blacksmith","player_choice":"Forge","floor":4,"damage_taken":0},{"event_name":"Transmorgrifier","player_choice":"Transform","floor":8,"damage_taken":0}],"is_beta":false,"boss_relics":[{"not_picked":["HoveringKite","Runic Dome"],"picked":"Pandora\u0027s Box"}],"items_purged_floors":[],"is_endless":false,"potions_floor_spawned":[2,3,7,12],"killed_by":"Chosen","ascension_level":8}