{"gold_per_floor":[118,137,98,98,26,26,26,70,118,118,118,43,86,110,110,231,231,244,163,178,199,220,220,239,239,266,266,289,289,314,339,339,468,468,483,499,599,599,612,612,631,646,646,646,350,350,364,15,15,15],"floor_reached":50,"playtime":7944,"items_purged":["Strike_G","Slice"],"score":638,"play_id":"64a43806-b43c-4a29-9644-21eee611654a","local_time":"20180720204412","is_ascension_mode":true,"campfire_choices":[{"data":"Neutralize","floor":6.0,"key":"SMITH"},{"floor":11.0,"key":"REST"},{"floor":15.0,"key":"REST"},{"floor":23,"key":"REST"},{"floor":27,"key":"REST"},{"data":"Noxious Fumes","floor":32,"key":"SMITH"},{"floor":40,"key":"REST"},{"floor":46,"key":"REST"},{"floor":49,"key":"REST"}],"neow_cost":"NONE","seed_source_timestamp":0,"circlet_count":0,"master_deck":["Defend_G+1","Defend_G+1","Defend_G+1","Defend_G+1","Defend_G+1","Strike_G+1","Survivor","Neutralize+1","Malaise","Backflip+1","Escape Plan","Noxious Fumes+1","Backstab+1","After Image","Leg Sweep","PiercingWail","Cloak And Dagger+1","Dagger Spray+1","Footwork","Noxious Fumes","Backflip","Backstab","Cloak And Dagger+1","Outmaneuver+1","Bouncing Flask+1","Escape Plan","Backflip","Deflect+1","Dodge and Roll+1","Writhe","Backflip"],"special_seed":0,"relics":["Ring of the Snake","Golden Idol","Regal Pillow","Bag of Marbles","Whetstone","Orrery","Bronze Scales","Astrolabe","Matryoshka","Lantern","ClockworkSouvenir","War Paint"],"potions_floor_usage":[22,35,42,42,42,50],"damage_taken":[{"damage":4.0,"enemies":"Jaw Worm","floor":1.0,"turns":4.0},{"damage":1.0,"enemies":"2 Louse","floor":2.0,"turns":3.0},{"damage":10.0,"enemies":"3 Sentries","floor":8.0,"turns":9.0},{"damage":15.0,"enemies":"Lagavulin","floor":13.0,"turns":7.0},{"damage":0.0,"enemies":"Small Slimes","floor":14.0,"turns":1.0},{"damage":51.0,"enemies":"Slime Boss","floor":16.0,"turns":13.0},{"damage":9,"enemies":"Chosen","floor":18,"turns":7},{"damage":5,"enemies":"Spheric Guardian","floor":20,"turns":8},{"damage":12,"enemies":"Snecko","floor":21,"turns":8},{"damage":26,"enemies":"Snake Plant","floor":22,"turns":4},{"damage":20,"enemies":"Sentry and Sphere","floor":24,"turns":6},{"damage":20,"enemies":"Slaver and Parasite","floor":28,"turns":7},{"damage":3,"enemies":"Centurion and Healer","floor":30,"turns":7},{"damage":6,"enemies":"Snake Plant","floor":31,"turns":4},{"damage":36,"enemies":"Automaton","floor":33,"turns":11},{"damage":6,"enemies":"3 Darklings","floor":35,"turns":6},{"damage":11,"enemies":"Flame Bruiser 1 Orb","floor":36,"turns":9},{"damage":11,"enemies":"Maw","floor":39,"turns":9},{"damage":17,"enemies":"3 Darklings","floor":41,"turns":7},{"damage":39,"enemies":"Transient","floor":42,"turns":5},{"damage":23,"enemies":"Flame Bruiser 2 Orb","floor":47,"turns":7},{"damage":78,"enemies":"Awakened One","floor":50,"turns":22}],"seed_played":"4241861458728808827","potions_obtained":[{"floor":2.0,"key":"SkillPotion"},{"floor":21,"key":"Poison Potion"},{"floor":22,"key":"GamblersBrew"},{"floor":28,"key":"GhostInAJar"},{"floor":36,"key":"Energy Potion"},{"floor":41,"key":"Poison Potion"},{"floor":47,"key":"Poison Potion"}],"is_trial":false,"path_per_floor":["M","M","$","?","$","R","?","E","T","?","R","$","E","M","R","B",null,"M","$","M","M","M","R","M","?","T","R","M","?","M","M","R","B",null,"M","M","?","?","M","R","M","M","T","?","$","R","M","$","R"],"character_chosen":"THE_SILENT","items_purchased":["Noxious Fumes","Backstab","Footwork","Lantern","Backflip","ClockworkSouvenir","War Paint"],"campfire_rested":7,"item_purchase_floors":[3,5,19,45,45,48,48],"current_hp_per_floor":[59,58,58,41,41,41,34,24,24,10,46,46,31,31,67,16,57,48,48,43,31,5,41,21,21,21,57,37,60,57,51,51,15,56,50,39,39,39,28,64,47,8,8,26,26,62,39,39,70,0],"gold":15,"neow_bonus":"ONE_RANDOM_RARE_CARD","is_prod":false,"is_daily":false,"chose_seed":false,"campfire_upgraded":2,"win_rate":0,"timestamp":1532115852,"path_taken":["M","M","$","?","$","R","?","E","T","?","R","?","E","M","R","BOSS","M","$","M","M","M","R","M","?","T","R","M","?","M","M","R","BOSS","M","M","?","?","M","R","M","M","T","?","$","R","M","?","R","BOSS"],"build_version":"2018-07-19v2","purchased_purges":2,"victory":false,"max_hp_per_floor":[70,70,70,70,70,70,70,70,70,70,70,70,70,70,70,70,70,70,70,70,70,70,70,70,70,70,70,70,70,70,70,70,70,70,70,70,70,70,70,70,70,70,70,70,70,70,70,70,70,70],"card_choices":[{"not_picked":["Reflex","Calculated Gamble"],"picked":"Backflip","floor":1.0},{"not_picked":["Poisoned Stab","Acrobatics"],"picked":"Escape Plan","floor":2.0},{"not_picked":["Acrobatics","Blade Dance"],"picked":"Underhanded Strike","floor":8.0},{"not_picked":["Prepared","Dodge and Roll"],"picked":"Slice","floor":13.0},{"not_picked":["All Out Attack","Terror","Sucker Punch"],"picked":"SKIP","floor":14.0},{"not_picked":["Malaise","Doppelganger"],"picked":"After Image","floor":16.0},{"not_picked":["Backflip","Slice"],"picked":"Leg Sweep","floor":17.0},{"not_picked":["Sucker Punch","Slice"],"picked":"PiercingWail","floor":17.0},{"not_picked":["Heel Hook","Poisoned Stab"],"picked":"Cloak And Dagger","floor":17.0},{"not_picked":["Prepared","Terror"],"picked":"Dagger Spray+1","floor":18},{"not_picked":["Cloak And Dagger","Crippling Poison"],"picked":"Noxious Fumes","floor":20},{"not_picked":["Prepared","Calculated Gamble","Quick Slash"],"picked":"SKIP","floor":21},{"not_picked":["Noxious Fumes","Flechettes","Poisoned Stab"],"picked":"SKIP","floor":22},{"not_picked":["Prepared+1","Infinite Blades","Skewer"],"picked":"SKIP","floor":24},{"not_picked":["Storm of Steel","Tactician+1","Blade Dance"],"picked":"SKIP","floor":28},{"not_picked":["Dagger Throw","Skewer"],"picked":"Backflip","floor":30},{"not_picked":["Poisoned Stab","Expertise"],"picked":"Backstab","floor":31},{"not_picked":["Eviscerate","Sucker Punch+1"],"picked":"Escape Plan","floor":35},{"not_picked":["Expertise","All Out Attack+1","Dodge and Roll"],"picked":"SKIP","floor":36},{"not_picked":["Caltrops+1","Dagger Spray"],"picked":"Backflip","floor":39},{"not_picked":["Dagger Throw","Blade Dance"],"picked":"Deflect+1","floor":41},{"not_picked":["Acrobatics","Underhanded Strike"],"picked":"Dodge and Roll+1","floor":42},{"not_picked":["Masterful Stab+1","Underhanded Strike","Skewer"],"picked":"SKIP","floor":47}],"player_experience":378999,"relics_obtained":[{"floor":8.0,"key":"Regal Pillow"},{"floor":9.0,"key":"Bag of Marbles"},{"floor":13.0,"key":"Whetstone"},{"floor":26,"key":"Bronze Scales"},{"floor":43,"key":"Matryoshka"}],"event_choices":[{"event_name":"Golden Idol","player_choice":"Take Damage","floor":4.0,"damage_taken":0.0},{"event_name":"Golden Wing","player_choice":"Card Removal","floor":7.0,"damage_taken":0.0},{"event_name":"Shining Light","player_choice":"Entered Light","floor":10.0,"damage_taken":0.0},{"event_name":"Back to Basics","player_choice":"Simplicity","floor":25,"damage_taken":0},{"event_name":"The Library","player_choice":"Heal","floor":29,"damage_taken":0},{"event_name":"Golden Shrine","player_choice":"Pray","floor":37,"damage_taken":0},{"event_name":"Tomb of Lord Red Mask","player_choice":"Ignored","floor":38,"damage_taken":0},{"event_name":"Winding Halls","player_choice":"Writhe","floor":44,"damage_taken":0}],"is_beta":false,"boss_relics":[{"not_picked":["Coffee Dripper","White Beast Statue"],"picked":"Orrery"},{"not_picked":["Calling Bell","Runic Pyramid"],"picked":"Astrolabe"}],"items_purged_floors":[12,45],"is_endless":false,"potions_floor_spawned":[2,21,22,28,36,41,47],"killed_by":"Awakened One","ascension_level":7}