{"gold_per_floor":[111,111,121,49,49,49,66,66,122,47,47,47,59,88,88,192,192,178,178,178],"floor_reached":20,"playtime":2060,"items_purged":["Strike_G"],"score":272,"play_id":"46ddbabd-c3d9-4417-8e1b-5e1667f2d6b2","local_time":"20180730194733","is_ascension_mode":true,"campfire_choices":[{"data":"Neutralize","floor":6,"key":"SMITH"},{"data":"Cloak And Dagger","floor":8,"key":"SMITH"},{"floor":12,"key":"REST"},{"floor":15,"key":"REST"}],"neow_cost":"NONE","seed_source_timestamp":1070835546357401,"circlet_count":0,"master_deck":["Defend_G","Defend_G","Defend_G","Defend_G","Defend_G","Strike_G","Strike_G","Strike_G","Strike_G","Survivor","Neutralize+1","AscendersBane","Flying Knee","Infinite Blades+1","Dagger Spray","Leg Sweep+1","Cloak And Dagger+1","Backflip","Escape Plan","A Thousand Cuts","Deflect"],"relics":["Ring of the Snake","Tiny Chest","Smiling Mask","Turnip","Fusion Hammer","Nilry\u0027s Codex"],"potions_floor_usage":[],"damage_taken":[{"damage":6,"enemies":"Small Slimes","floor":1,"turns":5},{"damage":2,"enemies":"2 Louse","floor":3,"turns":4},{"damage":0,"enemies":"Jaw Worm","floor":7,"turns":4},{"damage":19,"enemies":"Gremlin Gang","floor":13,"turns":5},{"damage":8,"enemies":"3 Sentries","floor":14,"turns":9},{"damage":55,"enemies":"The Guardian","floor":16,"turns":19},{"damage":16,"enemies":"2 Thieves","floor":18,"turns":4},{"damage":23,"enemies":"Chosen","floor":20,"turns":5}],"seed_played":"-6114835208455822278","potions_obtained":[{"floor":1,"key":"Weak Potion"},{"floor":16,"key":"SneckoOil"},{"floor":18,"key":"Fire Potion"}],"is_trial":false,"path_per_floor":["M","?","M","$","?","R","M","R","T","$","T","R","M","E","R","B",null,"M","?"],"character_chosen":"THE_SILENT","items_purchased":["Leg Sweep"],"campfire_rested":2,"item_purchase_floors":[4],"current_hp_per_floor":[57,57,55,55,41,41,41,41,41,41,41,62,43,35,56,1,53,37,21,0],"gold":178,"neow_bonus":"THREE_CARDS","is_prod":false,"is_daily":false,"chose_seed":false,"campfire_upgraded":2,"win_rate":0,"timestamp":1532976453,"path_taken":["M","?","?","$","?","R","M","R","T","?","?","R","?","E","R","BOSS","M","?","M"],"build_version":"2018-07-26","purchased_purges":1,"victory":false,"max_hp_per_floor":[70,70,70,70,70,70,70,70,70,70,70,70,70,70,70,70,70,70,70,70],"card_choices":[{"not_picked":["Predator","Heel Hook"],"picked":"Flying Knee","floor":0},{"not_picked":["Poisoned Stab","Predator"],"picked":"Infinite Blades","floor":1},{"not_picked":["PiercingWail","All Out Attack"],"picked":"Dagger Spray","floor":3},{"not_picked":["Infinite Blades","Endless Agony"],"picked":"Cloak And Dagger","floor":7},{"not_picked":["Accuracy","Sucker Punch"],"picked":"Backflip","floor":13},{"not_picked":["PiercingWail","Quick Slash"],"picked":"Escape Plan","floor":14},{"not_picked":["Malaise","Tools of the Trade"],"picked":"A Thousand Cuts","floor":16},{"not_picked":["Outmaneuver","Prepared"],"picked":"Deflect","floor":18}],"player_experience":541950,"relics_obtained":[{"floor":9,"key":"Tiny Chest"},{"floor":11,"key":"Smiling Mask"},{"floor":14,"key":"Turnip"},{"floor":19,"key":"Nilry\u0027s Codex"}],"event_choices":[{"event_name":"The Cleric","player_choice":"Leave","floor":2,"damage_taken":0},{"event_name":"Shining Light","player_choice":"Entered Light","floor":5,"damage_taken":0},{"event_name":"Cursed Tome","player_choice":"Obtained Book","floor":19,"damage_taken":0}],"is_beta":false,"boss_relics":[{"not_picked":["Tiny House","Philosopher\u0027s Stone"],"picked":"Fusion Hammer"}],"items_purged_floors":[10],"is_endless":false,"potions_floor_spawned":[1,16,18],"killed_by":"Chosen","ascension_level":12}