{"gold_per_floor":[114,30,45,45,45,71,71,104,104,104,136,149,149,149,149,220,220,232,12,23,42,42,42,56,67,67,67,67,0,0,10,10,87,87,104,27,27,76,95,95,106,28,55,7,7,7,7,25,25,25],"floor_reached":51,"playtime":2858,"items_purged":["Strike_G"],"score":1157,"play_id":"831e6f69-8529-4994-9265-d2254d97b074","local_time":"20180731232351","is_ascension_mode":true,"campfire_choices":[{"data":"Neutralize","floor":7,"key":"SMITH"},{"data":"Noxious Fumes","floor":10,"key":"SMITH"},{"data":"Caltrops","floor":13,"key":"SMITH"},{"floor":15,"key":"REST"},{"floor":23,"key":"REST"},{"floor":27,"key":"REST"},{"floor":32,"key":"REST"},{"data":"A Thousand Cuts","floor":40,"key":"SMITH"},{"floor":45,"key":"REST"},{"data":"Noxious Fumes","floor":47,"key":"SMITH"},{"data":"Malaise","floor":49,"key":"SMITH"}],"neow_cost":"NONE","seed_source_timestamp":1169403734529110,"circlet_count":0,"master_deck":["Defend_G","Defend_G","Defend_G","Defend_G","Strike_G+1","Strike_G+1","Strike_G+1","Survivor+1","Neutralize+1","AscendersBane","Dagger Throw","Infinite Blades+1","Caltrops+1","Escape Plan","Noxious Fumes+1","Dodge and Roll+1","Dagger Spray","Malaise+1","Backflip","Noxious Fumes+1","Escape Plan","Crippling Poison","A Thousand Cuts+1","Acrobatics","Escape Plan","Backflip+1"],"relics":["Ring of the Snake","NeowsBlessing","StoneCalendar","Whetstone","Thread and Needle","Pantograph","War Paint","Philosopher\u0027s Stone","Question Card","Busted Crown","Bird Faced Urn","Anchor","Ginger"],"potions_floor_usage":[8,16,18,24,33,38,38,50,50],"damage_taken":[{"damage":0,"enemies":"2 Louse","floor":1,"turns":1},{"damage":0,"enemies":"Jaw Worm","floor":3,"turns":1},{"damage":0,"enemies":"3 Sentries","floor":6,"turns":1},{"damage":9,"enemies":"Lagavulin","floor":8,"turns":6},{"damage":3,"enemies":"3 Sentries","floor":11,"turns":6},{"damage":0,"enemies":"Cultist","floor":12,"turns":3},{"damage":0,"enemies":"Hexaghost","floor":16,"turns":9},{"damage":27,"enemies":"2 Thieves","floor":18,"turns":4},{"damage":7,"enemies":"Chosen","floor":20,"turns":7},{"damage":12,"enemies":"Snecko","floor":21,"turns":6},{"damage":15,"enemies":"Cultist and Chosen","floor":24,"turns":7},{"damage":25,"enemies":"Snake Plant","floor":25,"turns":5},{"damage":0,"enemies":"3 Cultists","floor":31,"turns":4},{"damage":22,"enemies":"Collector","floor":33,"turns":10},{"damage":0,"enemies":"3 Shapes","floor":35,"turns":4},{"damage":32,"floor":38,"turns":5},{"damage":8,"enemies":"Orb Walker","floor":39,"turns":4},{"damage":33,"enemies":"Transient","floor":41,"turns":5},{"damage":14,"floor":46,"turns":6},{"damage":0,"enemies":"4 Shapes","floor":48,"turns":3},{"damage":61,"enemies":"Awakened One","floor":50,"turns":14}],"seed_played":"-2826547473267977792","potions_obtained":[{"floor":6,"key":"FearPotion"},{"floor":16,"key":"Block Potion"},{"floor":20,"key":"SkillPotion"},{"floor":21,"key":"EssenceOfSteel"},{"floor":33,"key":"SkillPotion"}],"is_trial":false,"path_per_floor":["M","$","M","?","$","E","R","E","T","R","E","M","R","?","R","B",null,"M","$","M","M","?","R","M","M","T","R","?","?","$","M","R","B",null,"M","$","?","?","M","R","M","$","T","$","R","?","R","M","R","B"],"character_chosen":"THE_SILENT","items_purchased":["Infinite Blades","Dexterity Potion","Noxious Fumes","GhostInAJar","Regen Potion","EssenceOfSteel","Strength Potion"],"campfire_rested":5,"item_purchase_floors":[2,2,19,19,36,42,44],"current_hp_per_floor":[63,63,63,49,49,49,49,40,40,40,37,37,37,19,40,65,69,42,42,35,23,23,44,29,4,4,25,25,25,25,25,46,48,65,65,65,65,47,47,47,22,22,22,22,43,56,56,62,62,13],"gold":25,"neow_bonus":"THREE_ENEMY_KILL","is_prod":false,"is_daily":false,"chose_seed":false,"campfire_upgraded":6,"win_rate":0,"timestamp":1533075831,"path_taken":["M","$","M","?","?","E","R","E","T","R","E","?","R","?","R","BOSS","M","$","M","M","?","R","M","M","T","R","?","?","$","M","R","BOSS","M","?","?","?","M","R","M","$","T","$","R","?","R","M","R","BOSS"],"build_version":"2018-07-26","purchased_purges":1,"victory":true,"max_hp_per_floor":[70,70,70,70,70,70,70,70,70,70,70,70,70,70,70,70,70,70,70,70,70,70,70,70,70,70,70,70,70,70,70,70,70,70,70,70,70,70,70,70,70,70,70,70,70,70,70,70,70,70],"card_choices":[{"not_picked":["Quick Slash","PiercingWail"],"picked":"Dagger Throw","floor":1},{"not_picked":["Backflip","Dodge and Roll"],"picked":"Caltrops","floor":3},{"not_picked":["PiercingWail","Dagger Throw"],"picked":"Escape Plan","floor":6},{"not_picked":["Deadly Poison","Dodge and Roll"],"picked":"Noxious Fumes","floor":8},{"not_picked":["Poisoned Stab","Bouncing Flask"],"picked":"Dodge and Roll","floor":11},{"not_picked":["Prepared","Quick Slash"],"picked":"Dagger Spray","floor":12},{"not_picked":["Grand Finale","Unload"],"picked":"Malaise","floor":16},{"not_picked":["Choke","Poisoned Stab"],"picked":"Backflip","floor":18},{"not_picked":["Dodge and Roll","Flying Knee"],"picked":"Escape Plan","floor":20},{"not_picked":["Deflect","Eviscerate"],"picked":"Crippling Poison","floor":21},{"not_picked":["Bane","Crippling Poison","Underhanded Strike"],"picked":"SKIP","floor":24},{"not_picked":["Bane","Noxious Fumes","Underhanded Strike"],"picked":"SKIP","floor":25},{"not_picked":["Grand Finale","Endless Agony","Prepared","Dagger Throw"],"picked":"SKIP","floor":31},{"not_picked":["Phantasmal Killer","Unload","Corpse Explosion"],"picked":"A Thousand Cuts","floor":33},{"not_picked":["Concentrate"],"picked":"Acrobatics","floor":35},{"not_picked":["Slice"],"picked":"Escape Plan","floor":39},{"not_picked":["Expertise+1"],"picked":"Backflip+1","floor":41},{"not_picked":["Predator","Dodge and Roll"],"picked":"SKIP","floor":48}],"player_experience":564669,"relics_obtained":[{"floor":6,"key":"StoneCalendar"},{"floor":8,"key":"Whetstone"},{"floor":9,"key":"Thread and Needle"},{"floor":11,"key":"Pantograph"},{"floor":26,"key":"Question Card"},{"floor":38,"key":"Bird Faced Urn"},{"floor":43,"key":"Anchor"},{"floor":46,"key":"Ginger"}],"event_choices":[{"event_name":"Shining Light","player_choice":"Entered Light","floor":4,"damage_taken":0},{"event_name":"Scrap Ooze","player_choice":"success","floor":14,"damage_taken":18},{"event_name":"The Mausoleum","player_choice":"No","floor":22,"damage_taken":0},{"event_name":"Purifier","player_choice":"One Purge","floor":28,"damage_taken":0},{"event_name":"Masked Bandits","player_choice":"Paid Bandits 67 gold","floor":29,"damage_taken":0},{"event_name":"Falling","player_choice":"Removed Skill","floor":37,"damage_taken":0},{"event_name":"Mysterious Sphere","player_choice":"Fight","floor":38,"damage_taken":0},{"event_name":"MindBloom","player_choice":"Fight","floor":46,"damage_taken":0}],"is_beta":false,"boss_relics":[{"not_picked":["White Beast Statue","Calling Bell"],"picked":"Philosopher\u0027s Stone"},{"not_picked":["Runic Dome","Black Star"],"picked":"Busted Crown"}],"items_purged_floors":[19],"is_endless":false,"potions_floor_spawned":[6,16,20,21,33,46,48],"ascension_level":13}