{"gold_per_floor":[214,94,94,94,17,28,40,40,67,96,107,107,133,150,150,221,221,238,39,39,54,54],"floor_reached":22,"playtime":1165,"items_purged":["Strike_G"],"score":330,"play_id":"49785487-964a-4e2d-a423-a41b51a1a33b","local_time":"20180803091230","is_ascension_mode":true,"campfire_choices":[{"data":"Neutralize","floor":8,"key":"SMITH"},{"data":"Noxious Fumes","floor":12,"key":"SMITH"},{"data":"Crippling Poison","floor":15,"key":"SMITH"}],"neow_cost":"NONE","seed_source_timestamp":1379229006922808,"circlet_count":0,"master_deck":["Defend_G","Defend_G","Defend_G","Defend_G","Defend_G","Strike_G","Strike_G+1","Strike_G+1","Survivor","Neutralize+1","AscendersBane","Crippling Poison+1","Noxious Fumes+1","Deadly Poison","Deflect","Dagger Spray","Backstab","Glass Knife","Backstab","Dodge and Roll","Blur","Backflip"],"relics":["Ring of the Snake","Question Card","Happy Flower","Whetstone","Snake Skull","Philosopher\u0027s Stone","Nilry\u0027s Codex"],"potions_floor_usage":[10,16,16],"damage_taken":[{"damage":0,"enemies":"2 Louse","floor":1,"turns":5},{"damage":0,"enemies":"Small Slimes","floor":6,"turns":4},{"damage":0,"enemies":"Cultist","floor":7,"turns":4},{"damage":2,"enemies":"Lagavulin","floor":10,"turns":7},{"damage":10,"enemies":"Exordium Wildlife","floor":11,"turns":5},{"damage":15,"enemies":"3 Sentries","floor":13,"turns":6},{"damage":4,"enemies":"Looter","floor":14,"turns":3},{"damage":6,"enemies":"Hexaghost","floor":16,"turns":8},{"damage":8,"enemies":"3 Byrds","floor":18,"turns":4},{"damage":22,"enemies":"2 Thieves","floor":21,"turns":4},{"damage":22,"enemies":"Slaver and Parasite","floor":22,"turns":5}],"seed_played":"2336210867750002003","potions_obtained":[{"floor":10,"key":"Regen Potion"}],"is_trial":false,"path_per_floor":["M","$","?","T","$","M","M","R","T","E","M","R","E","M","R","B",null,"M","$","?","M"],"character_chosen":"THE_SILENT","items_purchased":["Noxious Fumes","Poison Potion","Regen Potion","Dodge and Roll","Blur"],"campfire_rested":0,"item_purchase_floors":[2,2,5,19,19],"current_hp_per_floor":[59,59,52,52,52,52,52,52,52,50,40,40,25,21,21,66,66,58,58,42,20,0],"gold":54,"neow_bonus":"HUNDRED_GOLD","is_prod":false,"is_daily":false,"chose_seed":false,"campfire_upgraded":3,"win_rate":0,"timestamp":1533283950,"path_taken":["M","$","?","?","?","M","M","R","T","E","M","R","E","M","R","BOSS","M","$","?","M","M"],"build_version":"2018-08-02","purchased_purges":1,"victory":false,"max_hp_per_floor":[66,66,66,66,66,66,66,66,66,66,66,66,66,66,66,66,66,66,66,66,66,66],"card_choices":[{"not_picked":["Bane","Blade Dance"],"picked":"Crippling Poison","floor":1},{"not_picked":["PiercingWail","Terror","Slice"],"picked":"Deadly Poison","floor":6},{"not_picked":["Backflip","Sucker Punch","Predator"],"picked":"Deflect","floor":7},{"not_picked":["Endless Agony","Doppelganger","Deadly Poison","Heel Hook"],"picked":"SKIP","floor":10},{"not_picked":["Masterful Stab","Endless Agony","Prepared"],"picked":"Dagger Spray","floor":11},{"not_picked":["Choke","Slice","PiercingWail"],"picked":"Backstab","floor":13},{"not_picked":["Deadly Poison","Bouncing Flask","Choke","Venomology"],"picked":"SKIP","floor":14},{"not_picked":["Doppelganger","Storm of Steel","Grand Finale"],"picked":"Glass Knife","floor":16},{"not_picked":["Noxious Fumes","Sucker Punch","Acrobatics+1"],"picked":"Backstab","floor":18},{"not_picked":["Heel Hook","Acrobatics","PiercingWail"],"picked":"Backflip","floor":21}],"player_experience":585850,"relics_obtained":[{"floor":4,"key":"Question Card"},{"floor":9,"key":"Happy Flower"},{"floor":10,"key":"Whetstone"},{"floor":13,"key":"Snake Skull"},{"floor":20,"key":"Nilry\u0027s Codex"}],"event_choices":[{"event_name":"Golden Wing","player_choice":"Card Removal","floor":3,"damage_taken":0},{"event_name":"Cursed Tome","player_choice":"Obtained Book","floor":20,"damage_taken":0}],"is_beta":false,"boss_relics":[{"not_picked":["WristBlade","Runic Dome"],"picked":"Philosopher\u0027s Stone"}],"items_purged_floors":[19],"is_endless":false,"potions_floor_spawned":[10,14],"killed_by":"Slaver and Parasite","ascension_level":14}