{"gold_per_floor":[111,32,32,32,42,42,75,75,75,75,105,117,131,53,53,129,129,139,139,139,157,157,157,168,198,198,198,217,217,217,62,62,62],"floor_reached":33,"playtime":1873,"items_purged":["Strike_G"],"score":518,"play_id":"cf3811d9-7695-4e20-b0db-7143d83d1b99","local_time":"20180817204135","is_ascension_mode":true,"campfire_choices":[{"data":"Neutralize","floor":6,"key":"SMITH"},{"data":"Quick Slash","floor":8,"key":"SMITH"},{"data":"PiercingWail","floor":10,"key":"SMITH"},{"data":"Footwork","floor":15,"key":"SMITH"},{"data":"Footwork","floor":23,"key":"SMITH"},{"floor":27,"key":"REST"},{"data":"Cloak And Dagger","floor":29,"key":"SMITH"},{"data":"Dodge and Roll","floor":32,"key":"SMITH"}],"neow_cost":"NONE","seed_source_timestamp":95457544317526,"circlet_count":0,"master_deck":["Defend_G","Defend_G+1","Defend_G","Defend_G","Defend_G","Strike_G","Strike_G","Strike_G","Strike_G","Survivor","Neutralize+1","AscendersBane","Quick Slash+1","Deflect+1","PiercingWail+1","Underhanded Strike+1","Footwork+1","Slice+1","Skewer+1","Glass Knife+1","Glass Knife+1","Cloak And Dagger+1","Footwork+1","Footwork+1","Dodge and Roll+1","Backflip","Leg Sweep"],"relics":["Ring of the Snake","NeowsBlessing","War Paint","Molten Egg 2","Gremlin Horn","Ornamental Fan","Sozu","Du-Vu Doll","Bottled Lightning"],"potions_floor_usage":[11,25],"damage_taken":[{"damage":0,"enemies":"Small Slimes","floor":1,"turns":1},{"damage":0,"enemies":"Cultist","floor":5,"turns":1},{"damage":0,"enemies":"3 Sentries","floor":7,"turns":1},{"damage":22,"enemies":"Gremlin Nob","floor":11,"turns":4},{"damage":0,"enemies":"2 Louse","floor":12,"turns":3},{"damage":1,"enemies":"Red Slaver","floor":13,"turns":5},{"damage":27,"enemies":"The Guardian","floor":16,"turns":13},{"damage":0,"enemies":"Chosen","floor":18,"turns":3},{"damage":0,"enemies":"3 Byrds","floor":21,"turns":6},{"damage":11,"enemies":"Snake Plant","floor":24,"turns":4},{"damage":19,"enemies":"Gremlin Leader","floor":25,"turns":11},{"damage":0,"enemies":"Snecko","floor":28,"turns":4},{"damage":42,"enemies":"Collector","floor":33,"turns":17}],"seed_played":"-6746578224425094734","potions_obtained":[{"floor":7,"key":"Poison Potion"},{"floor":16,"key":"Block Potion"}],"is_trial":false,"path_per_floor":["M","$","?","?","M","R","E","R","T","R","E","M","M","$","R","B",null,"M","?","?","M","?","R","M","E","T","R","M","R","?","$","R"],"character_chosen":"THE_SILENT","items_purchased":["Quick Slash","Deflect","Glass Knife+1","Leg Sweep"],"campfire_rested":1,"item_purchase_floors":[2,2,14,31],"current_hp_per_floor":[59,59,59,59,59,59,59,59,59,59,37,37,36,36,36,9,52,52,52,52,52,52,52,41,22,22,41,41,41,41,41,41,0],"gold":62,"neow_bonus":"THREE_ENEMY_KILL","is_prod":false,"is_daily":false,"chose_seed":false,"campfire_upgraded":7,"win_rate":0,"timestamp":1534534895,"path_taken":["M","$","?","?","M","R","E","R","T","R","E","?","M","$","R","BOSS","M","?","?","?","?","R","M","E","T","R","M","R","?","$","R","BOSS"],"build_version":"2018-08-16","purchased_purges":1,"victory":false,"max_hp_per_floor":[66,66,66,66,66,66,66,66,66,66,66,66,66,66,66,66,66,66,66,66,66,66,66,66,66,66,66,66,66,66,66,66,66],"card_choices":[{"not_picked":["Sucker Punch","Prepared"],"picked":"Flying Knee","floor":1},{"not_picked":["Underhanded Strike","Blade Dance"],"picked":"PiercingWail","floor":5},{"not_picked":["Masterful Stab","PiercingWail"],"picked":"Underhanded Strike","floor":7},{"not_picked":["Distraction","Dagger Spray+1"],"picked":"Footwork","floor":11},{"not_picked":["PiercingWail","Flechettes+1"],"picked":"Slice+1","floor":12},{"not_picked":["Concentrate","Footwork"],"picked":"Skewer+1","floor":13},{"not_picked":["Phantasmal Killer","Night Terror"],"picked":"Glass Knife+1","floor":16},{"not_picked":["Underhanded Strike+1","Accuracy"],"picked":"Cloak And Dagger","floor":18},{"not_picked":["Backflip","Predator+1"],"picked":"Dodge and Roll","floor":21},{"not_picked":["Skewer+1","Dagger Throw+1","Blade Dance"],"picked":"SKIP","floor":24},{"not_picked":["Heel Hook+1","Flying Knee+1"],"picked":"Backflip","floor":25},{"not_picked":["Flying Knee+1","Blade Dance+1","Outmaneuver"],"picked":"SKIP","floor":28}],"player_experience":631362,"relics_obtained":[{"floor":7,"key":"Molten Egg 2"},{"floor":9,"key":"Gremlin Horn"},{"floor":11,"key":"Ornamental Fan"},{"floor":25,"key":"Du-Vu Doll"},{"floor":26,"key":"Bottled Lightning"}],"event_choices":[{"event_name":"FaceTrader","player_choice":"Leave","floor":3,"damage_taken":0},{"event_name":"WeMeetAgain","player_choice":"Card","floor":4,"damage_taken":0},{"event_name":"Duplicator","player_choice":"One dupe","floor":19,"damage_taken":0},{"event_name":"The Library","player_choice":"Read","floor":20,"damage_taken":0},{"event_name":"Addict","player_choice":"Ignored","floor":22,"damage_taken":0},{"event_name":"Beggar","player_choice":"Ignored","floor":30,"damage_taken":0}],"is_beta":false,"boss_relics":[{"not_picked":["Busted Crown","Runic Pyramid"],"picked":"Sozu"}],"items_purged_floors":[31],"is_endless":false,"potions_floor_spawned":[7,16,21,25],"killed_by":"Collector","ascension_level":15}