{"gold_per_floor":[122,134,163,187,199,211,254,276,288,300,347,374,402,414,426,510,522,544,831,27,27,46,46,71,71,71,83,83,30,44,62,62,141,141,160,213,227,227,240,240,271,271,297,6,6,17,50,10,10,10],"floor_reached":51,"playtime":4266,"items_purged":["Regret","Strike_G"],"score":1340,"play_id":"f039932b-4c14-4e02-87c2-9ef26a7cbc5e","local_time":"20180817215314","is_ascension_mode":true,"campfire_choices":[{"data":"Neutralize","floor":6,"key":"SMITH"},{"floor":10,"key":"REST"},{"floor":15,"key":"REST"},{"data":"Envenom","floor":23,"key":"SMITH"},{"floor":28,"key":"REST"},{"floor":32,"key":"REST"},{"floor":40,"key":"REST"},{"floor":45,"key":"REST"},{"floor":49,"key":"REST"}],"neow_cost":"NONE","seed_source_timestamp":97345279533449,"circlet_count":0,"master_deck":["Defend_G","Defend_G","Defend_G","Defend_G","Defend_G","Survivor","Neutralize+1","AscendersBane","Flechettes","Flying Knee","Adrenaline","Dagger Spray","Dash","Cloak And Dagger+1","Finisher","Neutralize","Acrobatics+1","Envenom+1","Blade Dance+1","Storm of Steel+1","All Out Attack+1","Master of Strategy+1","Prepared+1","Deflect+1","Footwork+1","Backflip+1","PiercingWail+1","Envenom","Venomology+1","Acrobatics+1","Blade Dance+1","Concentrate+1","Cloak And Dagger+1","Cloak And Dagger+1","Accuracy","Finesse+1","Backflip+1","Well Laid Plans"],"relics":["Ring of the Snake","MawBank","Dream Catcher","Potion Belt","Toxic Egg 2","Astrolabe","Mummified Hand","Tough Bandages","Bronze Scales","Smiling Mask","Fusion Hammer","Incense Burner","Torii","Vajra","Calipers"],"potions_floor_usage":[3,7,16,16,24,33,33,33,33,37,39,41,42,46,46,50,50,50,50],"damage_taken":[{"damage":0,"enemies":"Small Slimes","floor":1,"turns":3},{"damage":9,"enemies":"2 Louse","floor":3,"turns":4},{"damage":0,"enemies":"Jaw Worm","floor":4,"turns":5},{"damage":17,"enemies":"3 Sentries","floor":7,"turns":11},{"damage":2,"enemies":"Red Slaver","floor":8,"turns":3},{"damage":20,"enemies":"Lagavulin","floor":11,"turns":7},{"damage":1,"enemies":"2 Fungi Beasts","floor":12,"turns":4},{"damage":6,"enemies":"Gremlin Gang","floor":13,"turns":4},{"damage":34,"enemies":"The Guardian","floor":16,"turns":18},{"damage":0,"enemies":"Spheric Guardian","floor":18,"turns":3},{"damage":0,"enemies":"3 Byrds","floor":22,"turns":3},{"damage":13,"enemies":"Slavers","floor":24,"turns":5},{"damage":2,"enemies":"Cultist and Chosen","floor":27,"turns":4},{"damage":0,"enemies":"Snecko","floor":30,"turns":4},{"damage":0,"enemies":"3 Cultists","floor":31,"turns":4},{"damage":40,"enemies":"Collector","floor":33,"turns":10},{"damage":0,"enemies":"3 Shapes","floor":35,"turns":5},{"damage":4,"floor":36,"turns":6},{"damage":0,"enemies":"Flame Bruiser 1 Orb","floor":37,"turns":5},{"damage":0,"enemies":"Transient","floor":39,"turns":5},{"damage":22,"enemies":"Giant Head","floor":41,"turns":9},{"damage":0,"enemies":"3 Darklings","floor":42,"turns":4},{"damage":22,"enemies":"Flame Bruiser 2 Orb","floor":46,"turns":5},{"damage":0,"enemies":"2 Orb Walkers","floor":47,"turns":3},{"damage":2,"enemies":"Donu and Deca","floor":50,"turns":10}],"seed_played":"-2560520345683345168","potions_obtained":[{"floor":1,"key":"AttackPotion"},{"floor":3,"key":"Dexterity Potion"},{"floor":5,"key":"SteroidPotion"},{"floor":12,"key":"SpeedPotion"},{"floor":16,"key":"Swift Potion"},{"floor":18,"key":"Weak Potion"},{"floor":27,"key":"SteroidPotion"},{"floor":30,"key":"AttackPotion"},{"floor":31,"key":"LiquidBronze"},{"floor":36,"key":"Regen Potion"},{"floor":37,"key":"PowerPotion"},{"floor":41,"key":"Poison Potion"},{"floor":46,"key":"Block Potion"}],"is_trial":false,"path_per_floor":["M","?","M","M","?","R","E","M","T","R","E","M","M","?","R","B",null,"M","?","$","?","M","R","E","?","T","M","R","$","M","M","R","B",null,"M","?","M","?","M","R","E","M","T","$","R","M","E","$","R","B"],"character_chosen":"THE_SILENT","items_purchased":["Mummified Hand","Master of Strategy+1","Tough Bandages","Backflip+1","Accuracy","Finesse+1","Regen Potion","Well Laid Plans"],"campfire_rested":7,"item_purchase_floors":[20,20,20,29,44,44,44,48],"current_hp_per_floor":[59,52,43,43,43,43,26,24,24,43,23,22,16,16,35,1,50,50,50,50,50,50,50,37,19,19,17,38,38,38,38,59,19,58,58,54,68,68,68,71,49,49,49,49,70,56,56,56,71,69],"gold":10,"neow_bonus":"RANDOM_COMMON_RELIC","is_prod":false,"is_daily":false,"chose_seed":false,"campfire_upgraded":2,"win_rate":0,"timestamp":1534539194,"path_taken":["M","?","M","M","?","R","E","M","T","R","E","M","?","?","R","BOSS","M","?","$","?","M","R","E","?","T","?","R","?","M","M","R","BOSS","M","?","M","?","M","R","E","M","T","?","R","M","E","$","R","BOSS"],"build_version":"2018-08-16","purchased_purges":2,"victory":true,"max_hp_per_floor":[66,66,66,66,66,66,66,66,66,66,66,66,66,66,66,66,66,66,66,66,66,66,66,66,71,71,71,71,71,71,71,71,71,71,71,71,71,71,71,71,71,71,71,71,71,71,71,71,71,71],"card_choices":[{"not_picked":["Blur","Acrobatics"],"picked":"Flechettes","floor":1},{"not_picked":["Underhanded Strike","Acrobatics"],"picked":"Flying Knee","floor":3},{"not_picked":["Dodge and Roll","Cloak And Dagger"],"picked":"Adrenaline","floor":4},{"not_picked":["Grand Finale","Acrobatics"],"picked":"Dagger Spray","floor":7},{"not_picked":["Bane","Outmaneuver","Expertise"],"picked":"SKIP","floor":8},{"not_picked":["Slice","Deflect"],"picked":"Dash","floor":10},{"not_picked":["Dagger Spray","Accuracy","Phantasmal Killer"],"picked":"SKIP","floor":11},{"not_picked":["Acrobatics+1","Dash"],"picked":"Cloak And Dagger+1","floor":12},{"not_picked":["Flying Knee","Underhanded Strike"],"picked":"Finisher","floor":13},{"not_picked":["Endless Agony","Slice"],"picked":"Acrobatics+1","floor":15},{"not_picked":["Doppelganger+1","Storm of Steel+1"],"picked":"Envenom","floor":16},{"not_picked":["Terror+1","Skewer","Outmaneuver+1"],"picked":"SKIP","floor":18},{"not_picked":["Underhanded Strike","Terror+1"],"picked":"Prepared+1","floor":22},{"not_picked":["Prepared+1","Crippling Poison+1"],"picked":"Deflect+1","floor":24},{"not_picked":["Underhanded Strike","Sucker Punch","Finisher"],"picked":"SKIP","floor":27},{"not_picked":["Flying Knee","All Out Attack"],"picked":"Footwork","floor":28},{"not_picked":["Wraith Form v2","Finisher","Outmaneuver+1"],"picked":"SKIP","floor":30},{"not_picked":["Deflect+1","Sucker Punch"],"picked":"PiercingWail+1","floor":31},{"not_picked":["Bane","Blade Dance+1"],"picked":"Envenom","floor":32},{"not_picked":["Unload","Phantasmal Killer+1"],"picked":"Venomology+1","floor":33},{"not_picked":["Dagger Spray","Backstab+1"],"picked":"Acrobatics+1","floor":35},{"not_picked":["Accuracy","Dagger Spray"],"picked":"Blade Dance+1","floor":36},{"not_picked":["Slice+1","PiercingWail+1"],"picked":"Concentrate+1","floor":37},{"not_picked":["Quick Slash","Terror+1"],"picked":"Cloak And Dagger+1","floor":39},{"not_picked":["Blade Dance+1","Prepared+1"],"picked":"Cloak And Dagger+1","floor":40},{"not_picked":["Choke","Endless Agony","Prepared+1"],"picked":"SKIP","floor":41},{"not_picked":["Endless Agony+1","Deadly Poison+1"],"picked":"Backflip+1","floor":46},{"not_picked":["PiercingWail+1","Bane+1","Eviscerate"],"picked":"SKIP","floor":47}],"player_experience":633235,"relics_obtained":[{"floor":7,"key":"Dream Catcher"},{"floor":9,"key":"Potion Belt"},{"floor":11,"key":"Toxic Egg 2"},{"floor":24,"key":"Bronze Scales"},{"floor":26,"key":"Smiling Mask"},{"floor":36,"key":"Incense Burner"},{"floor":41,"key":"Torii"},{"floor":43,"key":"Vajra"},{"floor":47,"key":"Calipers"}],"event_choices":[{"event_name":"Golden Wing","player_choice":"Card Removal","floor":2,"damage_taken":0},{"event_name":"The Lab","player_choice":"Got Potions","floor":5,"damage_taken":0},{"event_name":"Match and Keep!","player_choice":"1 cards matched","floor":14,"damage_taken":0},{"event_name":"Golden Shrine","player_choice":"Desecrate","floor":19,"damage_taken":0},{"event_name":"Beggar","player_choice":"Ignored","floor":21,"damage_taken":0},{"event_name":"Forgotten Altar","player_choice":"Shed Blood","floor":25,"damage_taken":0},{"event_name":"Mysterious Sphere","player_choice":"Fight","floor":36,"damage_taken":0},{"event_name":"Upgrade Shrine","player_choice":"Upgraded","floor":38,"damage_taken":0}],"is_beta":false,"boss_relics":[{"not_picked":["Snecko Eye","Pandora\u0027s Box"],"picked":"Astrolabe"},{"not_picked":["Empty Cage","White Beast Statue"],"picked":"Fusion Hammer"}],"items_purged_floors":[20,44],"is_endless":false,"potions_floor_spawned":[1,3,12,16,18,27,30,31,36,37,41,46],"ascension_level":15}