{"gold_per_floor":[367,386,15,0,0,0,28,28,28,53,69,89,89,89,89,161,211,227,247,247,297,109,136,136,186,186,186,186,213,13,46,46,125,125,142,92,92,0,11,11,43,53,132,232,251,268,37,37,37,37],"floor_reached":51,"playtime":4361,"items_purged":["Strike_G","Strike_G","Strike_G"],"score":1352,"play_id":"19c5ebd5-9856-4714-a59f-bd267deb4f4f","local_time":"20190103213142","is_ascension_mode":true,"campfire_choices":[{"floor":6,"key":"REST"},{"data":"Malaise","floor":13,"key":"SMITH"},{"floor":15,"key":"REST"},{"floor":24,"key":"REST"},{"floor":27,"key":"REST"},{"floor":32,"key":"REST"},{"data":"Malaise","floor":40,"key":"SMITH"},{"floor":49,"key":"REST"}],"neow_cost":"TEN_PERCENT_HP_LOSS","seed_source_timestamp":0,"circlet_count":0,"master_deck":["AscendersBane","Defend_G","Defend_G","Defend_G","Defend_G","Defend_G+1","Strike_G","Survivor","Neutralize","Leg Sweep","Infinite Blades","Accuracy+1","Blade Dance","Cloak And Dagger+1","Cloak And Dagger","Dash","Noxious Fumes+1","Malaise+1","Adrenaline","Dagger Spray+1","Blur","Deflect+1","Envenom+1","Well Laid Plans+1","Backflip","Cloak And Dagger","A Thousand Cuts+1","Malaise+1"],"special_seed":0,"relics":["Ring of the Snake","Frozen Egg 2","Ancient Tea Set","Smiling Mask","Prayer Wheel","Juzu Bracelet","Tiny House","Dodecahedron","Mummified Hand","Unceasing Top","Regal Pillow","Sozu","Red Mask","Ginger","Ninja Scroll","Nunchaku","Chemical X"],"potions_floor_usage":[10,23,31,33,45],"damage_taken":[{"damage":3,"enemies":"2 Louse","floor":1,"turns":3},{"damage":12,"enemies":"Jaw Worm","floor":2,"turns":9},{"damage":21,"enemies":"Gremlin Nob","floor":7,"turns":5},{"damage":5,"enemies":"3 Sentries","floor":10,"turns":7},{"damage":1,"enemies":"Small Slimes","floor":11,"turns":4},{"damage":0,"enemies":"Gremlin Gang","floor":12,"turns":4},{"damage":0,"enemies":"Hexaghost","floor":16,"turns":9},{"damage":13,"enemies":"2 Thieves","floor":18,"turns":4},{"damage":5,"enemies":"3 Byrds","floor":19,"turns":6},{"damage":24,"enemies":"Book of Stabbing","floor":23,"turns":7},{"damage":18,"enemies":"Gremlin Leader","floor":29,"turns":6},{"damage":18,"enemies":"Slavers","floor":31,"turns":7},{"damage":30,"enemies":"Automaton","floor":33,"turns":9},{"damage":0,"enemies":"3 Darklings","floor":35,"turns":3},{"damage":8,"enemies":"Orb Walker","floor":39,"turns":5},{"damage":9,"enemies":"Nemesis","floor":41,"turns":7},{"damage":0,"enemies":"Jaw Worm Horde","floor":42,"turns":3},{"damage":0,"enemies":"Mind Bloom Boss Battle","floor":44,"turns":6},{"damage":0,"enemies":"Transient","floor":45,"turns":5},{"damage":0,"enemies":"4 Shapes","floor":46,"turns":4},{"damage":12,"enemies":"Time Eater","floor":50,"turns":14}],"seed_played":"2918262681652407817","potions_obtained":[{"floor":7,"key":"GhostInAJar"},{"floor":10,"key":"EssenceOfSteel"},{"floor":17,"key":"SteroidPotion"},{"floor":18,"key":"SkillPotion"},{"floor":29,"key":"GhostInAJar"},{"floor":33,"key":"Energy Potion"}],"is_trial":false,"path_per_floor":["M","M","$","?","?","R","E","?","T","E","M","M","R","?","R","B",null,"M","M","?","?","$","E","R","?","T","R","?","E","$","E","R","B",null,"M","$","?","?","M","R","E","M","T","?","M","M","$","?","R","B",null],"character_chosen":"THE_SILENT","items_purchased":["Frozen Egg 2","Accuracy+1","Blade Dance","Well Laid Plans+1","Backflip","A Thousand Cuts+1","Chemical X"],"campfire_rested":6,"item_purchase_floors":[3,3,3,22,22,30,47],"current_hp_per_floor":[56,44,44,44,26,44,23,23,23,18,17,17,17,17,35,35,59,46,41,41,41,41,17,36,36,36,55,55,37,37,19,53,23,55,55,55,55,55,47,47,38,38,38,38,38,38,38,38,65,53],"gold":37,"neow_bonus":"TWO_FIFTY_GOLD","is_prod":false,"is_daily":false,"chose_seed":false,"campfire_upgraded":2,"win_rate":0,"timestamp":1546551102,"path_taken":["M","M","$","?","?","R","E","?","T","E","M","M","R","?","R","BOSS","M","M","?","?","?","E","R","?","T","R","?","E","$","E","R","BOSS","M","$","?","?","M","R","E","M","T","?","M","M","$","?","R","BOSS"],"build_version":"2018-12-20","purchased_purges":3,"victory":true,"max_hp_per_floor":[60,60,60,60,60,60,60,60,60,60,60,60,60,60,60,60,65,65,65,65,65,65,65,65,65,65,65,65,65,65,65,65,65,65,65,65,65,65,65,65,65,65,65,65,65,65,65,65,65,65],"card_choices":[{"not_picked":["Deflect","Backflip"],"picked":"Leg Sweep","floor":1},{"not_picked":["Slice","Underhanded Strike"],"picked":"Infinite Blades","floor":2},{"not_picked":["Masterful Stab","Quick Slash"],"picked":"Cloak And Dagger","floor":7},{"not_picked":["All Out Attack","Dagger Spray"],"picked":"Cloak And Dagger","floor":10},{"not_picked":["Grand Finale","Poisoned Stab"],"picked":"Dash","floor":11},{"not_picked":["Escape Plan","Finisher"],"picked":"All Out Attack","floor":11},{"not_picked":["Slice","Caltrops+1"],"picked":"Noxious Fumes+1","floor":12},{"not_picked":["Bane","Acrobatics"],"picked":"Malaise","floor":12},{"not_picked":["Wraith Form v2+1","Bullet Time"],"picked":"Adrenaline","floor":16},{"not_picked":["Choke","Slice"],"picked":"Dagger Spray+1","floor":18},{"not_picked":["Flying Knee","Backflip"],"picked":"Blur","floor":18},{"not_picked":["Deadly Poison","Prepared"],"picked":"Deflect+1","floor":19},{"not_picked":["Distraction","Reflex"],"picked":"Envenom+1","floor":19},{"not_picked":["Caltrops+1","Reflex","Bouncing Flask"],"picked":"SKIP","floor":23},{"not_picked":["Die Die Die","Slice"],"picked":"Cloak And Dagger","floor":29},{"not_picked":["Bouncing Flask+1","Dagger Spray"],"picked":"Malaise","floor":31},{"not_picked":["Riddle With Holes+1","Poisoned Stab","Cloak And Dagger"],"picked":"SKIP","floor":35},{"not_picked":["Masterful Stab","Heel Hook","Slice+1"],"picked":"SKIP","floor":35},{"not_picked":["Heel Hook","Endless Agony+1","Well Laid Plans+1"],"picked":"SKIP","floor":39},{"not_picked":["Calculated Gamble","Cloak And Dagger","Bouncing Flask+1"],"picked":"SKIP","floor":39},{"not_picked":["Flying Knee","Burst","Backflip"],"picked":"SKIP","floor":41},{"not_picked":["Deflect+1","Finisher","Backstab+1"],"picked":"SKIP","floor":42},{"not_picked":["Caltrops+1","Dodge and Roll","Cloak And Dagger"],"picked":"SKIP","floor":42},{"not_picked":["Deflect","Flying Knee","Blade Dance"],"picked":"SKIP","floor":45},{"not_picked":["Slice","Quick Slash","Night Terror"],"picked":"SKIP","floor":45},{"not_picked":["Underhanded Strike","Deflect","Poisoned Stab"],"picked":"SKIP","floor":46},{"not_picked":["Masterful Stab","Deflect","Outmaneuver"],"picked":"SKIP","floor":46}],"player_experience":644109,"relics_obtained":[{"floor":7,"key":"Smiling Mask"},{"floor":9,"key":"Prayer Wheel"},{"floor":10,"key":"Juzu Bracelet"},{"floor":23,"key":"Dodecahedron"},{"floor":26,"key":"Mummified Hand"},{"floor":29,"key":"Unceasing Top"},{"floor":31,"key":"Regal Pillow"},{"floor":41,"key":"Ginger"},{"floor":43,"key":"Ninja Scroll"},{"floor":44,"key":"Nunchaku"}],"event_choices":[{"damage_healed":0,"gold_gain":0,"player_choice":"Left Gold","damage_taken":0,"max_hp_gain":0,"max_hp_loss":0,"event_name":"World of Goop","floor":4,"gold_loss":15},{"damage_healed":0,"gold_gain":0,"player_choice":"Success","damage_taken":18,"relics_obtained":["Ancient Tea Set"],"max_hp_gain":0,"max_hp_loss":0,"event_name":"Scrap Ooze","floor":5,"gold_loss":0},{"damage_healed":0,"gold_gain":0,"player_choice":"Grow","damage_taken":0,"max_hp_gain":0,"max_hp_loss":0,"event_name":"Living Wall","floor":8,"gold_loss":0,"cards_upgraded":["Cloak And Dagger"]},{"damage_healed":0,"gold_gain":0,"player_choice":"Ignored","damage_taken":0,"max_hp_gain":0,"max_hp_loss":0,"event_name":"Golden Idol","floor":14,"gold_loss":0},{"cards_removed":["Strike_G"],"damage_healed":0,"gold_gain":0,"player_choice":"Offered Basic","damage_taken":0,"max_hp_gain":0,"max_hp_loss":0,"event_name":"Bonfire Elementals","floor":20,"gold_loss":0},{"damage_healed":0,"gold_gain":50,"player_choice":"Pray","damage_taken":0,"max_hp_gain":0,"max_hp_loss":0,"event_name":"Golden Shrine","floor":21,"gold_loss":0},{"damage_healed":0,"gold_gain":50,"player_choice":"Stole From Cult","damage_taken":0,"max_hp_gain":0,"max_hp_loss":0,"event_name":"Nest","floor":25,"gold_loss":0},{"damage_healed":0,"gold_gain":0,"player_choice":"Ignored","damage_taken":0,"max_hp_gain":0,"max_hp_loss":0,"event_name":"Vampires","floor":28,"gold_loss":0},{"cards_removed":["All Out Attack"],"damage_healed":0,"gold_gain":0,"player_choice":"Removed Attack","damage_taken":0,"max_hp_gain":0,"max_hp_loss":0,"event_name":"Falling","floor":37,"gold_loss":0},{"damage_healed":0,"gold_gain":0,"player_choice":"Paid","damage_taken":0,"relics_obtained":["Red Mask"],"max_hp_gain":0,"max_hp_loss":0,"event_name":"Tomb of Lord Red Mask","floor":38,"gold_loss":92},{"damage_healed":0,"gold_gain":0,"player_choice":"Fight","damage_taken":0,"max_hp_gain":0,"max_hp_loss":0,"event_name":"MindBloom","floor":44,"gold_loss":0},{"damage_healed":0,"gold_gain":0,"player_choice":"Memory 1","damage_taken":0,"max_hp_gain":0,"max_hp_loss":0,"event_name":"SensoryStone","floor":48,"gold_loss":0}],"is_beta":false,"boss_relics":[{"not_picked":["Runic Pyramid","Ring of the Serpent"],"picked":"Tiny House"},{"not_picked":["Calling Bell","Philosopher\u0027s Stone"],"picked":"Sozu"}],"items_purged_floors":[22,30,36],"is_endless":false,"potions_floor_spawned":[7,10,18,19,29,33,35,41,44,46],"ascension_level":16}