{"gold_per_floor":[119,119,119,10,25,355,355,384,384,398,398],"floor_reached":11,"playtime":308,"items_purged":[],"score":212,"play_id":"6d1ccd67-58cf-4936-b394-23465f4f27fc","local_time":"20190119213932","is_ascension_mode":true,"campfire_choices":[{"data":"Quick Slash","floor":7,"key":"SMITH"}],"neow_cost":"NONE","seed_source_timestamp":878368403031243,"circlet_count":0,"master_deck":["AscendersBane","Defend_G","Defend_G","Defend_G+1","Defend_G","Defend_G","Strike_G","Strike_G","Strike_G","Strike_G+1","Survivor","Neutralize","Finisher","Quick Slash+1","Noxious Fumes","Blade Dance","Cloak And Dagger"],"relics":["Ring of the Snake","NeowsBlessing","Old Coin","Art of War","Paper Crane"],"potions_floor_usage":[8],"damage_taken":[{"damage":0,"enemies":"Small Slimes","floor":1,"turns":1},{"damage":0,"enemies":"Cultist","floor":5,"turns":1},{"damage":0,"enemies":"Gremlin Nob","floor":6,"turns":1},{"damage":29,"enemies":"3 Sentries","floor":8,"turns":7},{"damage":2,"enemies":"Jaw Worm","floor":10,"turns":3},{"damage":9,"enemies":"3 Louse","floor":11,"turns":1}],"seed_played":"-3055998411128022518","potions_obtained":[{"floor":1,"key":"Ancient Potion"},{"floor":5,"key":"PowerPotion"},{"floor":6,"key":"Strength Potion"}],"is_trial":false,"path_per_floor":["M","?","?","$","M","E","R","E","T","M","M"],"character_chosen":"THE_SILENT","items_purchased":["Quick Slash","Noxious Fumes"],"campfire_rested":0,"item_purchase_floors":[4,4],"current_hp_per_floor":[59,39,39,39,39,39,39,10,10,8,0],"gold":398,"neow_bonus":"THREE_ENEMY_KILL","is_prod":false,"is_daily":false,"chose_seed":false,"campfire_upgraded":1,"win_rate":0,"timestamp":1547933972,"path_taken":["M","?","?","$","?","E","R","E","T","M","M"],"build_version":"2019-01-17v2","purchased_purges":0,"victory":false,"max_hp_per_floor":[66,66,66,66,66,66,66,66,66,66,66],"card_choices":[{"not_picked":["Choke","Expertise"],"picked":"Finisher","floor":1},{"not_picked":["Reflex","Escape Plan","Slice"],"picked":"SKIP","floor":5},{"not_picked":["Bane","Blur","Slice"],"picked":"SKIP","floor":6},{"not_picked":["Outmaneuver","Venomology"],"picked":"Blade Dance","floor":8},{"not_picked":["Acrobatics","Predator"],"picked":"Cloak And Dagger","floor":10}],"player_experience":934024,"relics_obtained":[{"floor":6,"key":"Old Coin"},{"floor":8,"key":"Art of War"},{"floor":9,"key":"Paper Crane"}],"event_choices":[{"damage_healed":0,"gold_gain":0,"player_choice":"Entered Light","damage_taken":20,"max_hp_gain":0,"max_hp_loss":0,"event_name":"Shining Light","floor":2,"gold_loss":0,"cards_upgraded":["Defend_G","Strike_G"]},{"cards_removed":["Strike_G"],"damage_healed":0,"gold_gain":0,"player_choice":"Offered Basic","damage_taken":0,"max_hp_gain":0,"max_hp_loss":0,"event_name":"Bonfire Elementals","floor":3,"gold_loss":0}],"is_beta":false,"boss_relics":[],"items_purged_floors":[],"is_endless":false,"potions_floor_spawned":[1,5,6],"killed_by":"3 Louse","ascension_level":20}