{"gold_per_floor":[109,126,136,211,181,181,206,216,265,25,25,25,25,50,50,128,128,142,152,152,165,41,41,41,41,109,142,156,174,174,174,174,174],"floor_reached":33,"playtime":2025,"items_purged":["Strike_G"],"score":621,"play_id":"a69f2cf1-88aa-49ea-8552-5111b5317f93","local_time":"20190115060940","is_ascension_mode":true,"campfire_choices":[{"data":"Neutralize","floor":6,"key":"SMITH"},{"floor":11,"key":"REST"},{"floor":15,"key":"REST"},{"floor":23,"key":"REST"},{"floor":30,"key":"REST"},{"floor":32,"key":"REST"}],"neow_cost":"NONE","seed_source_timestamp":475254770834428,"circlet_count":0,"master_deck":["AscendersBane","Defend_G","Defend_G","Defend_G","Defend_G","Defend_G","Survivor","Neutralize+1","PiercingWail","Dash","Dagger Throw","Quick Slash","Venomology","Glass Knife","Poisoned Stab+1","Footwork","Backstab","Cloak And Dagger","Well Laid Plans","Bite","Bite","Bite","Bite","Bite"],"relics":["Ring of the Snake","Paper Crane","PreservedInsect","Vajra","Potion Belt","Lantern","White Beast Statue","MutagenicStrength","Bottled Lightning","Art of War"],"potions_floor_usage":[7,14,16,16,16,18,18,19,19,21,21,27,27,28,28,29,29,33,33],"damage_taken":[{"damage":1,"enemies":"2 Louse","floor":1,"turns":3},{"damage":4,"enemies":"Small Slimes","floor":2,"turns":4},{"damage":3,"enemies":"Cultist","floor":3,"turns":4},{"damage":30,"enemies":"3 Sentries","floor":7,"turns":10},{"damage":14,"enemies":"Red Slaver","floor":8,"turns":6},{"damage":3,"enemies":"Gremlin Nob","floor":14,"turns":3},{"damage":8,"enemies":"The Guardian","floor":16,"turns":16},{"damage":20,"enemies":"Spheric Guardian","floor":18,"turns":6},{"damage":27,"enemies":"3 Byrds","floor":19,"turns":9},{"damage":22,"enemies":"Snake Plant","floor":21,"turns":7},{"damage":0,"enemies":"Gremlin Leader","floor":27,"turns":3},{"damage":10,"enemies":"3 Cultists","floor":28,"turns":5},{"damage":6,"enemies":"Snecko","floor":29,"turns":4},{"damage":74,"enemies":"Collector","floor":33,"turns":9}],"seed_played":"3119521331951842333","potions_obtained":[{"floor":1,"key":"GamblersBrew"},{"floor":5,"key":"AttackPotion"},{"floor":5,"key":"Ancient Potion"},{"floor":7,"key":"Fire Potion"},{"floor":8,"key":"Poison Potion"},{"floor":14,"key":"Poison Potion"},{"floor":16,"key":"EssenceOfSteel"},{"floor":18,"key":"Fire Potion"},{"floor":19,"key":"Block Potion"},{"floor":21,"key":"Strength Potion"},{"floor":27,"key":"SteroidPotion"},{"floor":28,"key":"SkillPotion"},{"floor":29,"key":"Weak Potion"}],"is_trial":false,"path_per_floor":["M","M","M","?","?","R","E","M","T","$","R","?","?","E","R","B",null,"M","M","?","M","$","R","?","?","T","E","M","M","R","?","R","B"],"character_chosen":"THE_SILENT","items_purchased":["Vajra","Footwork","Backstab"],"campfire_rested":5,"item_purchase_floors":[10,22,22],"current_hp_per_floor":[64,60,57,46,46,46,16,2,2,2,23,12,12,9,30,22,60,40,13,13,6,6,27,27,27,27,27,17,11,32,32,47,0],"gold":174,"neow_bonus":"TEN_PERCENT_HP_BONUS","is_prod":false,"is_daily":false,"chose_seed":false,"campfire_upgraded":1,"win_rate":0,"timestamp":1547532580,"path_taken":["M","M","M","?","?","R","E","?","T","?","R","?","?","E","R","BOSS","M","M","?","M","$","R","?","?","T","E","?","M","R","?","R","BOSS"],"build_version":"2019-01-10","purchased_purges":1,"victory":false,"max_hp_per_floor":[72,72,72,72,72,72,72,72,72,72,72,72,72,72,72,72,72,72,72,72,72,72,72,72,72,72,72,72,72,72,50,50,50],"card_choices":[{"not_picked":["Backflip","Sucker Punch"],"picked":"PiercingWail","floor":1},{"not_picked":["Poisoned Stab","All Out Attack"],"picked":"Dash","floor":2},{"not_picked":["Blade Dance","Expertise","Sucker Punch"],"picked":"SKIP","floor":3},{"not_picked":["Slice","Infinite Blades"],"picked":"Dagger Throw","floor":7},{"not_picked":["Backflip","Setup"],"picked":"Quick Slash","floor":8},{"not_picked":["Flechettes","Finisher"],"picked":"Venomology","floor":14},{"not_picked":["Malaise","Phantasmal Killer"],"picked":"Glass Knife","floor":16},{"not_picked":["Prepared+1","Masterful Stab","Distraction"],"picked":"SKIP","floor":18},{"not_picked":["Blade Dance","Dagger Throw"],"picked":"Poisoned Stab+1","floor":19},{"not_picked":["Distraction","Bane+1","Acrobatics"],"picked":"SKIP","floor":21},{"not_picked":["PiercingWail","Deflect"],"picked":"Cloak And Dagger","floor":27},{"not_picked":["Calculated Gamble","Sucker Punch"],"picked":"Well Laid Plans","floor":28},{"not_picked":["Distraction","Outmaneuver","Poisoned Stab"],"picked":"SKIP","floor":29}],"player_experience":870090,"relics_obtained":[{"floor":7,"key":"Paper Crane"},{"floor":9,"key":"PreservedInsect"},{"floor":14,"key":"Lantern"},{"floor":26,"key":"Bottled Lightning"},{"floor":27,"key":"Art of War"}],"event_choices":[{"damage_healed":0,"gold_gain":75,"player_choice":"Gather Gold","damage_taken":11,"max_hp_gain":0,"max_hp_loss":0,"event_name":"World of Goop","floor":4,"gold_loss":0},{"damage_healed":0,"gold_gain":0,"player_choice":"Bought 2 Potions","damage_taken":0,"max_hp_gain":0,"max_hp_loss":0,"event_name":"The Woman in Blue","floor":5,"gold_loss":0},{"damage_healed":0,"gold_gain":0,"player_choice":"Success","damage_taken":11,"relics_obtained":["Potion Belt"],"max_hp_gain":0,"max_hp_loss":0,"event_name":"Scrap Ooze","floor":12,"gold_loss":0},{"damage_healed":0,"gold_gain":0,"player_choice":"Ignored","damage_taken":0,"max_hp_gain":0,"max_hp_loss":0,"event_name":"Shining Light","floor":13,"gold_loss":0},{"damage_healed":0,"gold_gain":0,"player_choice":"Ignored","damage_taken":0,"max_hp_gain":0,"max_hp_loss":0,"event_name":"Beggar","floor":20,"gold_loss":0},{"damage_healed":0,"gold_gain":0,"player_choice":"Inject Mutagens","damage_taken":0,"relics_obtained":["MutagenicStrength"],"max_hp_gain":0,"max_hp_loss":0,"event_name":"Drug Dealer","floor":24,"gold_loss":0},{"cards_removed":["Strike_G"],"damage_healed":0,"gold_gain":0,"player_choice":"Purged","damage_taken":0,"max_hp_gain":0,"max_hp_loss":0,"event_name":"Purifier","floor":25,"gold_loss":0},{"damage_healed":0,"gold_gain":0,"player_choice":"Became a vampire","damage_taken":0,"max_hp_gain":0,"max_hp_loss":22,"event_name":"Vampires","floor":31,"gold_loss":0,"cards_obtained":["Bite","Bite","Bite","Bite","Bite"]}],"is_beta":false,"boss_relics":[{"not_picked":["Eternal Feather","Black Star"],"picked":"White Beast Statue"}],"items_purged_floors":[10],"is_endless":false,"potions_floor_spawned":[1,7,8,14,16,18,19,21,27,28,29],"killed_by":"Collector","ascension_level":20}