{"gold_per_floor":[112,124,47,97,108,108,143,161,161,196,196,221,221,232,232,308,308,308,308,308,308],"floor_reached":21,"playtime":1250,"items_purged":[],"score":378,"play_id":"c5b7d0ec-aae8-4aae-97a1-77b6c04ce702","local_time":"20190119145758","is_ascension_mode":true,"campfire_choices":[{"data":"Dagger Spray","floor":6,"key":"SMITH"},{"data":"Bouncing Flask","floor":11,"key":"SMITH"},{"data":"Skewer","floor":13,"key":"SMITH"},{"floor":15,"key":"REST"}],"neow_cost":"NONE","seed_source_timestamp":853332237513998,"circlet_count":0,"master_deck":["AscendersBane","Defend_G","Defend_G","Defend_G","Defend_G","Defend_G","Strike_G","Strike_G","Strike_G","Strike_G","Strike_G","Survivor","Neutralize","Dagger Spray+1","All Out Attack","Backstab","Malaise","Bouncing Flask+1","Skewer+1","After Image","Backstab","Infinite Blades+1","Necronomicurse"],"relics":["Ring of the Snake","NeowsBlessing","Pen Nib","Centennial Puzzle","Singing Bowl","Odd Mushroom","Ectoplasm","Necronomicon"],"potions_floor_usage":[16,21,21],"damage_taken":[{"damage":0,"enemies":"Cultist","floor":1,"turns":1},{"damage":0,"enemies":"Jaw Worm","floor":2,"turns":1},{"damage":0,"enemies":"2 Louse","floor":5,"turns":1},{"damage":2,"enemies":"3 Sentries","floor":7,"turns":6},{"damage":13,"enemies":"Exordium Wildlife","floor":8,"turns":4},{"damage":7,"enemies":"Gremlin Nob","floor":10,"turns":3},{"damage":7,"enemies":"The Mushroom Lair","floor":12,"turns":2},{"damage":1,"enemies":"Red Slaver","floor":14,"turns":2},{"damage":25,"enemies":"Slime Boss","floor":16,"turns":6},{"damage":16,"enemies":"Spheric Guardian","floor":18,"turns":4},{"damage":12,"enemies":"Shell Parasite","floor":19,"turns":4},{"damage":14,"enemies":"Centurion and Healer","floor":21,"turns":1}],"seed_played":"672792989994200100","potions_obtained":[{"floor":1,"key":"GamblersBrew"},{"floor":8,"key":"Fire Potion"},{"floor":12,"key":"SkillPotion"},{"floor":14,"key":"LiquidBronze"},{"floor":16,"key":"LiquidBronze"}],"is_trial":false,"path_per_floor":["M","M","$","?","M","R","E","M","T","E","R","?","R","M","R","B",null,"M","M","?","M"],"character_chosen":"THE_SILENT","items_purchased":["Backstab"],"campfire_rested":1,"item_purchase_floors":[3],"current_hp_per_floor":[59,59,59,59,59,59,57,44,44,39,39,32,32,33,54,29,60,44,32,11,0],"gold":308,"neow_bonus":"THREE_ENEMY_KILL","is_prod":false,"is_daily":false,"chose_seed":false,"campfire_upgraded":3,"win_rate":0,"timestamp":1547909878,"path_taken":["M","M","$","?","?","R","E","M","T","E","R","?","R","M","R","BOSS","M","M","?","M"],"build_version":"2019-01-17v2","purchased_purges":0,"victory":false,"max_hp_per_floor":[66,66,66,66,66,66,66,66,66,68,68,68,68,70,70,70,70,70,70,70,70],"card_choices":[{"not_picked":["Escape Plan","Deflect"],"picked":"Dagger Spray","floor":1},{"not_picked":["Acrobatics","PiercingWail"],"picked":"All Out Attack","floor":2},{"not_picked":["Choke","Dagger Spray","Bouncing Flask"],"picked":"SKIP","floor":5},{"not_picked":["Outmaneuver","Bane"],"picked":"Malaise","floor":7},{"not_picked":["Blade Dance","Distraction"],"picked":"Bouncing Flask","floor":8},{"not_picked":["Distraction","Quick Slash","Heel Hook"],"picked":"Singing Bowl","floor":10},{"not_picked":["Footwork","Blade Dance"],"picked":"Skewer","floor":12},{"not_picked":["Deflect","Calculated Gamble","Underhanded Strike"],"picked":"Singing Bowl","floor":14},{"not_picked":["Night Terror","Die Die Die"],"picked":"After Image","floor":16},{"not_picked":["Sucker Punch","Dash"],"picked":"Backstab","floor":18},{"not_picked":["Flying Knee+1","Setup"],"picked":"Infinite Blades+1","floor":19}],"player_experience":926977,"relics_obtained":[{"floor":7,"key":"Pen Nib"},{"floor":9,"key":"Centennial Puzzle"},{"floor":10,"key":"Singing Bowl"},{"floor":12,"key":"Odd Mushroom"},{"floor":20,"key":"Necronomicon"}],"event_choices":[{"damage_healed":0,"gold_gain":50,"player_choice":"Pray","damage_taken":0,"max_hp_gain":0,"max_hp_loss":0,"event_name":"Golden Shrine","floor":4,"gold_loss":0},{"damage_healed":0,"gold_gain":0,"player_choice":"Fought Mushrooms","damage_taken":0,"max_hp_gain":0,"max_hp_loss":0,"event_name":"Mushrooms","floor":12,"gold_loss":0},{"damage_healed":0,"gold_gain":0,"player_choice":"Obtained Book","damage_taken":21,"max_hp_gain":0,"max_hp_loss":0,"event_name":"Cursed Tome","floor":20,"gold_loss":0}],"is_beta":false,"boss_relics":[{"not_picked":["Velvet Choker","Sozu"],"picked":"Ectoplasm"}],"items_purged_floors":[],"is_endless":false,"potions_floor_spawned":[1,8,12,14,16,18],"killed_by":"Centurion and Healer","ascension_level":20}