{"gold_per_floor":[112,112,18,33,43,43,69,81,81,113,38,38,51,69,69,142,142,142,142,142,142,42,42,42],"floor_reached":24,"playtime":1648,"items_purged":["Strike_G","Decay"],"score":412,"play_id":"8a618a1e-0a5a-4ff7-baf5-950410ff1541","local_time":"20190118231813","is_ascension_mode":true,"campfire_choices":[{"data":"Dagger Spray","floor":6,"key":"SMITH"},{"floor":12,"key":"REST"},{"floor":15,"key":"REST"},{"floor":23,"key":"REST"}],"neow_cost":"NONE","seed_source_timestamp":796548550631619,"circlet_count":0,"master_deck":["AscendersBane","Defend_G","Defend_G","Defend_G","Defend_G","Defend_G","Strike_G","Strike_G","Strike_G","Strike_G","Survivor","Neutralize","Flying Knee","Wraith Form v2","Dagger Spray+1","Finisher","Footwork","Cloak And Dagger","Backstab","All Out Attack","A Thousand Cuts","Calculated Gamble","Deflect+1","Die Die Die"],"relics":["Ring of the Snake","Bag of Preparation","Art of War","Darkstone Periapt","Ectoplasm","Red Mask"],"potions_floor_usage":[7,10,10,16,19],"damage_taken":[{"damage":10,"enemies":"Cultist","floor":1,"turns":5},{"damage":0,"enemies":"2 Louse","floor":4,"turns":2},{"damage":4,"enemies":"Small Slimes","floor":5,"turns":5},{"damage":23,"enemies":"3 Sentries","floor":7,"turns":5},{"damage":2,"enemies":"3 Louse","floor":8,"turns":3},{"damage":39,"enemies":"Lagavulin","floor":10,"turns":8},{"damage":0,"enemies":"Lots of Slimes","floor":13,"turns":1},{"damage":0,"enemies":"Looter","floor":14,"turns":1},{"damage":38,"enemies":"The Guardian","floor":16,"turns":17},{"damage":10,"enemies":"Shell Parasite","floor":18,"turns":4},{"damage":10,"enemies":"Masked Bandits","floor":19,"turns":3},{"damage":14,"enemies":"3 Byrds","floor":21,"turns":4},{"damage":56,"enemies":"Book of Stabbing","floor":24,"turns":5}],"seed_played":"-3087832690448510254","potions_obtained":[{"floor":1,"key":"Poison Potion"},{"floor":7,"key":"Dexterity Potion"},{"floor":8,"key":"Regen Potion"},{"floor":14,"key":"Dexterity Potion"},{"floor":18,"key":"Energy Potion"}],"is_trial":false,"path_per_floor":["M","?","$","M","M","R","E","M","T","E","$","R","M","M","R","B",null,"M","?","?","M","$","R","E"],"character_chosen":"THE_SILENT","items_purchased":["Strength Potion","Finisher"],"campfire_rested":3,"item_purchase_floors":[3,3],"current_hp_per_floor":[55,55,55,55,51,51,28,26,26,2,2,23,23,23,44,6,56,46,36,42,28,28,51,0],"gold":42,"neow_bonus":"TEN_PERCENT_HP_BONUS","is_prod":false,"is_daily":false,"chose_seed":false,"campfire_upgraded":1,"win_rate":0,"timestamp":1547853493,"path_taken":["M","?","$","M","M","R","E","M","T","E","$","R","M","?","R","BOSS","M","?","?","M","$","R","E"],"build_version":"2019-01-17v2","purchased_purges":2,"victory":false,"max_hp_per_floor":[72,72,72,72,72,72,72,72,72,72,72,72,72,72,72,72,72,72,72,78,78,78,78,78],"card_choices":[{"not_picked":["Masterful Stab","Cloak And Dagger"],"picked":"Flying Knee","floor":1},{"not_picked":["Dagger Throw","Quick Slash"],"picked":"Footwork","floor":4},{"not_picked":["Tactician","Eviscerate","Prepared"],"picked":"SKIP","floor":5},{"not_picked":["Leg Sweep","Distraction"],"picked":"Cloak And Dagger","floor":7},{"not_picked":["Deflect","Tactician","Flechettes"],"picked":"SKIP","floor":8},{"not_picked":["Deflect","Choke"],"picked":"Backstab","floor":10},{"not_picked":["Reflex","Terror","Backflip"],"picked":"SKIP","floor":13},{"not_picked":["Flechettes","Poisoned Stab"],"picked":"All Out Attack","floor":14},{"not_picked":["Envenom","After Image"],"picked":"A Thousand Cuts","floor":16},{"not_picked":["Acrobatics","Poisoned Stab"],"picked":"Calculated Gamble","floor":18},{"not_picked":["Masterful Stab","Flying Knee"],"picked":"Deflect+1","floor":19},{"not_picked":["Dodge and Roll","Underhanded Strike"],"picked":"Die Die Die","floor":21}],"player_experience":917304,"relics_obtained":[{"floor":7,"key":"Bag of Preparation"},{"floor":9,"key":"Art of War"},{"floor":10,"key":"Darkstone Periapt"},{"floor":19,"key":"Red Mask"}],"event_choices":[{"damage_healed":0,"gold_gain":0,"player_choice":"2 cards matched","damage_taken":0,"max_hp_gain":0,"max_hp_loss":0,"event_name":"Match and Keep!","floor":2,"gold_loss":0,"cards_obtained":["Wraith Form v2","Dagger Spray"]},{"damage_healed":0,"gold_gain":0,"player_choice":"Fought Bandits","damage_taken":0,"max_hp_gain":0,"max_hp_loss":0,"event_name":"Masked Bandits","floor":19,"gold_loss":0},{"damage_healed":0,"gold_gain":0,"player_choice":"Smashed Altar","damage_taken":0,"max_hp_gain":0,"max_hp_loss":0,"event_name":"Forgotten Altar","floor":20,"gold_loss":0,"cards_obtained":["Decay"]}],"is_beta":false,"boss_relics":[{"not_picked":["Lizard Tail","Tiny House"],"picked":"Ectoplasm"}],"items_purged_floors":[11,22],"is_endless":false,"potions_floor_spawned":[1,7,8,14,18],"killed_by":"Book of Stabbing","ascension_level":20}