{"gold_per_floor":[111,74,94,19,19,46,62,62,62,62,97,22,34,34,34,112,112,124,143,156,156,156,156,183,183,234,39,52,52,69,82,82,154,154,173,189,16,0,15,15,42,53,53,13,13,23,23,33,33,33,33],"floor_reached":51,"playtime":4286,"items_purged":["Strike_G"],"score":1364,"play_id":"ec006ddd-c5aa-44c2-9f0e-07da87092796","local_time":"20190115072132","is_ascension_mode":true,"campfire_choices":[{"data":"Noxious Fumes","floor":8,"key":"SMITH"},{"floor":15,"key":"REST"},{"floor":23,"key":"REST"},{"floor":25,"key":"REST"},{"data":"All Out Attack","floor":29,"key":"SMITH"},{"data":"Neutralize","floor":32,"key":"SMITH"},{"data":"Footwork","floor":40,"key":"SMITH"},{"floor":45,"key":"REST"},{"floor":47,"key":"REST"},{"floor":49,"key":"REST"}],"neow_cost":"NONE","seed_source_timestamp":477305357194975,"circlet_count":0,"master_deck":["AscendersBane","Defend_G+1","Defend_G+1","Defend_G+1","Defend_G+1","Defend_G+1","Strike_G+1","Strike_G+1","Survivor","Neutralize+1","Dagger Spray+1","Noxious Fumes+1","Leg Sweep","Crippling Poison+1","Predator+1","Footwork","Footwork+1","Envenom","Adrenaline","Deflect","All Out Attack+1","Deflect","Dodge and Roll","Well Laid Plans","Backflip","Dagger Spray","Glass Knife","Dodge and Roll+1","Backflip+1","Finisher+1","Backflip+1","Catalyst+1"],"relics":["Ring of the Serpent","NeowsBlessing","Question Card","Bird Faced Urn","Lantern","MutagenicStrength","Strawberry","Whetstone","White Beast Statue","Snake Skull","Red Mask","Paper Crane","Bottled Flame"],"potions_floor_usage":[11,18,24,24,33,33,41,42,42,46,50,51],"damage_taken":[{"damage":0,"enemies":"Cultist","floor":1,"turns":1},{"damage":0,"enemies":"Jaw Worm","floor":3,"turns":1},{"damage":0,"enemies":"Lagavulin","floor":6,"turns":1},{"damage":3,"enemies":"Small Slimes","floor":7,"turns":4},{"damage":45,"enemies":"Gremlin Nob","floor":11,"turns":5},{"damage":0,"enemies":"2 Fungi Beasts","floor":13,"turns":5},{"damage":32,"enemies":"Hexaghost","floor":16,"turns":10},{"damage":16,"enemies":"2 Thieves","floor":18,"turns":5},{"damage":13,"enemies":"Chosen","floor":19,"turns":7},{"damage":23,"enemies":"Snake Plant","floor":20,"turns":6},{"damage":25,"enemies":"Slavers","floor":24,"turns":6},{"damage":3,"enemies":"Snecko","floor":28,"turns":9},{"damage":0,"enemies":"Centurion and Healer","floor":30,"turns":6},{"damage":0,"enemies":"Sentry and Sphere","floor":31,"turns":4},{"damage":25,"enemies":"Collector","floor":33,"turns":9},{"damage":0,"enemies":"3 Shapes","floor":35,"turns":6},{"damage":5,"enemies":"Orb Walker","floor":36,"turns":5},{"damage":13,"enemies":"Sphere and 2 Shapes","floor":39,"turns":8},{"damage":78,"enemies":"Reptomancer","floor":41,"turns":8},{"damage":0,"enemies":"Jaw Worm Horde","floor":42,"turns":2},{"damage":24,"enemies":"Transient","floor":46,"turns":6},{"damage":0,"enemies":"4 Shapes","floor":48,"turns":2},{"damage":16,"enemies":"Donu and Deca","floor":50,"turns":10},{"damage":83,"enemies":"Time Eater","floor":51,"turns":15}],"seed_played":"-4416039272070954717","potions_obtained":[{"floor":3,"key":"AttackPotion"},{"floor":11,"key":"Energy Potion"},{"floor":13,"key":"FairyPotion"},{"floor":18,"key":"FearPotion"},{"floor":20,"key":"EssenceOfSteel"},{"floor":31,"key":"SkillPotion"},{"floor":33,"key":"Regen Potion"},{"floor":35,"key":"FairyPotion"},{"floor":36,"key":"Strength Potion"},{"floor":41,"key":"Swift Potion"},{"floor":42,"key":"Weak Potion"},{"floor":44,"key":"PowerPotion"},{"floor":46,"key":"PowerPotion"}],"is_trial":false,"path_per_floor":["M","$","M","$","?","E","M","R","T","?","E","$","M","?","R","B",null,"M","M","M","?","?","R","E","R","T","$","M","R","M","M","R","B",null,"M","M","$","?","M","R","E","M","T","?","R","M","R","M","R","B","B"],"character_chosen":"THE_SILENT","items_purchased":["Noxious Fumes","Footwork","Well Laid Plans","AttackPotion","SpeedPotion","Snake Skull"],"campfire_rested":6,"item_purchase_floors":[2,12,27,27,27,37],"current_hp_per_floor":[59,59,59,59,52,52,49,49,49,49,6,6,12,12,31,7,51,43,36,21,21,21,40,28,49,49,49,56,56,66,73,73,50,67,73,73,73,73,68,68,11,11,11,11,32,18,39,45,66,61,0],"gold":33,"neow_bonus":"THREE_ENEMY_KILL","is_prod":false,"is_daily":false,"chose_seed":false,"campfire_upgraded":4,"win_rate":0,"timestamp":1547536892,"path_taken":["M","$","?","$","?","E","M","R","T","?","E","$","M","?","R","BOSS","M","M","?","?","?","R","E","R","T","$","?","R","M","M","R","BOSS","M","?","$","?","M","R","E","M","T","?","R","?","R","M","R","BOSS","BOSS"],"build_version":"2019-01-10","purchased_purges":1,"victory":false,"max_hp_per_floor":[66,66,66,66,66,66,66,66,66,66,66,66,66,66,66,66,66,66,66,66,66,66,66,73,73,73,73,73,73,73,73,73,73,73,73,73,73,73,73,73,73,73,73,73,73,73,73,73,73,73,73],"card_choices":[{"not_picked":["Backflip","Quick Slash"],"picked":"Dagger Spray","floor":1},{"not_picked":["Bouncing Flask","Quick Slash"],"picked":"Leg Sweep","floor":3},{"not_picked":["Underhanded Strike","PiercingWail"],"picked":"Crippling Poison","floor":6},{"not_picked":["Eviscerate","PiercingWail","Venomology"],"picked":"Predator","floor":7},{"not_picked":["Poisoned Stab","Deflect","Dagger Spray"],"picked":"Footwork","floor":11},{"not_picked":["Quick Slash","Bane","Flechettes","Distraction"],"picked":"SKIP","floor":13},{"not_picked":["Malaise","Venomology","Phantasmal Killer"],"picked":"Adrenaline","floor":16},{"not_picked":["Quick Slash","Deadly Poison","Terror"],"picked":"Deflect","floor":18},{"not_picked":["Setup","Footwork","Deadly Poison"],"picked":"All Out Attack","floor":19},{"not_picked":["Dagger Throw","Poisoned Stab","PiercingWail"],"picked":"Deflect","floor":20},{"not_picked":["Distraction","Masterful Stab","Deflect"],"picked":"Dodge and Roll","floor":24},{"not_picked":["Acrobatics+1","Flechettes","Grand Finale"],"picked":"Backflip","floor":28},{"not_picked":["Masterful Stab+1","Concentrate+1","Flying Knee"],"picked":"Dagger Spray","floor":30},{"not_picked":["Prepared+1","Blade Dance","Outmaneuver","Slice"],"picked":"SKIP","floor":31},{"not_picked":["Tools of the Trade","Venomology","Malaise"],"picked":"Glass Knife","floor":33},{"not_picked":["Quick Slash+1","Masterful Stab","Terror"],"picked":"Dodge and Roll+1","floor":35},{"not_picked":["Well Laid Plans","Blade Dance","Poisoned Stab"],"picked":"Backflip+1","floor":36},{"not_picked":["Sucker Punch","Concentrate+1","Quick Slash"],"picked":"Finisher+1","floor":39},{"not_picked":["Expertise","Storm of Steel","Deadly Poison","Quick Slash"],"picked":"SKIP","floor":41},{"not_picked":["Caltrops","Riddle With Holes+1","Blade Dance","Slice"],"picked":"SKIP","floor":42},{"not_picked":["Venomology","Caltrops","Cloak And Dagger"],"picked":"Backflip+1","floor":46},{"not_picked":["Heel Hook+1","Noxious Fumes","Outmaneuver"],"picked":"Catalyst+1","floor":48}],"player_experience":872115,"relics_obtained":[{"floor":6,"key":"Question Card"},{"floor":9,"key":"Bird Faced Urn"},{"floor":11,"key":"Lantern"},{"floor":24,"key":"Strawberry"},{"floor":26,"key":"Whetstone"},{"floor":41,"key":"Paper Crane"},{"floor":43,"key":"Bottled Flame"}],"event_choices":[{"cards_removed":["Strike_G"],"damage_healed":0,"gold_gain":0,"player_choice":"Card Removal","damage_taken":7,"max_hp_gain":0,"max_hp_loss":0,"event_name":"Golden Wing","floor":5,"gold_loss":0},{"damage_healed":0,"gold_gain":0,"player_choice":"Grow","damage_taken":0,"max_hp_gain":0,"max_hp_loss":0,"event_name":"Living Wall","floor":10,"gold_loss":0,"cards_upgraded":["Crippling Poison"]},{"damage_healed":0,"gold_gain":0,"cards_transformed":["Strike_G"],"player_choice":"Transformed","damage_taken":0,"max_hp_gain":0,"max_hp_loss":0,"event_name":"Transmorgrifier","floor":14,"gold_loss":0,"cards_obtained":["Envenom"]},{"damage_healed":0,"gold_gain":0,"player_choice":"Simplicity","damage_taken":0,"max_hp_gain":0,"max_hp_loss":0,"event_name":"Back to Basics","floor":21,"gold_loss":0,"cards_upgraded":["Defend_G","Defend_G","Defend_G","Defend_G","Defend_G","Strike_G","Strike_G"]},{"damage_healed":0,"gold_gain":0,"player_choice":"Inject Mutagens","damage_taken":0,"relics_obtained":["MutagenicStrength"],"max_hp_gain":0,"max_hp_loss":0,"event_name":"Drug Dealer","floor":22,"gold_loss":0},{"damage_healed":0,"gold_gain":0,"player_choice":"Paid","damage_taken":0,"relics_obtained":["Red Mask"],"max_hp_gain":0,"max_hp_loss":0,"event_name":"Tomb of Lord Red Mask","floor":38,"gold_loss":16},{"damage_healed":0,"gold_gain":0,"player_choice":"Bought 3 Potions","damage_taken":0,"max_hp_gain":0,"max_hp_loss":0,"event_name":"The Woman in Blue","floor":44,"gold_loss":0}],"is_beta":false,"boss_relics":[{"not_picked":["Runic Dome","Runic Pyramid"],"picked":"Ring of the Serpent"},{"not_picked":["Tiny House","WristBlade"],"picked":"White Beast Statue"}],"items_purged_floors":[4],"is_endless":false,"potions_floor_spawned":[3,11,13,18,20,31,33,35,36,39,41,42,46,48],"killed_by":"Time Eater","ascension_level":20}