{"gold_per_floor":[110,129,204,46,57,57,88,102,102,132,208,208,236,6,6,6],"floor_reached":16,"playtime":695,"items_purged":["Strike_G"],"score":236,"play_id":"9e4be9a4-cfaf-45b5-8261-7ddcc6e9cb51","local_time":"20190119222333","is_ascension_mode":true,"campfire_choices":[{"floor":6,"key":"REST"},{"floor":12,"key":"REST"},{"floor":15,"key":"REST"}],"neow_cost":"NONE","seed_source_timestamp":880623305893676,"circlet_count":0,"master_deck":["AscendersBane","Defend_G","Defend_G","Defend_G","Defend_G","Defend_G","Strike_G","Strike_G","Strike_G","Survivor","Neutralize","All Out Attack","Poisoned Stab","Backstab","Dagger Throw","Dagger Spray","Bouncing Flask","Backstab"],"relics":["Ring of the Snake","Gremlin Horn","Mummified Hand","The Courier","Pear","Kunai"],"potions_floor_usage":[7,10,10,16,16],"damage_taken":[{"damage":0,"enemies":"2 Louse","floor":1,"turns":2},{"damage":7,"enemies":"Jaw Worm","floor":2,"turns":5},{"damage":4,"enemies":"Small Slimes","floor":5,"turns":3},{"damage":34,"enemies":"Gremlin Nob","floor":7,"turns":5},{"damage":0,"enemies":"Blue Slaver","floor":8,"turns":3},{"damage":17,"enemies":"Lagavulin","floor":10,"turns":5},{"damage":5,"enemies":"3 Sentries","floor":13,"turns":6},{"damage":53,"enemies":"Hexaghost","floor":16,"turns":9}],"seed_played":"-1458283095781962176","potions_obtained":[{"floor":1,"key":"SpeedPotion"},{"floor":7,"key":"Explosive Potion"},{"floor":8,"key":"Swift Potion"},{"floor":10,"key":"Weak Potion"},{"floor":13,"key":"AttackPotion"}],"is_trial":false,"path_per_floor":["M","M","?","$","M","R","E","M","T","E","?","R","E","$","R","B"],"character_chosen":"THE_SILENT","items_purchased":["Backstab","Kunai"],"campfire_rested":3,"item_purchase_floors":[4,14],"current_hp_per_floor":[59,52,41,41,37,56,22,22,22,5,5,24,29,29,51,0],"gold":6,"neow_bonus":"REMOVE_CARD","is_prod":false,"is_daily":false,"chose_seed":false,"campfire_upgraded":0,"win_rate":0,"timestamp":1547936613,"path_taken":["M","M","?","$","M","R","E","M","T","E","?","R","E","$","R","BOSS"],"build_version":"2019-01-17v2","purchased_purges":1,"victory":false,"max_hp_per_floor":[66,66,66,66,66,66,66,66,66,66,66,66,76,76,76,76],"card_choices":[{"not_picked":["Dodge and Roll","Backflip"],"picked":"All Out Attack","floor":1},{"not_picked":["Bane","Flying Knee"],"picked":"Poisoned Stab","floor":2},{"not_picked":["Outmaneuver","Blade Dance"],"picked":"Dagger Throw","floor":5},{"not_picked":["Dodge and Roll","Phantasmal Killer"],"picked":"Dagger Spray","floor":7},{"not_picked":["Deadly Poison","Bane"],"picked":"Bouncing Flask","floor":8},{"not_picked":["Blade Dance","Terror"],"picked":"Backstab","floor":10},{"not_picked":["Sucker Punch","Acrobatics","Terror"],"picked":"SKIP","floor":13}],"player_experience":936247,"relics_obtained":[{"floor":7,"key":"Gremlin Horn"},{"floor":9,"key":"Mummified Hand"},{"floor":10,"key":"The Courier"},{"floor":13,"key":"Pear"}],"event_choices":[{"damage_healed":0,"gold_gain":75,"player_choice":"Gather Gold","damage_taken":11,"max_hp_gain":0,"max_hp_loss":0,"event_name":"World of Goop","floor":3,"gold_loss":0},{"damage_healed":0,"gold_gain":76,"player_choice":"Gained Gold","damage_taken":0,"max_hp_gain":0,"max_hp_loss":0,"event_name":"Golden Wing","floor":11,"gold_loss":0}],"is_beta":false,"boss_relics":[],"items_purged_floors":[4],"is_endless":false,"potions_floor_spawned":[1,7,8,10,13],"killed_by":"Hexaghost","ascension_level":20}