{"gold_per_floor":[113,123,141,64,139,139,139,139,165,165,0,32,45,64,64,138,138,148,16,16,16,26,26,57,76,76,94,94,127,139,139,139,139],"floor_reached":33,"playtime":2238,"items_purged":[],"score":570,"play_id":"e7fda52a-a7b5-4560-9459-797deeaea612","local_time":"20190119132910","is_ascension_mode":true,"campfire_choices":[{"data":"A Thousand Cuts","floor":6.0,"key":"SMITH"},{"floor":8.0,"key":"REST"},{"floor":15.0,"key":"REST"},{"floor":23,"key":"REST"},{"floor":28,"key":"REST"},{"floor":32,"key":"REST"}],"neow_cost":"NONE","seed_source_timestamp":0,"circlet_count":0,"master_deck":["AscendersBane","Defend_G","Defend_G","Defend_G","Defend_G+1","Defend_G","Strike_G","Strike_G","Strike_G","Strike_G","Survivor","Neutralize+1","Flying Knee","Poisoned Stab","A Thousand Cuts+1","Footwork+1","PiercingWail","Dagger Spray","Dash","Corpse Explosion","Dagger Spray+1","Noxious Fumes","Poisoned Stab","Deadly Poison+1","Adrenaline","Backflip","After Image","Calculated Gamble","Bullet Time"],"special_seed":0,"relics":["Ring of the Snake","Snake Skull","Bag of Marbles","Art of War","Fusion Hammer","Ornamental Fan","Dodecahedron","Sundial"],"potions_floor_usage":[24,29,29],"damage_taken":[{"damage":6.0,"enemies":"Jaw Worm","floor":1.0,"turns":7.0},{"damage":2.0,"enemies":"2 Louse","floor":2.0,"turns":4.0},{"damage":7.0,"enemies":"Small Slimes","floor":3.0,"turns":4.0},{"damage":19.0,"enemies":"3 Sentries","floor":12.0,"turns":7.0},{"damage":0.0,"enemies":"2 Fungi Beasts","floor":13.0,"turns":4.0},{"damage":10.0,"enemies":"Exordium Thugs","floor":14.0,"turns":5.0},{"damage":19.0,"enemies":"The Guardian","floor":16.0,"turns":14.0},{"damage":9,"enemies":"3 Byrds","floor":18,"turns":3},{"damage":11,"enemies":"2 Thieves","floor":22,"turns":2},{"damage":35,"enemies":"Gremlin Leader","floor":24,"turns":6},{"damage":14,"enemies":"Centurion and Healer","floor":25,"turns":6},{"damage":0,"enemies":"3 Cultists","floor":27,"turns":2},{"damage":21,"enemies":"Book of Stabbing","floor":29,"turns":5},{"damage":0,"enemies":"Cultist and Chosen","floor":30,"turns":5},{"damage":25,"enemies":"Automaton","floor":33,"turns":4}],"seed_played":"-9034900048651676607","potions_obtained":[{"floor":0.0,"key":"Regen Potion"},{"floor":0.0,"key":"AttackPotion"},{"floor":12.0,"key":"GamblersBrew"},{"floor":18,"key":"GamblersBrew"},{"floor":25,"key":"SteroidPotion"},{"floor":27,"key":"PowerPotion"}],"is_trial":false,"path_per_floor":["M","M","M","$","?","R","?","R","T","?","$","E","M","M","R","B",null,"M","$","?","$","M","R","E","M","T","M","R","E","M","?","R","B"],"character_chosen":"THE_SILENT","items_purchased":["Footwork","Bag of Marbles","Noxious Fumes","FearPotion"],"campfire_rested":5,"item_purchase_floors":[4,11,19,19],"current_hp_per_floor":[53,51,44,44,33,33,13,32,32,32,32,28,28,18,37,18,54,45,45,45,45,34,53,18,4,4,4,23,2,2,2,21,0],"gold":139,"neow_bonus":"THREE_SMALL_POTIONS","is_prod":false,"is_daily":false,"chose_seed":false,"campfire_upgraded":1,"win_rate":0,"timestamp":1547904550,"path_taken":["M","M","M","$","?","R","?","R","T","?","$","E","M","M","R","BOSS","M","$","?","?","M","R","E","M","T","M","R","E","M","?","R","BOSS"],"build_version":"2019-01-17v2","purchased_purges":0,"victory":false,"max_hp_per_floor":[66,66,66,66,66,66,66,66,66,66,66,66,66,66,66,66,66,66,66,66,66,66,66,66,66,66,66,66,66,66,66,66,66],"card_choices":[{"not_picked":["Deflect","Quick Slash"],"picked":"Flying Knee","floor":1.0},{"not_picked":["Acrobatics","Sucker Punch"],"picked":"Poisoned Stab","floor":2.0},{"not_picked":["Poisoned Stab","Backflip"],"picked":"A Thousand Cuts","floor":3.0},{"not_picked":["Burst","Eviscerate"],"picked":"PiercingWail","floor":12.0},{"not_picked":["Slice","Blade Dance"],"picked":"Dagger Spray","floor":13.0},{"not_picked":["Blade Dance","PiercingWail"],"picked":"Dash","floor":14.0},{"not_picked":["Tools of the Trade","Grand Finale"],"picked":"Corpse Explosion","floor":16.0},{"not_picked":["Cloak And Dagger","Leg Sweep+1"],"picked":"Dagger Spray+1","floor":18},{"not_picked":["Backflip","Quick Slash"],"picked":"Deadly Poison+1","floor":22},{"not_picked":["Poisoned Stab","Dagger Throw","Expertise+1"],"picked":"SKIP","floor":24},{"not_picked":["Cloak And Dagger","Sucker Punch"],"picked":"Adrenaline","floor":25},{"not_picked":["Deflect","Acrobatics+1"],"picked":"Backflip","floor":27},{"not_picked":["Backflip","Flying Knee"],"picked":"After Image","floor":29},{"not_picked":["Outmaneuver","Backflip"],"picked":"Calculated Gamble","floor":30}],"player_experience":921059,"relics_obtained":[{"floor":9.0,"key":"Snake Skull"},{"floor":12.0,"key":"Art of War"},{"floor":24,"key":"Ornamental Fan"},{"floor":26,"key":"Dodecahedron"},{"floor":29,"key":"Sundial"}],"event_choices":[{"damage_healed":0.0,"max_hp_gain":0.0,"max_hp_loss":0.0,"gold_gain":75.0,"event_name":"World of Goop","player_choice":"Gather Gold","floor":5.0,"gold_loss":0.0,"damage_taken":11.0},{"damage_healed":0.0,"max_hp_gain":0.0,"max_hp_loss":0.0,"gold_gain":0.0,"event_name":"Shining Light","player_choice":"Entered Light","floor":7.0,"gold_loss":0.0,"damage_taken":20.0,"cards_upgraded":["Defend_G","Footwork"]},{"damage_healed":0.0,"max_hp_gain":0.0,"max_hp_loss":0.0,"gold_gain":0.0,"event_name":"Living Wall","player_choice":"Grow","floor":10.0,"gold_loss":0.0,"damage_taken":0.0,"cards_upgraded":["Neutralize"]},{"damage_healed":0,"gold_gain":0,"player_choice":"1 cards matched","damage_taken":0,"max_hp_gain":0,"max_hp_loss":0,"event_name":"Match and Keep!","floor":20,"gold_loss":0,"cards_obtained":["Poisoned Stab"]},{"damage_healed":0,"gold_gain":0,"cards_transformed":["Strike_G"],"player_choice":"Transformed","damage_taken":0,"max_hp_gain":0,"max_hp_loss":0,"event_name":"Transmorgrifier","floor":31,"gold_loss":0,"cards_obtained":["Bullet Time"]}],"is_beta":false,"boss_relics":[{"not_picked":["Black Star","Astrolabe"],"picked":"Fusion Hammer"}],"items_purged_floors":[],"is_endless":false,"potions_floor_spawned":[1,12,18,25,27],"killed_by":"Automaton","ascension_level":20}