{"gold_per_floor":[110,124,8,8,54,54,79,79,102,129,146,8,8,8,8,84,84,98,98,110,128,128,128,160,160,160,27,27,56,56,56,56,56],"floor_reached":33,"playtime":2332,"items_purged":["Strike_G"],"score":560,"play_id":"0a3a6d6a-db60-4b13-a8e4-a09aaaf165db","local_time":"20190113142603","is_ascension_mode":true,"campfire_choices":[{"data":"Caltrops","floor":6,"key":"SMITH"},{"data":"Dagger Spray","floor":8,"key":"SMITH"},{"floor":13,"key":"REST"},{"data":"Noxious Fumes","floor":15,"key":"SMITH"},{"floor":23,"key":"REST"},{"data":"Crippling Poison","floor":25,"key":"SMITH"},{"floor":28,"key":"REST"},{"floor":30,"key":"REST"},{"data":"Footwork","floor":32,"key":"SMITH"}],"neow_cost":"NONE","seed_source_timestamp":331931564939453,"circlet_count":0,"master_deck":["AscendersBane","Defend_G","Defend_G","Defend_G","Defend_G","Defend_G","Strike_G","Strike_G","Strike_G","Strike_G","Survivor","Neutralize+1","Poisoned Stab+1","Caltrops+1","Dagger Spray+1","Calculated Gamble","Footwork+1","Noxious Fumes+1","Envenom","Blur","Outmaneuver","Grand Finale","Infinite Blades","Crippling Poison+1","Finisher","Escape Plan","Backflip"],"relics":["Ring of the Snake","Boot","WingedGreaves","Omamori","Regal Pillow","Sozu","Anchor","Mercury Hourglass","Bottled Lightning","Letter Opener"],"potions_floor_usage":[7,18,20],"damage_taken":[{"damage":0,"enemies":"2 Louse","floor":1,"turns":2},{"damage":0,"enemies":"Jaw Worm","floor":2,"turns":4},{"damage":25,"enemies":"Lagavulin","floor":7,"turns":6},{"damage":24,"enemies":"Gremlin Nob","floor":10,"turns":4},{"damage":0,"enemies":"Cultist","floor":11,"turns":3},{"damage":20,"enemies":"Hexaghost","floor":16,"turns":8},{"damage":20,"enemies":"Spheric Guardian","floor":18,"turns":6},{"damage":14,"enemies":"Chosen","floor":20,"turns":4},{"damage":12,"enemies":"Centurion and Healer","floor":21,"turns":8},{"damage":14,"enemies":"Gremlin Leader","floor":24,"turns":5},{"damage":53,"enemies":"Book of Stabbing","floor":29,"turns":5},{"damage":46,"enemies":"Champ","floor":33,"turns":11}],"seed_played":"-3804886180884398284","potions_obtained":[{"floor":1,"key":"GamblersBrew"},{"floor":16,"key":"Fire Potion"}],"is_trial":false,"path_per_floor":["M","M","$","?","T","R","E","R","T","E","M","$","R","$","R","B",null,"M","?","M","M","?","R","E","R","T","$","R","E","R","T","R","B"],"character_chosen":"THE_SILENT","items_purchased":["Caltrops","GhostInAJar","Noxious Fumes","Block Potion","Backflip"],"campfire_rested":4,"item_purchase_floors":[3,3,12,12,27],"current_hp_per_floor":[59,59,59,59,59,59,34,34,34,10,10,10,44,44,44,24,56,36,36,22,10,10,44,30,30,30,30,64,11,45,45,45,0],"gold":56,"neow_bonus":"UPGRADE_CARD","is_prod":false,"is_daily":false,"chose_seed":false,"campfire_upgraded":5,"win_rate":0,"timestamp":1547389563,"path_taken":["M","M","$","?","?","R","E","R","T","E","M","$","R","?","R","BOSS","M","?","M","?","?","R","E","R","T","$","R","E","R","?","R","BOSS"],"build_version":"2019-01-10","purchased_purges":1,"victory":false,"max_hp_per_floor":[66,66,66,66,66,66,66,66,66,66,66,66,66,66,66,66,66,66,66,66,66,66,66,66,66,66,66,66,66,66,66,66,66],"card_choices":[{"not_picked":["Expertise","Slice"],"picked":"Poisoned Stab","floor":1},{"not_picked":["Acrobatics","Sucker Punch","Backflip"],"picked":"SKIP","floor":2},{"not_picked":["Infinite Blades","Underhanded Strike"],"picked":"Dagger Spray","floor":7},{"not_picked":["Catalyst","Underhanded Strike"],"picked":"Calculated Gamble","floor":10},{"not_picked":["Sucker Punch","Dagger Spray"],"picked":"Footwork","floor":11},{"not_picked":["Adrenaline","Unload"],"picked":"Envenom","floor":16},{"not_picked":["Dagger Spray","Catalyst"],"picked":"Blur","floor":18},{"not_picked":["Endless Agony","Bane"],"picked":"Crippling Poison","floor":20},{"not_picked":["Riddle With Holes","Slice"],"picked":"Finisher","floor":21},{"not_picked":["Sucker Punch","Grand Finale"],"picked":"Escape Plan","floor":24},{"not_picked":["Accuracy","Prepared","Slice"],"picked":"SKIP","floor":29}],"player_experience":843211,"relics_obtained":[{"floor":5,"key":"Boot"},{"floor":7,"key":"WingedGreaves"},{"floor":9,"key":"Omamori"},{"floor":10,"key":"Regal Pillow"},{"floor":24,"key":"Anchor"},{"floor":26,"key":"Mercury Hourglass"},{"floor":29,"key":"Bottled Lightning"},{"floor":31,"key":"Letter Opener"}],"event_choices":[{"damage_healed":0,"gold_gain":0,"player_choice":"Grow","damage_taken":0,"max_hp_gain":0,"max_hp_loss":0,"event_name":"Living Wall","floor":4,"gold_loss":0,"cards_upgraded":["Poisoned Stab"]},{"damage_healed":0,"gold_gain":0,"player_choice":"3 cards matched","damage_taken":0,"max_hp_gain":0,"max_hp_loss":0,"event_name":"Match and Keep!","floor":19,"gold_loss":0,"cards_obtained":["Outmaneuver","Grand Finale","Infinite Blades"]},{"damage_healed":0,"gold_gain":0,"player_choice":"3 cards matched","damage_taken":0,"max_hp_gain":0,"max_hp_loss":0,"event_name":"Match and Keep!","floor":19,"gold_loss":0,"cards_obtained":["Outmaneuver","Grand Finale","Infinite Blades"]},{"damage_healed":0,"gold_gain":0,"player_choice":"Smashed Altar","damage_taken":0,"max_hp_gain":0,"max_hp_loss":0,"event_name":"Forgotten Altar","floor":22,"gold_loss":0,"cards_obtained":["Decay"]}],"is_beta":false,"boss_relics":[{"not_picked":["WristBlade","Lizard Tail"],"picked":"Sozu"}],"items_purged_floors":[27],"is_endless":false,"potions_floor_spawned":[1,16,18,29],"killed_by":"Champ","ascension_level":19}