{"gold_per_floor":[110,127,127,127,144,144,164,164],"floor_reached":8,"playtime":704,"items_purged":[],"score":96,"play_id":"0ef8352c-86c5-450d-a4ee-e2f0284aa282","local_time":"20190119143657","is_ascension_mode":true,"campfire_choices":[{"floor":6,"key":"REST"}],"neow_cost":"NONE","seed_source_timestamp":852617432888879,"circlet_count":0,"master_deck":["AscendersBane","Defend_G","Defend_G","Defend_G","Defend_G","Defend_G+1","Strike_G","Strike_G+1","Strike_G","Strike_G","Strike_G+1","Survivor","Neutralize","PiercingWail","Footwork+1","Poisoned Stab","Predator"],"relics":["Ring of the Snake","Whetstone","Ice Cream"],"potions_floor_usage":[8],"damage_taken":[{"damage":0,"enemies":"2 Louse","floor":1,"turns":3},{"damage":1,"enemies":"Small Slimes","floor":2,"turns":3},{"damage":0,"enemies":"Cultist","floor":5,"turns":4},{"damage":0,"enemies":"Exordium Wildlife","floor":7,"turns":6},{"damage":46,"enemies":"Gremlin Gang","floor":8,"turns":4}],"seed_played":"-7652559045923115536","potions_obtained":[{"floor":2,"key":"EssenceOfSteel"}],"is_trial":false,"path_per_floor":["M","M","?","?","M","R","M","M"],"character_chosen":"THE_SILENT","items_purchased":[],"campfire_rested":1,"item_purchase_floors":[],"current_hp_per_floor":[59,58,38,27,27,46,46,0],"gold":164,"neow_bonus":"RANDOM_COMMON_RELIC","is_prod":false,"is_daily":false,"chose_seed":false,"campfire_upgraded":0,"win_rate":0,"timestamp":1547908617,"path_taken":["M","M","?","?","M","R","M","M"],"build_version":"2019-01-17v2","purchased_purges":0,"victory":false,"max_hp_per_floor":[66,66,66,66,66,66,66,66],"card_choices":[{"not_picked":["Deflect","Outmaneuver"],"picked":"PiercingWail","floor":1},{"not_picked":["Bane","Backflip"],"picked":"Footwork","floor":2},{"not_picked":["Calculated Gamble","Distraction"],"picked":"Poisoned Stab","floor":5},{"not_picked":["Infinite Blades","Deadly Poison"],"picked":"Predator","floor":7}],"player_experience":926273,"relics_obtained":[],"event_choices":[{"damage_healed":0,"gold_gain":0,"player_choice":"Entered Light","damage_taken":20,"max_hp_gain":0,"max_hp_loss":0,"event_name":"Shining Light","floor":3,"gold_loss":0,"cards_upgraded":["Defend_G","Footwork"]},{"damage_healed":0,"gold_gain":0,"player_choice":"Success","damage_taken":11,"relics_obtained":["Ice Cream"],"max_hp_gain":0,"max_hp_loss":0,"event_name":"Scrap Ooze","floor":4,"gold_loss":0}],"is_beta":false,"boss_relics":[],"items_purged_floors":[],"is_endless":false,"potions_floor_spawned":[2],"killed_by":"Gremlin Gang","ascension_level":20}