{"gold_per_floor":[110,130,146,31,31,64,64,64,89,117,117,150,150,17,17,91,141,156,166,91,16,33,33,33],"floor_reached":24,"playtime":1393,"items_purged":["Strike_G"],"score":424,"play_id":"4848d700-e3bb-406b-9652-0f2b2f3f165f","local_time":"20190115082158","is_ascension_mode":true,"campfire_choices":[{"floor":7,"key":"REST"},{"floor":11,"key":"REST"},{"data":"Noxious Fumes","floor":15,"key":"SMITH"},{"floor":23,"key":"REST"}],"neow_cost":"CURSE","seed_source_timestamp":483826246168201,"circlet_count":0,"master_deck":["AscendersBane","Defend_G","Defend_G","Defend_G","Defend_G","Defend_G","Strike_G","Strike_G","Strike_G","Survivor","Neutralize","Caltrops","Footwork","Poisoned Stab","Dagger Spray","Doppelganger","PiercingWail","Noxious Fumes+1","Infinite Blades","Adrenaline+1","Poisoned Stab","Footwork","Backflip","Deflect"],"relics":["Ring of the Snake","Snake Skull","Bronze Scales","Dead Branch","Pantograph","Tiny House"],"potions_floor_usage":[10,10,19,22,24],"damage_taken":[{"damage":4,"enemies":"Small Slimes","floor":1,"turns":4},{"damage":6,"enemies":"Jaw Worm","floor":2,"turns":5},{"damage":4,"enemies":"Cultist","floor":3,"turns":4},{"damage":52,"enemies":"3 Sentries","floor":6,"turns":11},{"damage":30,"enemies":"Gremlin Nob","floor":10,"turns":4},{"damage":23,"enemies":"3 Sentries","floor":12,"turns":6},{"damage":24,"enemies":"Hexaghost","floor":16,"turns":6},{"damage":6,"enemies":"Spheric Guardian","floor":18,"turns":5},{"damage":13,"enemies":"2 Thieves","floor":19,"turns":4},{"damage":30,"enemies":"Cultist and Chosen","floor":22,"turns":7},{"damage":45,"enemies":"Slavers","floor":24,"turns":3}],"seed_played":"-8857099006134189053","potions_obtained":[{"floor":2,"key":"Energy Potion"},{"floor":3,"key":"Ancient Potion"},{"floor":6,"key":"LiquidBronze"},{"floor":17,"key":"PowerPotion"},{"floor":19,"key":"Poison Potion"}],"is_trial":false,"path_per_floor":["M","M","M","$","?","E","R","?","T","E","R","E","?","$","R","B",null,"M","M","$","?","M","R","E"],"character_chosen":"THE_SILENT","items_purchased":["Dagger Spray","Strength Potion","Infinite Blades","FearPotion"],"campfire_rested":3,"item_purchase_floors":[4,4,14,14],"current_hp_per_floor":[67,61,57,57,78,26,49,49,49,19,42,19,19,19,19,20,69,63,50,50,50,20,44,0],"gold":33,"neow_bonus":"TWENTY_PERCENT_HP_BONUS","is_prod":false,"is_daily":false,"chose_seed":false,"campfire_upgraded":1,"win_rate":0,"timestamp":1547540518,"path_taken":["M","M","M","$","?","E","R","?","T","E","R","E","?","$","R","BOSS","M","?","$","?","M","R","E"],"build_version":"2019-01-10","purchased_purges":1,"victory":false,"max_hp_per_floor":[78,78,78,78,78,78,78,78,78,78,78,78,78,78,78,78,83,83,83,83,83,83,83,83],"card_choices":[{"not_picked":["Deadly Poison","Leg Sweep"],"picked":"Caltrops","floor":1},{"not_picked":["Deflect","Dodge and Roll"],"picked":"Footwork","floor":2},{"not_picked":["Backflip","Concentrate"],"picked":"Poisoned Stab","floor":3},{"not_picked":["Terror","Deflect"],"picked":"Doppelganger","floor":6},{"not_picked":["Wraith Form v2","Slice"],"picked":"PiercingWail","floor":10},{"not_picked":["Choke","Dagger Throw"],"picked":"Noxious Fumes","floor":12},{"not_picked":["Grand Finale","Night Terror"],"picked":"Adrenaline","floor":16},{"not_picked":["Slice","Bouncing Flask"],"picked":"Poisoned Stab","floor":17},{"not_picked":["Acrobatics","Quick Slash+1"],"picked":"Footwork","floor":18},{"not_picked":["Distraction","Underhanded Strike+1"],"picked":"Backflip","floor":19},{"not_picked":["Riddle With Holes","Dagger Throw"],"picked":"Deflect","floor":22}],"player_experience":877788,"relics_obtained":[{"floor":6,"key":"Snake Skull"},{"floor":9,"key":"Bronze Scales"},{"floor":10,"key":"Dead Branch"},{"floor":12,"key":"Pantograph"}],"event_choices":[{"damage_healed":26,"gold_gain":0,"player_choice":"Banana","damage_taken":0,"max_hp_gain":0,"max_hp_loss":0,"event_name":"Big Fish","floor":5,"gold_loss":0},{"damage_healed":0,"gold_gain":0,"player_choice":"Ignored","damage_taken":0,"max_hp_gain":0,"max_hp_loss":0,"event_name":"Liars Game","floor":8,"gold_loss":0},{"cards_removed":["Writhe"],"damage_healed":0,"gold_gain":0,"player_choice":"Purged","damage_taken":0,"max_hp_gain":0,"max_hp_loss":0,"event_name":"Purifier","floor":13,"gold_loss":0},{"cards_removed":["Strike_G"],"damage_healed":0,"gold_gain":0,"player_choice":"Gave Gold","damage_taken":0,"max_hp_gain":0,"max_hp_loss":0,"event_name":"Beggar","floor":21,"gold_loss":75}],"is_beta":false,"boss_relics":[{"not_picked":["Philosopher\u0027s Stone","Runic Pyramid"],"picked":"Tiny House"}],"items_purged_floors":[20],"is_endless":false,"potions_floor_spawned":[2,3,6,19],"killed_by":"Slavers","ascension_level":20}