{"gold_per_floor":[119,130,130,13,13,46,46,58,82,82,101,119,151,83,83,162,162,174,187,2,2,13,13,42,56,56,69,88,98,98,111,111,188,188,198,218,218,34,34],"floor_reached":39,"playtime":5266,"items_purged":["Regret","Strike_G"],"score":880,"play_id":"28079a6a-aa4b-4ef3-b27f-945f0972f953","local_time":"20190118201857","is_ascension_mode":true,"campfire_choices":[{"data":"Skewer","floor":7.0,"key":"SMITH"},{"data":"Neutralize","floor":10.0,"key":"SMITH"},{"floor":15.0,"key":"REST"},{"floor":23,"key":"REST"},{"floor":30,"key":"REST"},{"floor":32,"key":"REST"}],"neow_cost":"NONE","seed_source_timestamp":0,"circlet_count":0,"master_deck":["AscendersBane","Defend_G","Defend_G","Defend_G","Defend_G","Defend_G","Strike_G","Strike_G","Strike_G","Survivor","Neutralize+1","Dagger Throw","Poisoned Stab","Caltrops","Endless Agony","Skewer+1","Backflip","Dodge and Roll","Dagger Spray","Doppelganger","PiercingWail+1","Dodge and Roll","Footwork","Cloak And Dagger+1","Dodge and Roll+1","Backstab","Cloak And Dagger","Endless Agony","Backstab+1","Malaise","Adrenaline","Prepared+1","Acrobatics+1","Dodge and Roll+1","Leg Sweep","Finesse"],"special_seed":0,"relics":["Ring of the Snake","Bronze Scales","Kunai","Regal Pillow","Sundial","Sozu","Art of War","Prayer Wheel","Orrery"],"potions_floor_usage":[19],"damage_taken":[{"damage":1.0,"enemies":"Small Slimes","floor":1.0,"turns":6.0},{"damage":1.0,"enemies":"2 Louse","floor":2.0,"turns":3.0},{"damage":18.0,"enemies":"Lagavulin","floor":6.0,"turns":7.0},{"damage":0.0,"enemies":"Cultist","floor":8.0,"turns":3.0},{"damage":9.0,"enemies":"Blue Slaver","floor":11.0,"turns":3.0},{"damage":0.0,"enemies":"Large Slime","floor":12.0,"turns":7.0},{"damage":31.0,"enemies":"3 Sentries","floor":13.0,"turns":7.0},{"damage":30.0,"enemies":"The Guardian","floor":16.0,"turns":10.0},{"damage":16,"enemies":"3 Byrds","floor":18,"turns":2},{"damage":11,"enemies":"2 Thieves","floor":19,"turns":3},{"damage":22,"enemies":"Shelled Parasite and Fungi","floor":22,"turns":6},{"damage":21,"enemies":"Book of Stabbing","floor":24,"turns":5},{"damage":10,"enemies":"3 Cultists","floor":25,"turns":5},{"damage":0,"enemies":"Snake Plant","floor":27,"turns":5},{"damage":18,"enemies":"Snecko","floor":28,"turns":7},{"damage":0,"enemies":"3 Cultists","floor":29,"turns":6},{"damage":0,"enemies":"Chosen and Byrds","floor":31,"turns":5},{"damage":53,"enemies":"Automaton","floor":33,"turns":20},{"damage":37,"enemies":"3 Darklings","floor":35,"turns":7},{"damage":0,"enemies":"3 Shapes","floor":36,"turns":10},{"damage":28,"enemies":"Maw","floor":39,"turns":7}],"seed_played":"7603778559080176151","potions_obtained":[{"floor":2.0,"key":"SkillPotion"},{"floor":6.0,"key":"Dexterity Potion"},{"floor":12.0,"key":"GamblersBrew"},{"floor":16.0,"key":"Regen Potion"}],"is_trial":false,"path_per_floor":["M","M","?","$","?","E","R","M","T","R","M","M","E","?","R","B",null,"M","M","$","?","M","R","E","M","T","M","M","M","R","M","R","B",null,"M","M","?","$","M"],"character_chosen":"THE_SILENT","items_purchased":["Caltrops","Footwork","Leg Sweep","Finesse"],"campfire_rested":4,"item_purchase_floors":[4,20,38,38],"current_hp_per_floor":[64,63,63,63,63,45,45,45,45,45,36,36,5,5,41,11,57,41,39,39,39,17,53,32,22,22,22,4,4,40,40,72,19,59,22,22,22,22,0],"gold":34,"neow_bonus":"TEN_PERCENT_HP_BONUS","is_prod":false,"is_daily":false,"chose_seed":false,"campfire_upgraded":2,"win_rate":0,"timestamp":1547842737,"path_taken":["M","M","?","$","?","E","R","M","T","R","?","M","E","?","R","BOSS","M","M","$","?","M","R","E","?","T","M","M","M","R","M","R","BOSS","M","M","?","$","M"],"build_version":"2019-01-17v2","purchased_purges":2,"victory":false,"max_hp_per_floor":[72,72,72,72,72,72,72,72,72,72,72,72,72,72,72,72,72,72,72,72,72,72,72,72,72,72,72,72,72,72,72,72,72,72,72,72,72,72,72],"card_choices":[{"not_picked":["Bane","Sucker Punch"],"picked":"Dagger Throw","floor":1.0},{"not_picked":["Catalyst","Blade Dance"],"picked":"Poisoned Stab","floor":2.0},{"not_picked":["Slice","Poisoned Stab"],"picked":"Skewer","floor":6.0},{"not_picked":["Catalyst","Corpse Explosion"],"picked":"Backflip","floor":8.0},{"not_picked":["Prepared","Backflip","Flying Knee"],"picked":"SKIP","floor":11.0},{"not_picked":["Phantasmal Killer","Sucker Punch"],"picked":"Dodge and Roll","floor":12.0},{"not_picked":["Backflip","Slice"],"picked":"Dagger Spray","floor":13.0},{"not_picked":["Grand Finale","Glass Knife"],"picked":"Doppelganger","floor":16.0},{"not_picked":["Underhanded Strike","Dodge and Roll"],"picked":"PiercingWail+1","floor":18},{"not_picked":["Noxious Fumes","Dagger Throw"],"picked":"Dodge and Roll","floor":19},{"not_picked":["Dodge and Roll","Setup","All Out Attack"],"picked":"SKIP","floor":22},{"not_picked":["Doppelganger","Deflect"],"picked":"Cloak And Dagger+1","floor":24},{"not_picked":["Choke+1","Caltrops","Endless Agony"],"picked":"SKIP","floor":25},{"not_picked":["Slice","Sucker Punch"],"picked":"Dodge and Roll+1","floor":27},{"not_picked":["Heel Hook","Acrobatics","Blade Dance"],"picked":"SKIP","floor":27},{"not_picked":["Catalyst","Choke+1"],"picked":"Backstab","floor":28},{"not_picked":["Finisher","Outmaneuver"],"picked":"Cloak And Dagger","floor":28},{"not_picked":["Quick Slash","Dagger Throw"],"picked":"Endless Agony","floor":29},{"not_picked":["Crippling Poison","Bullet Time"],"picked":"Backstab+1","floor":29},{"not_picked":["Heel Hook+1","Finisher","Backflip"],"picked":"SKIP","floor":31},{"not_picked":["Backstab","Dagger Spray+1","Finisher+1"],"picked":"SKIP","floor":31},{"not_picked":["Phantasmal Killer","Adrenaline"],"picked":"Malaise","floor":33},{"not_picked":["Finisher+1","Concentrate"],"picked":"Adrenaline","floor":34},{"not_picked":["Acrobatics","Poisoned Stab"],"picked":"Prepared+1","floor":34},{"not_picked":["Blur","Outmaneuver"],"picked":"Infinite Blades","floor":35},{"not_picked":["Acrobatics+1","Dodge and Roll","Deadly Poison+1"],"picked":"SKIP","floor":35},{"not_picked":["Dodge and Roll","Deadly Poison+1"],"picked":"Acrobatics+1","floor":35},{"not_picked":["Sucker Punch","Deadly Poison"],"picked":"Dodge and Roll+1","floor":36},{"not_picked":["Burst","Underhanded Strike","Reflex"],"picked":"SKIP","floor":36}],"player_experience":905349,"relics_obtained":[{"floor":6.0,"key":"Kunai"},{"floor":9.0,"key":"Regal Pillow"},{"floor":13.0,"key":"Sundial"},{"floor":24,"key":"Art of War"},{"floor":26,"key":"Prayer Wheel"}],"event_choices":[{"damage_healed":0.0,"max_hp_gain":0.0,"max_hp_loss":0.0,"gold_gain":0.0,"event_name":"Big Fish","player_choice":"Box","floor":3.0,"gold_loss":0.0,"damage_taken":0.0,"relics_obtained":["Bronze Scales"],"cards_obtained":["Regret"]},{"damage_healed":0.0,"max_hp_gain":0.0,"max_hp_loss":0.0,"gold_gain":0.0,"cards_transformed":["Strike_G"],"event_name":"Transmorgrifier","player_choice":"Transformed","floor":5.0,"gold_loss":0.0,"damage_taken":0.0,"cards_obtained":["Endless Agony"]},{"damage_healed":0.0,"max_hp_gain":0.0,"max_hp_loss":0.0,"gold_gain":0.0,"event_name":"World of Goop","player_choice":"Left Gold","floor":14.0,"gold_loss":68.0,"damage_taken":0.0},{"damage_healed":0,"gold_gain":0,"player_choice":"Ignored","damage_taken":0,"max_hp_gain":0,"max_hp_loss":0,"event_name":"WeMeetAgain","floor":21,"gold_loss":0},{"cards_removed":["Infinite Blades"],"damage_healed":0,"gold_gain":0,"player_choice":"Removed Power","damage_taken":0,"max_hp_gain":0,"max_hp_loss":0,"event_name":"Falling","floor":37,"gold_loss":0}],"is_beta":false,"boss_relics":[{"not_picked":["Lizard Tail","WristBlade"],"picked":"Sozu"},{"not_picked":["Coffee Dripper","HoveringKite"],"picked":"Orrery"}],"items_purged_floors":[4,20],"is_endless":false,"potions_floor_spawned":[2,6,12,16,25,27,28,33],"killed_by":"Maw","ascension_level":20}