{"gold_per_floor":[117,117,134,134,2,2,15,40,40,55,55,55,111,140,140,140],"floor_reached":16,"playtime":734,"items_purged":[],"score":236,"play_id":"80f41b80-073e-4a22-b816-5033992028c8","local_time":"20190113003818","is_ascension_mode":true,"campfire_choices":[{"floor":6,"key":"REST"},{"data":"Quick Slash","floor":12,"key":"SMITH"},{"floor":15,"key":"REST"}],"neow_cost":"NONE","seed_source_timestamp":283856332001909,"circlet_count":0,"master_deck":["AscendersBane","Defend_G","Defend_G+1","Defend_G","Defend_G","Defend_G","Strike_G","Strike_G","Strike_G","Strike_G+1","Survivor","Neutralize","Predator","Backstab","Quick Slash+1","Dodge and Roll+1"],"relics":["Ring of the Snake","Juzu Bracelet","Mango","Pear","Toxic Egg 2"],"potions_floor_usage":[8,8],"damage_taken":[{"damage":0,"enemies":"Cultist","floor":1,"turns":4},{"damage":13,"enemies":"Jaw Worm","floor":3,"turns":7},{"damage":0,"enemies":"Small Slimes","floor":7,"turns":3},{"damage":4,"enemies":"Lagavulin","floor":8,"turns":6},{"damage":0,"enemies":"Blue Slaver","floor":10,"turns":4},{"damage":26,"enemies":"Gremlin Nob","floor":14,"turns":4},{"damage":67,"enemies":"Hexaghost","floor":16,"turns":9}],"seed_played":"-5918695006274166054","potions_obtained":[{"floor":3,"key":"EssenceOfSteel"},{"floor":7,"key":"Block Potion"},{"floor":8,"key":"GamblersBrew"}],"is_trial":false,"path_per_floor":["M","?","M","?","$","R","M","E","T","M","$","R","?","E","R","B"],"character_chosen":"THE_SILENT","items_purchased":["Backstab","FearPotion"],"campfire_rested":2,"item_purchase_floors":[5,5],"current_hp_per_floor":[59,59,46,26,26,45,45,55,65,65,65,65,65,39,66,0],"gold":140,"neow_bonus":"RANDOM_COMMON_RELIC","is_prod":false,"is_daily":false,"chose_seed":false,"campfire_upgraded":1,"win_rate":0,"timestamp":1547339898,"path_taken":["M","?","M","?","?","R","M","E","T","M","$","R","?","E","R","BOSS"],"build_version":"2019-01-10","purchased_purges":0,"victory":false,"max_hp_per_floor":[66,66,66,66,66,66,66,80,90,90,90,90,90,90,90,90],"card_choices":[{"not_picked":["Outmaneuver","Dodge and Roll","Accuracy"],"picked":"SKIP","floor":1},{"not_picked":["Calculated Gamble","Finisher"],"picked":"Predator","floor":3},{"not_picked":["Cloak And Dagger","Expertise","Prepared"],"picked":"SKIP","floor":7},{"not_picked":["Wraith Form v2","Outmaneuver"],"picked":"Quick Slash","floor":8},{"not_picked":["Bane","Blade Dance","Acrobatics"],"picked":"SKIP","floor":10},{"not_picked":["Flying Knee","Bouncing Flask"],"picked":"Dodge and Roll","floor":14}],"player_experience":832606,"relics_obtained":[{"floor":8,"key":"Mango"},{"floor":9,"key":"Pear"},{"floor":14,"key":"Toxic Egg 2"}],"event_choices":[{"cards_removed":["Strike_G"],"damage_healed":0,"gold_gain":0,"player_choice":"Offered Basic","damage_taken":0,"max_hp_gain":0,"max_hp_loss":0,"event_name":"Bonfire Elementals","floor":2,"gold_loss":0},{"damage_healed":0,"gold_gain":0,"player_choice":"Entered Light","damage_taken":20,"max_hp_gain":0,"max_hp_loss":0,"event_name":"Shining Light","floor":4,"gold_loss":0,"cards_upgraded":["Strike_G","Defend_G"]},{"damage_healed":0,"gold_gain":56,"player_choice":"Gained Gold","damage_taken":0,"max_hp_gain":0,"max_hp_loss":0,"event_name":"Golden Wing","floor":13,"gold_loss":0}],"is_beta":false,"boss_relics":[],"items_purged_floors":[],"is_endless":false,"potions_floor_spawned":[3,7,8],"killed_by":"Hexaghost","ascension_level":19}