{"gold_per_floor":[116,116,116,132,152,152,168,202,202,218,233,233,247,281,281,356,356,367,39,50,50,67,67,96,96,96,96,12,25,25,25,25,102,102,112,123,136,187,187,187,217,217,217,247,247,260,18,18,18,18],"floor_reached":51,"playtime":5262,"items_purged":["Decay"],"score":1458,"play_id":"6dcd4459-305f-437b-b19b-bcfc87c66bc1","local_time":"20190113161649","is_ascension_mode":true,"campfire_choices":[{"data":"Quick Slash","floor":6,"key":"SMITH"},{"floor":12,"key":"REST"},{"floor":15,"key":"REST"},{"data":"Cloak And Dagger","floor":23,"key":"SMITH"},{"floor":25,"key":"REST"},{"floor":27,"key":"REST"},{"data":"Cloak And Dagger","floor":32,"key":"SMITH"},{"floor":40,"key":"REST"},{"floor":42,"key":"REST"},{"data":"Cloak And Dagger","floor":45,"key":"SMITH"},{"data":"Blade Dance","floor":49,"key":"SMITH"}],"neow_cost":"NONE","seed_source_timestamp":335635330623593,"circlet_count":0,"master_deck":["AscendersBane","Defend_G+1","Defend_G+1","Defend_G+1","Defend_G+1","Defend_G+1","Strike_G+1","Strike_G+1","Survivor","Neutralize+1","Dagger Throw","Leg Sweep","Quick Slash+1","Dagger Throw","Malaise","Footwork","Cloak And Dagger+1","Endless Agony","Dagger Spray","Well Laid Plans+1","PiercingWail","Cloak And Dagger+1","Cloak And Dagger+1","Blade Dance+1","Wraith Form v2+1","Cloak And Dagger+1","Cloak And Dagger+1","Dodge and Roll+1"],"relics":["Ring of the Snake","Shuriken","Bottled Flame","Frozen Egg 2","Empty Cage","Ornamental Fan","Incense Burner","Kunai","Sozu","Unceasing Top","Ninja Scroll","Bottled Tornado","Singing Bowl","Lantern"],"potions_floor_usage":[8,14,16,18,20,33,38,38],"damage_taken":[{"damage":3,"enemies":"2 Louse","floor":1,"turns":3},{"damage":6,"enemies":"Cultist","floor":4,"turns":5},{"damage":4,"enemies":"Jaw Worm","floor":5,"turns":4},{"damage":1,"enemies":"2 Fungi Beasts","floor":7,"turns":4},{"damage":20,"enemies":"Gremlin Nob","floor":8,"turns":4},{"damage":3,"enemies":"Looter","floor":10,"turns":3},{"damage":5,"enemies":"Exordium Thugs","floor":11,"turns":7},{"damage":11,"enemies":"3 Louse","floor":13,"turns":4},{"damage":18,"enemies":"3 Sentries","floor":14,"turns":8},{"damage":19,"enemies":"The Guardian","floor":16,"turns":13},{"damage":0,"enemies":"3 Byrds","floor":18,"turns":7},{"damage":3,"enemies":"Shell Parasite","floor":20,"turns":7},{"damage":0,"enemies":"Snecko","floor":22,"turns":8},{"damage":38,"enemies":"Book of Stabbing","floor":24,"turns":9},{"damage":1,"enemies":"Cultist and Chosen","floor":29,"turns":7},{"damage":23,"enemies":"Automaton","floor":33,"turns":13},{"damage":6,"enemies":"3 Darklings","floor":35,"turns":7},{"damage":0,"enemies":"3 Shapes","floor":36,"turns":4},{"damage":2,"enemies":"3 Darklings","floor":37,"turns":6},{"damage":8,"enemies":"2 Orb Walkers","floor":38,"turns":7},{"damage":12,"enemies":"Reptomancer","floor":41,"turns":8},{"damage":3,"enemies":"Nemesis","floor":44,"turns":7},{"damage":6,"enemies":"Transient","floor":46,"turns":6},{"damage":0,"enemies":"Awakened One","floor":50,"turns":13}],"seed_played":"-5408681050594198445","potions_obtained":[{"floor":1,"key":"AttackPotion"},{"floor":3,"key":"SpeedPotion"},{"floor":11,"key":"SneckoOil"},{"floor":13,"key":"SkillPotion"},{"floor":14,"key":"Energy Potion"},{"floor":16,"key":"SkillPotion"},{"floor":24,"key":"FearPotion"},{"floor":29,"key":"PowerPotion"},{"floor":33,"key":"SkillPotion"}],"is_trial":false,"path_per_floor":["M","?","?","M","M","R","M","E","T","M","M","R","M","E","R","B",null,"M","$","M","?","M","R","E","R","T","R","$","M","?","?","R","B",null,"M","M","M","?","?","R","E","R","T","E","R","M","$","?","R","B",null],"character_chosen":"THE_SILENT","items_purchased":["Ornamental Fan","PiercingWail","EssenceOfSteel","Lantern"],"campfire_rested":6,"item_purchase_floors":[19,19,28,47],"current_hp_per_floor":[56,56,56,50,46,46,45,25,25,22,17,36,25,7,26,7,51,51,51,48,48,48,48,10,29,29,48,48,47,47,47,47,24,56,50,50,48,40,40,59,47,66,66,65,65,61,61,63,63,63],"gold":18,"neow_bonus":"REMOVE_CARD","is_prod":false,"is_daily":false,"chose_seed":false,"campfire_upgraded":5,"win_rate":0,"timestamp":1547396209,"path_taken":["M","?","?","M","?","R","M","E","T","M","M","R","M","E","R","BOSS","M","$","M","?","M","R","E","R","T","R","?","M","?","?","R","BOSS","M","M","M","?","?","R","E","R","T","E","R","?","$","?","R","BOSS"],"build_version":"2019-01-10","purchased_purges":1,"victory":true,"max_hp_per_floor":[66,66,66,66,66,66,66,66,66,66,66,66,66,66,66,66,66,66,66,66,66,66,66,66,66,66,66,66,66,66,66,66,66,66,66,66,66,66,66,66,66,66,66,68,68,70,70,72,72,72],"card_choices":[{"not_picked":["Caltrops","Endless Agony"],"picked":"Dagger Throw","floor":1},{"not_picked":["PiercingWail","Cloak And Dagger"],"picked":"Leg Sweep","floor":4},{"not_picked":["Tactician","Prepared"],"picked":"Quick Slash","floor":5},{"not_picked":["Riddle With Holes","Sucker Punch"],"picked":"Dagger Throw","floor":7},{"not_picked":["Calculated Gamble","PiercingWail"],"picked":"Malaise","floor":8},{"not_picked":["Leg Sweep","Deadly Poison"],"picked":"Footwork","floor":10},{"not_picked":["Bouncing Flask","Dagger Spray"],"picked":"Cloak And Dagger","floor":11},{"not_picked":["Bane","Flechettes"],"picked":"Endless Agony","floor":13},{"not_picked":["Dagger Throw","Accuracy"],"picked":"Dagger Spray","floor":14},{"not_picked":["Predator","Reflex"],"picked":"Well Laid Plans+1","floor":18},{"not_picked":["Outmaneuver","Setup"],"picked":"Cloak And Dagger","floor":20},{"not_picked":["Catalyst","Sucker Punch","Well Laid Plans+1"],"picked":"SKIP","floor":22},{"not_picked":["Slice","Poisoned Stab"],"picked":"Cloak And Dagger","floor":24},{"not_picked":["PiercingWail","Unload"],"picked":"Blade Dance","floor":29},{"not_picked":["Die Die Die","Tools of the Trade+1"],"picked":"Wraith Form v2+1","floor":33},{"not_picked":["Concentrate","Distraction","Flying Knee"],"picked":"SKIP","floor":35},{"not_picked":["PiercingWail","Acrobatics+1","Quick Slash"],"picked":"SKIP","floor":36},{"not_picked":["Expertise+1","Bane","Concentrate"],"picked":"SKIP","floor":37},{"not_picked":["Quick Slash","Footwork+1"],"picked":"Cloak And Dagger+1","floor":38},{"not_picked":["Doppelganger","Dagger Spray"],"picked":"Dodge and Roll+1","floor":41},{"not_picked":["Tactician","Dodge and Roll","Finisher"],"picked":"Singing Bowl","floor":44},{"not_picked":["Outmaneuver","Slice","Eviscerate"],"picked":"Singing Bowl","floor":46},{"not_picked":["Madness","Swift Strike","Jack Of All Trades"],"picked":"Singing Bowl","floor":48}],"player_experience":845543,"relics_obtained":[{"floor":8,"key":"Shuriken"},{"floor":9,"key":"Bottled Flame"},{"floor":14,"key":"Frozen Egg 2"},{"floor":24,"key":"Incense Burner"},{"floor":26,"key":"Kunai"},{"floor":38,"key":"Unceasing Top"},{"floor":41,"key":"Ninja Scroll"},{"floor":43,"key":"Bottled Tornado"},{"floor":44,"key":"Singing Bowl"}],"event_choices":[{"damage_healed":0,"gold_gain":0,"player_choice":"Grow","damage_taken":0,"max_hp_gain":0,"max_hp_loss":0,"event_name":"Living Wall","floor":2,"gold_loss":0,"cards_upgraded":["Neutralize"]},{"damage_healed":0,"gold_gain":0,"player_choice":"Got Potions","damage_taken":0,"max_hp_gain":0,"max_hp_loss":0,"event_name":"Lab","floor":3,"gold_loss":0},{"damage_healed":0,"gold_gain":0,"player_choice":"Simplicity","damage_taken":0,"max_hp_gain":0,"max_hp_loss":0,"event_name":"Back to Basics","floor":21,"gold_loss":0,"cards_upgraded":["Defend_G","Defend_G","Defend_G","Defend_G","Defend_G","Strike_G","Strike_G"]},{"damage_healed":0,"gold_gain":0,"player_choice":"Ignored","damage_taken":0,"max_hp_gain":0,"max_hp_loss":0,"event_name":"Vampires","floor":30,"gold_loss":0},{"damage_healed":0,"gold_gain":0,"player_choice":"Smashed Altar","damage_taken":0,"max_hp_gain":0,"max_hp_loss":0,"event_name":"Forgotten Altar","floor":31,"gold_loss":0,"cards_obtained":["Decay"]},{"damage_healed":0,"gold_gain":0,"player_choice":"Fight","damage_taken":0,"max_hp_gain":0,"max_hp_loss":0,"event_name":"Mysterious Sphere","floor":38,"gold_loss":0},{"damage_healed":0,"gold_gain":0,"player_choice":"Copied","damage_taken":0,"max_hp_gain":0,"max_hp_loss":0,"event_name":"Duplicator","floor":39,"gold_loss":0,"cards_obtained":["Cloak And Dagger"]},{"damage_healed":0,"gold_gain":0,"player_choice":"Memory 1","damage_taken":0,"max_hp_gain":0,"max_hp_loss":0,"event_name":"SensoryStone","floor":48,"gold_loss":0}],"is_beta":false,"boss_relics":[{"not_picked":["Velvet Choker","Orrery"],"picked":"Empty Cage"},{"not_picked":["Eternal Feather","WristBlade"],"picked":"Sozu"}],"items_purged_floors":[47],"is_endless":false,"potions_floor_spawned":[1,11,13,14,16,24,29,33,35,37,38],"ascension_level":19}