{"gold_per_floor":[111,111,111,122,122,149,179,201,213,225,266,293,384,6,6,83,83,101,16,32,32,45,45,45,80,105,23,23],"floor_reached":28,"playtime":2646,"items_purged":["Strike_G"],"score":553,"play_id":"be73260c-7701-44ef-b699-c983f0d3c0af","local_time":"20190112193415","is_ascension_mode":true,"campfire_choices":[{"floor":10,"key":"REST"},{"data":"Cloak And Dagger","floor":15,"key":"SMITH"},{"floor":23,"key":"REST"}],"neow_cost":"PERCENT_DAMAGE","seed_source_timestamp":263637886382931,"circlet_count":0,"master_deck":["AscendersBane","Defend_G","Defend_G","Defend_G","Defend_G","Defend_G","Strike_G","Strike_G+1","Survivor","Neutralize+1","Predator+1","Dagger Spray","Blur","Quick Slash","Dagger Spray","Well Laid Plans","Endless Agony","Infinite Blades","Cloak And Dagger+1","Die Die Die","Infinite Blades","Blade Dance","Escape Plan","PiercingWail"],"relics":["Ring of the Snake","MawBank","Whetstone","Shuriken","Bottled Tornado","Lee\u0027s Waffle","Empty Cage","Molten Egg 2","Ancient Tea Set","Blood Vial"],"potions_floor_usage":[16,20,22,25,25,28],"damage_taken":[{"damage":0,"enemies":"2 Louse","floor":1,"turns":4},{"damage":8,"enemies":"Jaw Worm","floor":4,"turns":5},{"damage":42,"enemies":"Lagavulin","floor":6,"turns":8},{"damage":0,"enemies":"Small Slimes","floor":7,"turns":2},{"damage":15,"enemies":"Exordium Thugs","floor":8,"turns":5},{"damage":22,"enemies":"3 Sentries","floor":11,"turns":7},{"damage":0,"enemies":"2 Fungi Beasts","floor":12,"turns":2},{"damage":4,"enemies":"Slime Boss","floor":16,"turns":6},{"damage":23,"enemies":"2 Thieves","floor":18,"turns":3},{"damage":31,"enemies":"Shell Parasite","floor":20,"turns":5},{"damage":17,"enemies":"Centurion and Healer","floor":22,"turns":5},{"damage":0,"enemies":"Gremlin Leader","floor":25,"turns":4},{"damage":57,"enemies":"Book of Stabbing","floor":28,"turns":5}],"seed_played":"-5753051178372820648","potions_obtained":[{"floor":8,"key":"Swift Potion"},{"floor":11,"key":"Strength Potion"},{"floor":12,"key":"AttackPotion"},{"floor":20,"key":"PowerPotion"},{"floor":22,"key":"LiquidBronze"}],"is_trial":false,"path_per_floor":["M","?","?","M","?","E","M","M","T","R","E","M","T","$","R","B",null,"M","$","M","?","M","R","T","E","T","$","E"],"character_chosen":"THE_SILENT","items_purchased":["Lee\u0027s Waffle","Infinite Blades","Cloak And Dagger","Regen Potion","PiercingWail","AttackPotion"],"campfire_rested":2,"item_purchase_floors":[14,14,14,19,27,27],"current_hp_per_floor":[56,56,78,70,70,28,28,13,13,36,14,14,14,85,85,81,84,61,61,44,44,27,52,52,52,52,52,0],"gold":23,"neow_bonus":"TWENTY_PERCENT_HP_BONUS","is_prod":false,"is_daily":false,"chose_seed":false,"campfire_upgraded":1,"win_rate":0,"timestamp":1547321655,"path_taken":["M","?","?","M","?","E","M","M","T","R","E","M","?","$","R","BOSS","M","$","M","?","M","R","?","E","T","$","E"],"build_version":"2019-01-10","purchased_purges":1,"victory":false,"max_hp_per_floor":[78,78,78,78,78,78,78,78,78,78,78,78,78,85,85,85,85,85,85,85,85,85,85,85,85,85,85,85],"card_choices":[{"not_picked":["Outmaneuver","Dagger Throw"],"picked":"Predator","floor":1},{"not_picked":["Slice","Cloak And Dagger"],"picked":"Dagger Spray","floor":4},{"not_picked":["Predator","Masterful Stab"],"picked":"Blur","floor":6},{"not_picked":["Underhanded Strike","Escape Plan"],"picked":"Quick Slash","floor":7},{"not_picked":["Endless Agony","Backflip"],"picked":"Dagger Spray","floor":8},{"not_picked":["Eviscerate","Riddle With Holes"],"picked":"Well Laid Plans","floor":11},{"not_picked":["Backflip","Dagger Spray"],"picked":"Endless Agony","floor":12},{"not_picked":["Wraith Form v2","Night Terror"],"picked":"Die Die Die","floor":16},{"not_picked":["Expertise","Blade Dance"],"picked":"Infinite Blades","floor":18},{"not_picked":["Slice+1","Prepared"],"picked":"Blade Dance","floor":20},{"not_picked":["Flying Knee","Calculated Gamble","Choke"],"picked":"SKIP","floor":22},{"not_picked":["Blade Dance","Prepared"],"picked":"Escape Plan","floor":25}],"player_experience":817323,"relics_obtained":[{"floor":6,"key":"MawBank"},{"floor":9,"key":"Whetstone"},{"floor":11,"key":"Shuriken"},{"floor":13,"key":"Bottled Tornado"},{"floor":24,"key":"Molten Egg 2"},{"floor":25,"key":"Ancient Tea Set"},{"floor":26,"key":"Blood Vial"}],"event_choices":[{"damage_healed":0,"gold_gain":0,"player_choice":"Grow","damage_taken":0,"max_hp_gain":0,"max_hp_loss":0,"event_name":"Living Wall","floor":2,"gold_loss":0,"cards_upgraded":["Predator"]},{"damage_healed":26,"gold_gain":0,"player_choice":"Banana","damage_taken":0,"max_hp_gain":0,"max_hp_loss":0,"event_name":"Big Fish","floor":3,"gold_loss":0},{"damage_healed":0,"gold_gain":0,"player_choice":"Leave","damage_taken":0,"max_hp_gain":0,"max_hp_loss":0,"event_name":"The Cleric","floor":5,"gold_loss":0},{"damage_healed":0,"gold_gain":0,"player_choice":"Ignored","damage_taken":0,"max_hp_gain":0,"max_hp_loss":0,"event_name":"Ghosts","floor":21,"gold_loss":0}],"is_beta":false,"boss_relics":[{"not_picked":["Sozu","Tiny House"],"picked":"Empty Cage"}],"items_purged_floors":[14],"is_endless":false,"potions_floor_spawned":[8,11,12,20,22],"killed_by":"Book of Stabbing","ascension_level":19}