{"gold_per_floor":[111,111,136,136,155,155,189,204,204,204,235,253,212,225,225,225],"floor_reached":16,"playtime":959,"items_purged":[],"score":224,"play_id":"5c17ba68-d2d7-416e-ae3f-398643101524","local_time":"20190120153337","is_ascension_mode":true,"campfire_choices":[{"data":"Poisoned Stab","floor":6,"key":"SMITH"},{"floor":10,"key":"REST"},{"floor":15,"key":"REST"}],"neow_cost":"NONE","seed_source_timestamp":942163257454128,"circlet_count":0,"master_deck":["AscendersBane","Defend_G","Defend_G","Defend_G","Defend_G","Defend_G","Strike_G","Strike_G","Strike_G","Strike_G","Survivor","Neutralize","Poisoned Stab+1","Finisher","Backstab","Blade Dance","Skewer","Dodge and Roll"],"relics":["Ring of the Snake","Golden Idol","Peace Pipe","Matryoshka","Ornamental Fan"],"potions_floor_usage":[7,16],"damage_taken":[{"damage":0,"enemies":"2 Louse","floor":1,"turns":4},{"damage":3,"enemies":"Jaw Worm","floor":3,"turns":6},{"damage":1,"enemies":"Small Slimes","floor":5,"turns":3},{"damage":12,"enemies":"3 Sentries","floor":7,"turns":7},{"damage":11,"enemies":"Exordium Thugs","floor":8,"turns":5},{"damage":34,"enemies":"Gremlin Nob","floor":11,"turns":4},{"damage":5,"enemies":"Large Slime","floor":12,"turns":6},{"damage":5,"enemies":"3 Louse","floor":14,"turns":3},{"damage":31,"enemies":"The Guardian","floor":16,"turns":6}],"seed_played":"7793357912716467286","potions_obtained":[{"floor":1,"key":"Strength Potion"},{"floor":11,"key":"Block Potion"}],"is_trial":false,"path_per_floor":["M","?","M","?","M","R","E","M","T","R","E","M","?","M","R","B"],"character_chosen":"THE_SILENT","items_purchased":[],"campfire_rested":2,"item_purchase_floors":[],"current_hp_per_floor":[65,65,62,55,54,54,42,31,31,50,16,11,11,6,25,0],"gold":225,"neow_bonus":"TEN_PERCENT_HP_BONUS","is_prod":false,"is_daily":false,"chose_seed":false,"campfire_upgraded":1,"win_rate":0,"timestamp":1547998417,"path_taken":["M","?","M","?","M","R","E","M","T","R","E","M","?","M","R","BOSS"],"build_version":"2019-01-17v2","purchased_purges":0,"victory":false,"max_hp_per_floor":[72,65,65,65,65,65,65,65,65,65,65,65,65,65,65,65],"card_choices":[{"not_picked":["Eviscerate","Escape Plan","Slice"],"picked":"SKIP","floor":1},{"not_picked":["Bane","Caltrops"],"picked":"Poisoned Stab","floor":3},{"not_picked":["Dodge and Roll","Catalyst"],"picked":"Finisher","floor":5},{"not_picked":["Tactician","Sucker Punch"],"picked":"Backstab","floor":7},{"not_picked":["Slice","Eviscerate"],"picked":"Blade Dance","floor":8},{"not_picked":["Corpse Explosion","Blade Dance"],"picked":"Skewer","floor":11},{"not_picked":["Masterful Stab","Dagger Throw","Outmaneuver"],"picked":"SKIP","floor":12},{"not_picked":["Reflex","Bane"],"picked":"Dodge and Roll","floor":14}],"player_experience":950369,"relics_obtained":[{"floor":7,"key":"Peace Pipe"},{"floor":9,"key":"Matryoshka"},{"floor":11,"key":"Ornamental Fan"}],"event_choices":[{"damage_healed":0,"gold_gain":0,"player_choice":"Lose Max HP","damage_taken":0,"relics_obtained":["Golden Idol"],"max_hp_gain":0,"max_hp_loss":7,"event_name":"Golden Idol","floor":2,"gold_loss":0},{"cards_removed":["Strike_G"],"damage_healed":0,"gold_gain":0,"player_choice":"Card Removal","damage_taken":7,"max_hp_gain":0,"max_hp_loss":0,"event_name":"Golden Wing","floor":4,"gold_loss":0},{"damage_healed":0,"gold_gain":0,"player_choice":"Left Gold","damage_taken":0,"max_hp_gain":0,"max_hp_loss":0,"event_name":"World of Goop","floor":13,"gold_loss":41}],"is_beta":false,"boss_relics":[],"items_purged_floors":[],"is_endless":false,"potions_floor_spawned":[1,11],"killed_by":"The Guardian","ascension_level":20}