{"gold_per_floor":[359,376,376,376,301,301,331,331,331,31,65,77,107,118,118,118],"floor_reached":16,"playtime":1068,"items_purged":[],"score":261,"play_id":"76ccd888-e170-4ba4-a001-72eed9929df9","local_time":"20190119210848","is_ascension_mode":true,"campfire_choices":[{"data":"Dagger Spray","floor":6,"key":"SMITH"},{"floor":8,"key":"REST"},{"floor":15,"key":"REST"}],"neow_cost":"CURSE","seed_source_timestamp":875764302736658,"circlet_count":0,"master_deck":["AscendersBane","Defend_G","Defend_G","Defend_G","Defend_G","Defend_G","Strike_G","Strike_G","Strike_G","Strike_G","Strike_G","Survivor","Neutralize","Dash","Dagger Spray+1","Die Die Die","Footwork","Footwork","Dash"],"relics":["Ring of the Snake","Singing Bowl","Smiling Mask","Pear","Sling","Pocketwatch","Snake Skull"],"potions_floor_usage":[16],"damage_taken":[{"damage":0,"enemies":"Small Slimes","floor":1,"turns":4},{"damage":0,"enemies":"Jaw Worm","floor":2,"turns":5},{"damage":43,"enemies":"Gremlin Nob","floor":7,"turns":6},{"damage":9,"enemies":"3 Sentries","floor":11,"turns":4},{"damage":0,"enemies":"Cultist","floor":12,"turns":3},{"damage":26,"enemies":"Gremlin Nob","floor":13,"turns":4},{"damage":0,"enemies":"Blue Slaver","floor":14,"turns":3},{"damage":66,"enemies":"Hexaghost","floor":16,"turns":9}],"seed_played":"-1495646267234440294","potions_obtained":[{"floor":11,"key":"Regen Potion"},{"floor":12,"key":"GamblersBrew"},{"floor":13,"key":"Dexterity Potion"}],"is_trial":false,"path_per_floor":["M","M","?","T","?","R","E","R","T","$","E","M","E","M","R","B"],"character_chosen":"THE_SILENT","items_purchased":["Sling","Footwork"],"campfire_rested":2,"item_purchase_floors":[10,10],"current_hp_per_floor":[59,59,64,64,64,64,21,42,52,52,45,47,21,21,46,0],"gold":118,"neow_bonus":"TWO_FIFTY_GOLD","is_prod":false,"is_daily":false,"chose_seed":false,"campfire_upgraded":1,"win_rate":0,"timestamp":1547932128,"path_taken":["M","M","?","?","?","R","E","R","T","$","E","M","E","M","R","BOSS"],"build_version":"2019-01-17v2","purchased_purges":0,"victory":false,"max_hp_per_floor":[66,66,71,71,71,71,71,71,81,81,83,85,85,85,85,85],"card_choices":[{"not_picked":["Dodge and Roll","Backflip"],"picked":"Dash","floor":1},{"not_picked":["Cloak And Dagger","Escape Plan"],"picked":"Dagger Spray","floor":2},{"not_picked":["Dodge and Roll","Sucker Punch"],"picked":"Die Die Die","floor":7},{"not_picked":["Flying Knee","Underhanded Strike","Terror"],"picked":"Singing Bowl","floor":11},{"not_picked":["Flying Knee","Cloak And Dagger","Underhanded Strike"],"picked":"Singing Bowl","floor":12},{"not_picked":["Grand Finale","Backstab"],"picked":"Footwork","floor":13},{"not_picked":["Poisoned Stab","Prepared"],"picked":"Dash","floor":14}],"player_experience":931856,"relics_obtained":[{"floor":4,"key":"Singing Bowl"},{"floor":7,"key":"Smiling Mask"},{"floor":9,"key":"Pear"},{"floor":11,"key":"Pocketwatch"},{"floor":13,"key":"Snake Skull"}],"event_choices":[{"damage_healed":0,"gold_gain":0,"player_choice":"Donut","damage_taken":0,"max_hp_gain":5,"max_hp_loss":0,"event_name":"Big Fish","floor":3,"gold_loss":0},{"cards_removed":["Injury"],"damage_healed":0,"gold_gain":0,"player_choice":"Card Removal","damage_taken":0,"max_hp_gain":0,"max_hp_loss":0,"event_name":"The Cleric","floor":5,"gold_loss":75}],"is_beta":false,"boss_relics":[],"items_purged_floors":[],"is_endless":false,"potions_floor_spawned":[11,12,13],"killed_by":"Hexaghost","ascension_level":20}