{"gold_per_floor":[360,370,445,5,24,52,52,52,78,92,92,116,116,151,151,247,247,261,274,20,20,20,47,62,22,22,22,39,54,54,79,79,79],"floor_reached":33,"playtime":2360,"items_purged":["Strike_G"],"score":586,"play_id":"f3c41e92-16dd-4769-aec6-8f2d654efe25","local_time":"20190118001510","is_ascension_mode":true,"campfire_choices":[{"floor":7.0,"key":"REST"},{"data":"Skewer","floor":11.0,"key":"SMITH"},{"floor":13.0,"key":"REST"},{"floor":15.0,"key":"REST"},{"data":"Footwork","floor":27,"key":"SMITH"},{"floor":30,"key":"REST"},{"data":"Cloak And Dagger","floor":32,"key":"SMITH"}],"neow_cost":"PERCENT_DAMAGE","seed_source_timestamp":712757082933308,"circlet_count":0,"master_deck":["AscendersBane","Defend_G","Defend_G","Defend_G","Defend_G","Defend_G","Strike_G","Strike_G+1","Strike_G","Strike_G+1","Survivor","Neutralize","Skewer+1","Caltrops","All Out Attack+1","Dagger Throw+1","Well Laid Plans","Dodge and Roll","Backstab+1","Backstab+1","Glass Knife+1","After Image","Dagger Spray+1","Footwork+1","Cloak And Dagger+1","PiercingWail","Backflip","Glass Knife+1"],"special_seed":0,"relics":["Ring of the Snake","Molten Egg 2","Oddly Smooth Stone","Bloody Idol","Dream Catcher","Vajra","Boot","Eternal Feather","Tough Bandages","Kunai","Whetstone"],"potions_floor_usage":[23,31,33],"damage_taken":[{"damage":1.0,"enemies":"Jaw Worm","floor":1.0,"turns":6.0},{"damage":11.0,"enemies":"Small Slimes","floor":2.0,"turns":5.0},{"damage":0.0,"enemies":"2 Louse","floor":5.0,"turns":2.0},{"damage":19.0,"enemies":"Gremlin Nob","floor":6.0,"turns":4.0},{"damage":8.0,"enemies":"Large Slime","floor":10.0,"turns":4.0},{"damage":19.0,"enemies":"Lagavulin","floor":14.0,"turns":6.0},{"damage":14.0,"enemies":"The Guardian","floor":16.0,"turns":10.0},{"damage":2.0,"enemies":"3 Byrds","floor":18.0,"turns":6.0},{"damage":0.0,"enemies":"Spheric Guardian","floor":19.0,"turns":1.0},{"damage":27,"enemies":"Slavers","floor":23,"turns":7},{"damage":9,"enemies":"3 Cultists","floor":24,"turns":4},{"damage":13,"enemies":"Cultist and Chosen","floor":28,"turns":6},{"damage":26,"enemies":"Snake Plant","floor":29,"turns":2},{"damage":17,"enemies":"Book of Stabbing","floor":31,"turns":5},{"damage":76,"enemies":"Champ","floor":33,"turns":17}],"seed_played":"4713585712341598041","potions_obtained":[{"floor":1.0,"key":"Weak Potion"},{"floor":2.0,"key":"PowerPotion"},{"floor":10.0,"key":"GhostInAJar"},{"floor":16.0,"key":"FairyPotion"},{"floor":19.0,"key":"Dexterity Potion"},{"floor":24,"key":"SpeedPotion"},{"floor":31,"key":"Poison Potion"}],"is_trial":false,"path_per_floor":["M","M","?","$","M","E","R","?","T","M","R","T","R","E","R","B",null,"M","M","$","?","?","E","M","$","T","R","M","M","R","E","R","B"],"character_chosen":"THE_SILENT","items_purchased":["Molten Egg 2","Caltrops","All Out Attack+1","After Image","Footwork"],"campfire_rested":4,"item_purchase_floors":[4,4,4,20,25],"current_hp_per_floor":[43,32,21,21,21,2,21,21,21,13,13,13,31,12,30,16,49,47,47,47,47,59,37,33,33,33,45,37,16,49,37,52,0],"gold":79,"neow_bonus":"TWO_FIFTY_GOLD","is_prod":false,"is_daily":false,"chose_seed":false,"campfire_upgraded":3,"win_rate":0,"timestamp":1547770510,"path_taken":["M","M","?","$","M","E","R","?","T","M","R","?","R","E","R","BOSS","M","M","$","?","?","E","M","$","T","R","M","M","R","E","R","BOSS"],"build_version":"2019-01-10","purchased_purges":1,"victory":false,"max_hp_per_floor":[66,66,66,66,66,66,66,60,60,60,60,60,60,60,60,60,60,60,60,60,60,60,60,60,60,60,60,60,60,60,60,60,60],"card_choices":[{"not_picked":["Deadly Poison","Predator"],"picked":"Skewer","floor":1.0},{"not_picked":["Prepared","Deadly Poison","Dodge and Roll"],"picked":"SKIP","floor":2.0},{"not_picked":["Prepared","Deadly Poison","Dodge and Roll"],"picked":"SKIP","floor":2.0},{"not_picked":["Catalyst","Backflip"],"picked":"Dagger Throw+1","floor":5.0},{"not_picked":["Sucker Punch+1","Masterful Stab+1"],"picked":"Well Laid Plans","floor":6.0},{"not_picked":["Acrobatics","Prepared","Backflip"],"picked":"SKIP","floor":10.0},{"not_picked":["Accuracy","Noxious Fumes"],"picked":"Dodge and Roll","floor":13.0},{"not_picked":["Poisoned Stab+1","Well Laid Plans"],"picked":"Backstab+1","floor":14.0},{"not_picked":["Escape Plan","Outmaneuver"],"picked":"Backstab+1","floor":15.0},{"not_picked":["Corpse Explosion","Wraith Form v2"],"picked":"Glass Knife+1","floor":16.0},{"not_picked":["Caltrops","Predator+1","Prepared"],"picked":"SKIP","floor":18.0},{"not_picked":["Dagger Throw+1","Poisoned Stab+1","Noxious Fumes"],"picked":"SKIP","floor":19.0},{"not_picked":["Caltrops","Accuracy"],"picked":"Dagger Spray+1","floor":23},{"not_picked":["Predator+1","Slice+1","Quick Slash+1"],"picked":"SKIP","floor":24},{"not_picked":["Bane+1","Acrobatics"],"picked":"Cloak And Dagger","floor":28},{"not_picked":["Choke+1","Setup+1"],"picked":"PiercingWail","floor":29},{"not_picked":["Concentrate","Blade Dance"],"picked":"Backflip","floor":30},{"not_picked":["Reflex","Bane+1"],"picked":"Glass Knife+1","floor":31}],"player_experience":900191,"relics_obtained":[{"floor":6.0,"key":"Oddly Smooth Stone"},{"floor":9.0,"key":"Dream Catcher"},{"floor":12.0,"key":"Vajra"},{"floor":14.0,"key":"Boot"},{"floor":23,"key":"Tough Bandages"},{"floor":26,"key":"Kunai"},{"floor":31,"key":"Whetstone"}],"event_choices":[{"damage_healed":0.0,"max_hp_gain":0.0,"max_hp_loss":0.0,"gold_gain":75.0,"event_name":"World of Goop","player_choice":"Gather Gold","floor":3.0,"gold_loss":0.0,"damage_taken":11.0},{"damage_healed":0.0,"max_hp_gain":0.0,"max_hp_loss":6.0,"gold_gain":0.0,"event_name":"Golden Idol","player_choice":"Lose Max HP","floor":8.0,"gold_loss":0.0,"damage_taken":0.0,"relics_obtained":["Golden Idol"]},{"damage_healed":0.0,"max_hp_gain":0.0,"max_hp_loss":0.0,"gold_gain":0.0,"event_name":"Forgotten Altar","player_choice":"Gave Idol","floor":21.0,"relics_lost":["Golden Idol"],"gold_loss":0.0,"damage_taken":0.0,"relics_obtained":["Bloody Idol"]},{"damage_healed":12,"gold_gain":0,"player_choice":"Heal","damage_taken":0,"max_hp_gain":0,"max_hp_loss":0,"event_name":"The Library","floor":22,"gold_loss":0}],"is_beta":false,"boss_relics":[{"not_picked":["Coffee Dripper","Runic Dome"],"picked":"Eternal Feather"}],"items_purged_floors":[20],"is_endless":false,"potions_floor_spawned":[1,2,10,16,19,24,29,31],"killed_by":"Champ","ascension_level":20}