{"gold_per_floor":[210,228,228,139,52,52,65,97,97,108,133,208,208,222,222,297,347,366,416,426,426],"floor_reached":21,"playtime":2107,"items_purged":[],"score":378,"play_id":"ab8ebaa2-7d55-4e6c-aeb1-32e531b3417c","local_time":"20190118235524","is_ascension_mode":true,"campfire_choices":[{"data":"Skewer","floor":6,"key":"SMITH"},{"floor":13,"key":"REST"},{"data":"Malaise","floor":15,"key":"SMITH"}],"neow_cost":"NONE","seed_source_timestamp":798321367204306,"circlet_count":0,"master_deck":["AscendersBane","Defend_G","Defend_G","Defend_G","Defend_G+1","Defend_G","Strike_G","Strike_G","Strike_G","Strike_G","Survivor","Neutralize","Quick Slash","Skewer+1","Expertise","Caltrops","Well Laid Plans","PiercingWail","Malaise+1","Dash","Wraith Form v2","Backstab","Night Terror"],"relics":["Ring of the Snake","Meat on the Bone","Sundial","Prayer Wheel","Tiny House"],"potions_floor_usage":[11,16,18,21,21],"damage_taken":[{"damage":2,"enemies":"Cultist","floor":1,"turns":5},{"damage":2,"enemies":"2 Louse","floor":2,"turns":5},{"damage":2,"enemies":"Jaw Worm","floor":7,"turns":5},{"damage":45,"enemies":"Lagavulin","floor":8,"turns":8},{"damage":6,"enemies":"2 Fungi Beasts","floor":10,"turns":4},{"damage":12,"enemies":"3 Sentries","floor":11,"turns":10},{"damage":5,"enemies":"3 Louse","floor":14,"turns":4},{"damage":19,"enemies":"The Guardian","floor":16,"turns":15},{"damage":13,"enemies":"Chosen","floor":18,"turns":8},{"damage":30,"enemies":"Shell Parasite","floor":20,"turns":7},{"damage":35,"enemies":"Sentry and Sphere","floor":21,"turns":5}],"seed_played":"-8955846595378064816","potions_obtained":[{"floor":7,"key":"Ancient Potion"},{"floor":10,"key":"AttackPotion"},{"floor":11,"key":"SkillPotion"},{"floor":16,"key":"Block Potion"},{"floor":18,"key":"Explosive Potion"},{"floor":20,"key":"AttackPotion"}],"is_trial":false,"path_per_floor":["M","M","?","$","$","R","M","E","T","M","E","?","R","M","R","B",null,"M","?","M","M"],"character_chosen":"THE_SILENT","items_purchased":["Caltrops","Well Laid Plans"],"campfire_rested":1,"item_purchase_floors":[4,5],"current_hp_per_floor":[57,55,55,55,55,55,53,8,8,14,14,3,22,29,29,22,60,47,47,29,0],"gold":426,"neow_bonus":"HUNDRED_GOLD","is_prod":false,"is_daily":false,"chose_seed":false,"campfire_upgraded":2,"win_rate":0,"timestamp":1547855724,"path_taken":["M","M","?","?","$","R","M","E","T","M","E","?","R","M","R","BOSS","M","?","M","M"],"build_version":"2019-01-17v2","purchased_purges":0,"victory":false,"max_hp_per_floor":[66,66,66,66,66,66,66,66,66,66,66,66,66,66,66,66,71,71,71,71,71],"card_choices":[{"not_picked":["Blur","Prepared"],"picked":"Quick Slash","floor":1},{"not_picked":["Flying Knee","Blade Dance"],"picked":"Skewer","floor":2},{"not_picked":["Flying Knee","Endless Agony"],"picked":"PiercingWail","floor":7},{"not_picked":["Deadly Poison","Poisoned Stab","Dodge and Roll"],"picked":"SKIP","floor":8},{"not_picked":["Bane","Well Laid Plans"],"picked":"Malaise","floor":10},{"not_picked":["PiercingWail","Backflip","Tactician"],"picked":"SKIP","floor":11},{"not_picked":["Endless Agony","Terror"],"picked":"Dash","floor":14},{"not_picked":["Deadly Poison","Cloak And Dagger","PiercingWail"],"picked":"SKIP","floor":14},{"not_picked":["After Image","Burst"],"picked":"Wraith Form v2","floor":16},{"not_picked":["Quick Slash","Acrobatics"],"picked":"Backstab","floor":17},{"not_picked":["Calculated Gamble","Prepared","Sucker Punch"],"picked":"SKIP","floor":18},{"not_picked":["Slice","Dagger Spray","Outmaneuver"],"picked":"SKIP","floor":18},{"not_picked":["Calculated Gamble","Backflip"],"picked":"Night Terror","floor":20},{"not_picked":["Dodge and Roll","Flying Knee","Bouncing Flask"],"picked":"SKIP","floor":20}],"player_experience":918952,"relics_obtained":[{"floor":8,"key":"Meat on the Bone"},{"floor":9,"key":"Sundial"},{"floor":11,"key":"Prayer Wheel"}],"event_choices":[{"damage_healed":0,"gold_gain":0,"cards_transformed":["Strike_G"],"player_choice":"Transformed","damage_taken":0,"max_hp_gain":0,"max_hp_loss":0,"event_name":"Transmorgrifier","floor":3,"gold_loss":0,"cards_obtained":["Expertise"]},{"damage_healed":0,"gold_gain":75,"player_choice":"Gather Gold","damage_taken":11,"max_hp_gain":0,"max_hp_loss":0,"event_name":"World of Goop","floor":12,"gold_loss":0},{"damage_healed":0,"gold_gain":50,"player_choice":"Stole From Cult","damage_taken":0,"max_hp_gain":0,"max_hp_loss":0,"event_name":"Nest","floor":19,"gold_loss":0}],"is_beta":false,"boss_relics":[{"not_picked":["Fusion Hammer","WristBlade"],"picked":"Tiny House"}],"items_purged_floors":[],"is_endless":false,"potions_floor_spawned":[7,10,11,16,18,20],"killed_by":"Sentry and Sphere","ascension_level":20}