{"gold_per_floor":[215,215,229,242,256,283,18,18,92,92,104,104],"floor_reached":12,"playtime":867,"items_purged":["Strike_G"],"score":160,"play_id":"041d9f44-cb68-4fcd-a90c-a459114bf053","local_time":"20190117213417","is_ascension_mode":true,"campfire_choices":[{"floor":8,"key":"REST"}],"neow_cost":"NONE","seed_source_timestamp":704677007513954,"circlet_count":0,"master_deck":["AscendersBane","Defend_G+1","Defend_G","Defend_G","Defend_G","Defend_G","Strike_G","Strike_G","Strike_G","Strike_G","Survivor+1","Neutralize","Well Laid Plans","Dagger Spray","Caltrops","Poisoned Stab+1","Footwork","Quick Slash","Skewer"],"special_seed":0,"relics":["Ring of the Snake","Ginger","Letter Opener"],"potions_floor_usage":[6,6,11],"damage_taken":[{"damage":12.0,"enemies":"Cultist","floor":1.0,"turns":5.0},{"damage":0,"enemies":"Jaw Worm","floor":3,"turns":5},{"damage":0,"enemies":"2 Louse","floor":4,"turns":4},{"damage":3,"enemies":"Looter","floor":5,"turns":4},{"damage":22,"enemies":"Lagavulin","floor":6,"turns":8},{"damage":0,"enemies":"Blue Slaver","floor":11,"turns":3},{"damage":26,"enemies":"Gremlin Nob","floor":12,"turns":3}],"seed_played":"1351758176535860874","potions_obtained":[{"floor":1.0,"key":"Ancient Potion"},{"floor":4,"key":"Ancient Potion"}],"is_trial":false,"path_per_floor":["M","?","M","M","M","E","$","R","T","?","M","E"],"character_chosen":"THE_SILENT","items_purchased":["Footwork","Strength Potion","Quick Slash"],"campfire_rested":1,"item_purchase_floors":[7,7,7],"current_hp_per_floor":[47,27,27,27,24,2,2,21,21,21,21,0],"gold":104,"neow_bonus":"HUNDRED_GOLD","is_prod":false,"is_daily":false,"chose_seed":false,"campfire_upgraded":0,"win_rate":0,"timestamp":1547760857,"path_taken":["M","?","M","M","M","E","$","R","T","?","M","E"],"build_version":"2019-01-10","purchased_purges":1,"victory":false,"max_hp_per_floor":[66,66,66,66,66,66,66,66,66,66,66,66],"card_choices":[{"not_picked":["Bouncing Flask","Dagger Spray"],"picked":"Well Laid Plans","floor":1.0},{"not_picked":["Slice","Accuracy"],"picked":"Dagger Spray","floor":3},{"not_picked":["PiercingWail","Underhanded Strike"],"picked":"Caltrops","floor":4},{"not_picked":["Choke","Leg Sweep"],"picked":"Poisoned Stab","floor":5},{"not_picked":["Expertise","Bouncing Flask","Accuracy"],"picked":"SKIP","floor":6},{"not_picked":["Blade Dance","Accuracy"],"picked":"Skewer","floor":11}],"player_experience":893237,"relics_obtained":[{"floor":6,"key":"Ginger"},{"floor":9,"key":"Letter Opener"}],"event_choices":[{"damage_healed":0,"gold_gain":0,"player_choice":"Entered Light","damage_taken":20,"max_hp_gain":0,"max_hp_loss":0,"event_name":"Shining Light","floor":2,"gold_loss":0,"cards_upgraded":["Survivor","Defend_G"]},{"damage_healed":0,"gold_gain":0,"player_choice":"Forge","damage_taken":0,"max_hp_gain":0,"max_hp_loss":0,"event_name":"Accursed Blacksmith","floor":10,"gold_loss":0,"cards_upgraded":["Poisoned Stab"]}],"is_beta":false,"boss_relics":[],"items_purged_floors":[7],"is_endless":false,"potions_floor_spawned":[1,4],"killed_by":"Gremlin Nob","ascension_level":20}