{"gold_per_floor":[109,128,128,20,33,33,33,72,154,1,1,31,51,74,74,165,165,184,38,88,13,63,63,107,107,107,107,128,148,218,218],"floor_reached":31,"playtime":1563,"items_purged":["Strike_G"],"score":528,"play_id":"e486d5a0-bfa1-4003-afd6-9a0010774dc8","local_time":"20190113011313","is_ascension_mode":true,"campfire_choices":[{"data":"Dagger Spray","floor":6,"key":"SMITH"},{"floor":11,"key":"REST"},{"data":"Accuracy","floor":15,"key":"SMITH"},{"data":"Dagger Spray","floor":23,"key":"SMITH"},{"data":"Accuracy","floor":25,"key":"SMITH"},{"floor":27,"key":"REST"}],"neow_cost":"NONE","seed_source_timestamp":285084075965671,"circlet_count":0,"master_deck":["AscendersBane","Survivor","Neutralize","Adrenaline","Dagger Spray+1","Leg Sweep","Dagger Throw","Infinite Blades","Accuracy+1","Backstab","Unload","Accuracy","Finisher","Deflect","Dagger Spray+1","Underhanded Strike","Finisher","Deadly Poison","Backflip","Infinite Blades","Accuracy+1"],"relics":["Ring of the Snake","NeowsBlessing","Golden Idol","Centennial Puzzle","Mummified Hand","Pandora\u0027s Box","Dodecahedron","Frozen Egg 2","Tiny Chest"],"potions_floor_usage":[8,14,16,24,30,31,31],"damage_taken":[{"damage":0,"enemies":"Jaw Worm","floor":1,"turns":1},{"damage":0,"enemies":"Cultist","floor":2,"turns":1},{"damage":0,"enemies":"Small Slimes","floor":5,"turns":1},{"damage":7,"enemies":"3 Sentries","floor":8,"turns":6},{"damage":9,"enemies":"Exordium Thugs","floor":13,"turns":7},{"damage":0,"enemies":"2 Fungi Beasts","floor":14,"turns":2},{"damage":17,"enemies":"The Guardian","floor":16,"turns":11},{"damage":11,"enemies":"2 Thieves","floor":18,"turns":3},{"damage":15,"enemies":"Slavers","floor":24,"turns":3},{"damage":0,"enemies":"3 Byrds","floor":28,"turns":4},{"damage":17,"enemies":"Snecko","floor":29,"turns":4},{"damage":29,"enemies":"Book of Stabbing","floor":30,"turns":4},{"damage":7,"enemies":"Snake Plant","floor":31,"turns":2}],"seed_played":"-3192789764227852127","potions_obtained":[{"floor":1,"key":"AttackPotion"},{"floor":13,"key":"FearPotion"},{"floor":16,"key":"SpeedPotion"},{"floor":24,"key":"SkillPotion"},{"floor":30,"key":"Swift Potion"}],"is_trial":false,"path_per_floor":["M","M","?","$","M","R","?","E","T","$","R","?","M","M","R","B",null,"M","$","?","?","?","R","E","R","T","R","M","M","E","M"],"character_chosen":"THE_SILENT","items_purchased":["Dagger Spray","Poison Potion","Infinite Blades","Infinite Blades","FearPotion"],"campfire_rested":2,"item_purchase_floors":[4,4,10,19,19],"current_hp_per_floor":[59,59,59,59,59,59,36,29,29,29,48,48,39,39,39,22,55,44,44,44,44,44,44,29,29,29,48,48,31,2,0],"gold":218,"neow_bonus":"THREE_ENEMY_KILL","is_prod":false,"is_daily":false,"chose_seed":false,"campfire_upgraded":4,"win_rate":0,"timestamp":1547341993,"path_taken":["M","M","?","$","?","R","?","E","T","?","R","?","M","M","R","BOSS","M","$","?","?","?","R","E","R","T","R","M","M","E","M"],"build_version":"2019-01-10","purchased_purges":1,"victory":false,"max_hp_per_floor":[66,66,66,66,66,66,66,66,66,66,66,66,66,66,66,66,66,66,66,66,66,66,66,66,66,66,66,66,66,66,66],"card_choices":[{"not_picked":["Reflex","Dodge and Roll","Cloak And Dagger"],"picked":"SKIP","floor":1},{"not_picked":["Acrobatics","Heel Hook","Underhanded Strike"],"picked":"SKIP","floor":2},{"not_picked":["Sucker Punch","Deadly Poison"],"picked":"Leg Sweep","floor":5},{"not_picked":["Flying Knee","Cloak And Dagger"],"picked":"Dagger Throw","floor":8},{"not_picked":["Calculated Gamble","Burst"],"picked":"Accuracy","floor":13},{"not_picked":["Deadly Poison","Flying Knee"],"picked":"Backstab","floor":14},{"not_picked":["Doppelganger","Bullet Time"],"picked":"Unload","floor":16},{"not_picked":["Bane","Prepared"],"picked":"Backflip","floor":18},{"not_picked":["Sucker Punch","Setup+1"],"picked":"Accuracy","floor":24},{"not_picked":["Dagger Throw","Riddle With Holes","Acrobatics+1"],"picked":"SKIP","floor":28},{"not_picked":["Calculated Gamble+1","Bane","Noxious Fumes+1"],"picked":"SKIP","floor":29},{"not_picked":["Setup","Skewer","Predator"],"picked":"SKIP","floor":30}],"player_experience":833686,"relics_obtained":[{"floor":8,"key":"Centennial Puzzle"},{"floor":9,"key":"Mummified Hand"},{"floor":24,"key":"Dodecahedron"},{"floor":26,"key":"Frozen Egg 2"},{"floor":30,"key":"Tiny Chest"}],"event_choices":[{"damage_healed":0,"gold_gain":0,"cards_transformed":["Strike_G"],"player_choice":"Transformed","damage_taken":0,"max_hp_gain":0,"max_hp_loss":0,"event_name":"Transmorgrifier","floor":3,"gold_loss":0,"cards_obtained":["Adrenaline"]},{"damage_healed":0,"gold_gain":0,"player_choice":"Take Damage","damage_taken":23,"relics_obtained":["Golden Idol"],"max_hp_gain":0,"max_hp_loss":0,"event_name":"Golden Idol","floor":7,"gold_loss":0},{"damage_healed":0,"gold_gain":30,"player_choice":"Searched \u00272\u0027 times","damage_taken":0,"max_hp_gain":0,"max_hp_loss":0,"event_name":"Dead Adventurer","floor":12,"gold_loss":0},{"damage_healed":0,"gold_gain":50,"player_choice":"Stole From Cult","damage_taken":0,"max_hp_gain":0,"max_hp_loss":0,"event_name":"Nest","floor":20,"gold_loss":0},{"cards_removed":["Night Terror"],"damage_healed":0,"gold_gain":0,"player_choice":"Gave Gold","damage_taken":0,"max_hp_gain":0,"max_hp_loss":0,"event_name":"Beggar","floor":21,"gold_loss":75},{"damage_healed":0,"gold_gain":50,"player_choice":"Pray","damage_taken":0,"max_hp_gain":0,"max_hp_loss":0,"event_name":"Golden Shrine","floor":22,"gold_loss":0}],"is_beta":false,"boss_relics":[{"not_picked":["Velvet Choker","Runic Dome"],"picked":"Pandora\u0027s Box"}],"items_purged_floors":[10],"is_endless":false,"potions_floor_spawned":[1,13,16,24,30],"killed_by":"Snake Plant","ascension_level":19}