{"gold_per_floor":[111,129,129,94,94,109,109,144,144,144],"floor_reached":10,"playtime":451,"items_purged":[],"score":132,"play_id":"edba728a-cd48-433f-b393-958ae7a311ae","local_time":"20190119213041","is_ascension_mode":true,"campfire_choices":[{"data":"Deadly Poison","floor":7,"key":"SMITH"}],"neow_cost":"NONE","seed_source_timestamp":877694429394239,"circlet_count":0,"master_deck":["AscendersBane","Defend_G","Defend_G","Defend_G","Defend_G","Defend_G","Strike_G","Strike_G","Strike_G","Strike_G","Strike_G","Survivor","Neutralize","PiercingWail","Well Laid Plans","Deadly Poison+1","Glass Knife"],"relics":["Ring of the Snake","Golden Idol","NlothsMask","Gremlin Horn"],"potions_floor_usage":[8,10],"damage_taken":[{"damage":8,"enemies":"Jaw Worm","floor":1,"turns":7},{"damage":0,"enemies":"2 Louse","floor":2,"turns":4},{"damage":9,"enemies":"Cultist","floor":6,"turns":5},{"damage":28,"enemies":"3 Sentries","floor":8,"turns":10},{"damage":25,"enemies":"Gremlin Nob","floor":10,"turns":3}],"seed_played":"-9161522900437756789","potions_obtained":[{"floor":2,"key":"LiquidBronze"},{"floor":8,"key":"PowerPotion"}],"is_trial":false,"path_per_floor":["M","M","?","?","?","M","R","E","T","E"],"character_chosen":"THE_SILENT","items_purchased":[],"campfire_rested":0,"item_purchase_floors":[],"current_hp_per_floor":[57,57,32,50,50,41,41,13,13,0],"gold":144,"neow_bonus":"TEN_PERCENT_HP_BONUS","is_prod":false,"is_daily":false,"chose_seed":false,"campfire_upgraded":1,"win_rate":0,"timestamp":1547933441,"path_taken":["M","M","?","?","?","?","R","E","T","E"],"build_version":"2019-01-17v2","purchased_purges":0,"victory":false,"max_hp_per_floor":[72,72,72,72,72,72,72,72,72,72],"card_choices":[{"not_picked":["Slice","Deflect"],"picked":"PiercingWail","floor":1},{"not_picked":["Acrobatics","Cloak And Dagger"],"picked":"Well Laid Plans","floor":2},{"not_picked":["Slice","Endless Agony"],"picked":"Deadly Poison","floor":6},{"not_picked":["Masterful Stab","Slice"],"picked":"Glass Knife","floor":8}],"player_experience":933573,"relics_obtained":[{"floor":8,"key":"Gremlin Horn"}],"event_choices":[{"damage_healed":0,"gold_gain":0,"player_choice":"Take Damage","damage_taken":25,"relics_obtained":["Golden Idol"],"max_hp_gain":0,"max_hp_loss":0,"event_name":"Golden Idol","floor":3,"gold_loss":0},{"damage_healed":18,"gold_gain":0,"player_choice":"Healed","damage_taken":0,"max_hp_gain":0,"max_hp_loss":0,"event_name":"The Cleric","floor":4,"gold_loss":35},{"damage_healed":0,"gold_gain":0,"player_choice":"Trade","damage_taken":0,"relics_obtained":["NlothsMask"],"max_hp_gain":0,"max_hp_loss":0,"event_name":"FaceTrader","floor":5,"gold_loss":0}],"is_beta":false,"boss_relics":[],"items_purged_floors":[],"is_endless":false,"potions_floor_spawned":[2,8],"killed_by":"Gremlin Nob","ascension_level":20}