{"gold_per_floor":[117,132,21,38,38,38,65,85,85,153,70,70],"floor_reached":12,"playtime":540,"items_purged":[],"score":152,"play_id":"a249c5d4-d830-4b29-84e2-7ecd3eccc4d5","local_time":"20190113121907","is_ascension_mode":true,"campfire_choices":[{"floor":6,"key":"REST"}],"neow_cost":"NONE","seed_source_timestamp":326106423669498,"circlet_count":0,"master_deck":["AscendersBane","Defend_G","Defend_G","Defend_G","Defend_G","Defend_G","Strike_G","Strike_G","Strike_G","Strike_G","Strike_G","Survivor","Neutralize+1","Flechettes","Caltrops","Poisoned Stab","Backstab","Poisoned Stab","Crippling Poison","Poisoned Stab+1"],"relics":["Ring of the Snake","Dream Catcher","Molten Egg 2","Pantograph"],"potions_floor_usage":[8,12],"damage_taken":[{"damage":11,"enemies":"Cultist","floor":1,"turns":4},{"damage":21,"enemies":"Jaw Worm","floor":2,"turns":6},{"damage":6,"enemies":"2 Louse","floor":4,"turns":2},{"damage":36,"enemies":"3 Sentries","floor":7,"turns":10},{"damage":1,"enemies":"Looter","floor":8,"turns":3},{"damage":4,"enemies":"Large Slime","floor":12,"turns":3}],"seed_played":"7409654941284482923","potions_obtained":[{"floor":1,"key":"Weak Potion"},{"floor":2,"key":"Strength Potion"}],"is_trial":false,"path_per_floor":["M","M","$","M","?","R","E","M","T","T","$","M"],"character_chosen":"THE_SILENT","items_purchased":["Caltrops","Poisoned Stab","Poisoned Stab+1","Block Potion"],"campfire_rested":1,"item_purchase_floors":[3,3,11,11],"current_hp_per_floor":[48,27,27,21,21,40,4,3,3,3,3,0],"gold":70,"neow_bonus":"UPGRADE_CARD","is_prod":false,"is_daily":false,"chose_seed":false,"campfire_upgraded":0,"win_rate":0,"timestamp":1547381947,"path_taken":["M","M","$","M","?","R","E","M","T","?","?","M"],"build_version":"2019-01-10","purchased_purges":0,"victory":false,"max_hp_per_floor":[66,66,66,66,66,66,66,66,66,66,66,66],"card_choices":[{"not_picked":["Terror","Bane"],"picked":"Flechettes","floor":1},{"not_picked":["Eviscerate","Underhanded Strike","Deflect"],"picked":"SKIP","floor":2},{"not_picked":["Cloak And Dagger","Acrobatics"],"picked":"Backstab","floor":4},{"not_picked":["Cloak And Dagger","Riddle With Holes"],"picked":"Poisoned Stab","floor":7},{"not_picked":["Deflect","Flying Knee"],"picked":"Crippling Poison","floor":8}],"player_experience":840322,"relics_obtained":[{"floor":7,"key":"Dream Catcher"},{"floor":9,"key":"Molten Egg 2"},{"floor":10,"key":"Pantograph"}],"event_choices":[{"damage_healed":0,"gold_gain":0,"player_choice":"Ignored","damage_taken":0,"max_hp_gain":0,"max_hp_loss":0,"event_name":"Shining Light","floor":5,"gold_loss":0}],"is_beta":false,"boss_relics":[],"items_purged_floors":[],"is_endless":false,"potions_floor_spawned":[1,2,7],"killed_by":"Large Slime","ascension_level":19}