{"gold_per_floor":[118,133,151,67,81,115,115,142,166,178,203,250,312,11,11,85,85,103,103,118,131,131,131,46,46,69,83,118,118,134,167,167,167],"floor_reached":33,"playtime":4112,"items_purged":[],"score":595,"play_id":"4b602d4d-e31f-484b-8d17-63db62a32a2e","local_time":"20190112205001","is_ascension_mode":true,"campfire_choices":[{"floor":7.0,"key":"REST"},{"floor":10.0,"key":"REST"},{"floor":15.0,"key":"REST"},{"floor":23,"key":"DIG"},{"floor":25,"key":"DIG"},{"floor":29,"key":"REST"},{"floor":32,"key":"REST"}],"neow_cost":"TEN_PERCENT_HP_LOSS","seed_source_timestamp":0,"circlet_count":0,"master_deck":["AscendersBane","Defend_G","Defend_G","Defend_G","Defend_G","Defend_G","Strike_G","Strike_G","Strike_G","Strike_G","Strike_G","Survivor+1","Neutralize","Quick Slash","Riddle With Holes","Quick Slash","Caltrops","Caltrops","Glass Knife+1","PiercingWail+1","Backstab+1","Crippling Poison","Glass Knife+1","Adrenaline","Regret","Well Laid Plans+1","Distraction+1"],"special_seed":0,"relics":["Ring of the Snake","Pocketwatch","Centennial Puzzle","Omamori","MawBank","Blood Vial","Whetstone","Calling Bell","Sundial","Shovel","War Paint","Strawberry","Pen Nib","Art of War","Bronze Scales","Mummified Hand","Blue Candle"],"potions_floor_usage":[27,33,33],"damage_taken":[{"damage":1.0,"enemies":"Cultist","floor":1.0,"turns":3.0},{"damage":1.0,"enemies":"Small Slimes","floor":2.0,"turns":3.0},{"damage":0.0,"enemies":"2 Louse","floor":3.0,"turns":2.0},{"damage":8.0,"enemies":"Looter","floor":5.0,"turns":5.0},{"damage":30.0,"enemies":"Lagavulin","floor":6.0,"turns":5.0},{"damage":17.0,"enemies":"3 Sentries","floor":8.0,"turns":7.0},{"damage":10.0,"enemies":"Exordium Wildlife","floor":11.0,"turns":3.0},{"damage":25.0,"enemies":"Lagavulin","floor":12.0,"turns":6.0},{"damage":11.0,"enemies":"Hexaghost","floor":16.0,"turns":9.0},{"damage":7,"enemies":"Chosen","floor":18,"turns":5},{"damage":1,"enemies":"3 Byrds","floor":20,"turns":4},{"damage":20,"enemies":"Snake Plant","floor":21,"turns":3},{"damage":2,"enemies":"Snecko","floor":27,"turns":4},{"damage":16,"enemies":"Gremlin Leader","floor":28,"turns":6},{"damage":11,"enemies":"Centurion and Healer","floor":30,"turns":4},{"damage":21,"enemies":"Slavers","floor":31,"turns":5},{"damage":68,"enemies":"Champ","floor":33,"turns":11}],"seed_played":"-8252253167274453968","potions_obtained":[{"floor":2.0,"key":"AttackPotion"},{"floor":3.0,"key":"Fire Potion"},{"floor":8.0,"key":"PowerPotion"},{"floor":12.0,"key":"GhostInAJar"},{"floor":20,"key":"Dexterity Potion"},{"floor":21,"key":"Explosive Potion"},{"floor":28,"key":"PowerPotion"}],"is_trial":false,"path_per_floor":["M","M","M","$","M","E","R","E","T","R","M","E","?","$","R","B",null,"M","?","M","M","?","R","?","R","T","M","E","R","M","E","R","B"],"character_chosen":"THE_SILENT","items_purchased":["Caltrops","Glass Knife","Whetstone"],"campfire_rested":5,"item_purchase_floors":[4,14,14],"current_hp_per_floor":[58,57,57,57,49,19,37,20,20,38,28,3,3,3,21,12,48,43,43,44,26,38,45,45,45,45,45,31,51,42,23,43,0],"gold":167,"neow_bonus":"ONE_RARE_RELIC","is_prod":false,"is_daily":false,"chose_seed":false,"campfire_upgraded":0,"win_rate":0,"timestamp":1547326201,"path_taken":["M","M","?","$","M","E","R","E","T","R","M","E","?","$","R","BOSS","M","?","M","?","?","R","?","R","T","M","E","R","M","E","R","BOSS"],"build_version":"2019-01-10","purchased_purges":0,"victory":false,"max_hp_per_floor":[60,60,60,60,60,60,60,60,60,60,60,60,60,60,60,60,60,60,60,60,60,60,67,67,67,67,67,67,67,67,67,67,67],"card_choices":[{"not_picked":["Expertise","Sucker Punch"],"picked":"Quick Slash","floor":1.0},{"not_picked":["Underhanded Strike","Catalyst"],"picked":"Riddle With Holes","floor":2.0},{"not_picked":["Blur","Poisoned Stab"],"picked":"Quick Slash","floor":3.0},{"not_picked":["Catalyst","Reflex"],"picked":"Caltrops","floor":5.0},{"not_picked":["Dagger Spray","Deadly Poison"],"picked":"Glass Knife","floor":6.0},{"not_picked":["Heel Hook","Bane"],"picked":"PiercingWail","floor":8.0},{"not_picked":["Noxious Fumes","Prepared"],"picked":"Backstab","floor":11.0},{"not_picked":["Concentrate","Deadly Poison"],"picked":"Crippling Poison","floor":12.0},{"not_picked":["Die Die Die","Malaise"],"picked":"Adrenaline","floor":16.0},{"not_picked":["Blade Dance+1","Cloak And Dagger"],"picked":"Well Laid Plans+1","floor":18},{"not_picked":["Dagger Throw","Quick Slash","Deflect"],"picked":"SKIP","floor":20},{"not_picked":["Finisher","Deflect","Sucker Punch"],"picked":"SKIP","floor":21},{"not_picked":["Flying Knee","Prepared","Finisher"],"picked":"SKIP","floor":27},{"not_picked":["Blade Dance","Quick Slash"],"picked":"Distraction+1","floor":28},{"not_picked":["Terror","Infinite Blades","Reflex"],"picked":"SKIP","floor":30},{"not_picked":["Bane","Dagger Spray","Burst"],"picked":"SKIP","floor":31}],"player_experience":819969,"relics_obtained":[{"floor":6.0,"key":"Centennial Puzzle"},{"floor":8.0,"key":"Omamori"},{"floor":9.0,"key":"MawBank"},{"floor":12.0,"key":"Blood Vial"},{"floor":17.0,"key":"Sundial"},{"floor":17.0,"key":"Shovel"},{"floor":17.0,"key":"War Paint"},{"floor":23,"key":"Strawberry"},{"floor":25,"key":"Art of War"},{"floor":26,"key":"Bronze Scales"},{"floor":28,"key":"Mummified Hand"},{"floor":31,"key":"Blue Candle"}],"event_choices":[{"damage_healed":0.0,"max_hp_gain":0.0,"max_hp_loss":0.0,"gold_gain":50.0,"event_name":"Golden Shrine","player_choice":"Pray","floor":13.0,"gold_loss":0.0,"damage_taken":0.0},{"damage_healed":0,"gold_gain":0,"player_choice":"Upgraded","damage_taken":0,"max_hp_gain":0,"max_hp_loss":0,"event_name":"Upgrade Shrine","floor":19,"gold_loss":0,"cards_upgraded":["Glass Knife"]},{"damage_healed":12,"gold_gain":0,"player_choice":"Heal","damage_taken":0,"max_hp_gain":0,"max_hp_loss":0,"event_name":"The Library","floor":22,"gold_loss":0},{"damage_healed":0,"gold_gain":0,"player_choice":"Obtained Relic","damage_taken":0,"relics_obtained":["Pen Nib"],"max_hp_gain":0,"max_hp_loss":0,"event_name":"Addict","floor":24,"gold_loss":85}],"is_beta":false,"boss_relics":[{"not_picked":["Busted Crown","Runic Pyramid"],"picked":"Calling Bell"}],"items_purged_floors":[],"is_endless":false,"potions_floor_spawned":[2,3,5,8,12,20,21,28],"killed_by":"Champ","ascension_level":19}