{"gold_per_floor":[216,216,229,241,10,10,37,56,83,95,95,126,141,151,151,225,225,241,241,260,49,66,66,78,92,92,92,103,123,148,11,11,11],"floor_reached":33,"playtime":2499,"items_purged":[],"score":552,"play_id":"2c39881d-6a1e-4d70-909a-af80b16511e3","local_time":"20190112221702","is_ascension_mode":true,"campfire_choices":[{"data":"Quick Slash","floor":6,"key":"SMITH"},{"floor":11,"key":"REST"},{"floor":15,"key":"REST"},{"floor":23,"key":"REST"},{"data":"Envenom","floor":27,"key":"SMITH"},{"floor":32,"key":"REST"}],"neow_cost":"NONE","seed_source_timestamp":273614362389167,"circlet_count":0,"master_deck":["AscendersBane","Defend_G","Defend_G","Defend_G","Defend_G","Defend_G","Strike_G","Strike_G","Survivor","Neutralize+1","Quick Slash+1","Footwork","Slice","PiercingWail","Well Laid Plans","Poisoned Stab","Backstab","Sucker Punch","Poisoned Stab","Adrenaline","Crippling Poison+1","Glass Knife+1","Expertise+1","Blur+1","Slice+1","Dagger Spray","Envenom+1","Deflect","Catalyst","Deadly Poison","Infinite Blades"],"relics":["Ring of the Snake","Medical Kit","Bronze Scales","Regal Pillow","Bag of Marbles","Astrolabe","Kunai","WingedGreaves"],"potions_floor_usage":[7,12,20,28,30,33],"damage_taken":[{"damage":3,"enemies":"2 Louse","floor":1,"turns":3},{"damage":4,"enemies":"Cultist","floor":3,"turns":3},{"damage":7,"enemies":"Small Slimes","floor":4,"turns":3},{"damage":32,"enemies":"Gremlin Nob","floor":7,"turns":5},{"damage":6,"enemies":"Looter","floor":8,"turns":4},{"damage":1,"enemies":"Blue Slaver","floor":10,"turns":4},{"damage":25,"enemies":"Lagavulin","floor":12,"turns":8},{"damage":0,"enemies":"2 Fungi Beasts","floor":13,"turns":2},{"damage":0,"enemies":"Looter","floor":14,"turns":1},{"damage":24,"enemies":"Hexaghost","floor":16,"turns":9},{"damage":11,"enemies":"Spheric Guardian","floor":18,"turns":3},{"damage":9,"enemies":"Chosen","floor":20,"turns":5},{"damage":12,"enemies":"Snake Plant","floor":22,"turns":4},{"damage":2,"enemies":"3 Cultists","floor":24,"turns":4},{"damage":1,"enemies":"Centurion and Healer","floor":25,"turns":9},{"damage":30,"enemies":"Snecko","floor":28,"turns":6},{"damage":0,"enemies":"Chosen and Byrds","floor":29,"turns":3},{"damage":9,"enemies":"Slavers","floor":30,"turns":4},{"damage":54,"enemies":"Collector","floor":33,"turns":6}],"seed_played":"-7116841291294070180","potions_obtained":[{"floor":4,"key":"Dexterity Potion"},{"floor":7,"key":"Explosive Potion"},{"floor":12,"key":"Weak Potion"},{"floor":14,"key":"Weak Potion"},{"floor":20,"key":"Dexterity Potion"},{"floor":30,"key":"SmokeBomb"}],"is_trial":false,"path_per_floor":["M","?","M","M","$","R","E","M","T","M","R","E","M","M","R","B",null,"M","?","M","$","M","R","M","M","T","R","M","M","E","$","R","B"],"character_chosen":"THE_SILENT","items_purchased":["Medical Kit","Dagger Spray","Envenom","Infinite Blades","Poison Potion"],"campfire_rested":4,"item_purchase_floors":[5,21,21,31,31],"current_hp_per_floor":[56,56,52,45,45,45,13,7,7,6,40,15,15,15,49,25,56,45,45,36,36,24,58,56,55,55,55,25,25,16,16,50,0],"gold":11,"neow_bonus":"HUNDRED_GOLD","is_prod":false,"is_daily":false,"chose_seed":false,"campfire_upgraded":2,"win_rate":0,"timestamp":1547331422,"path_taken":["M","?","M","M","$","R","E","M","T","M","R","E","?","M","R","BOSS","M","?","M","$","M","R","M","M","T","R","M","M","E","$","R","BOSS"],"build_version":"2019-01-10","purchased_purges":0,"victory":false,"max_hp_per_floor":[66,66,66,66,66,66,66,66,66,66,66,66,66,66,66,66,66,66,66,66,66,66,66,66,66,66,66,66,66,66,66,66,66],"card_choices":[{"not_picked":["Escape Plan","Blade Dance"],"picked":"Quick Slash","floor":1},{"not_picked":["Choke","Quick Slash"],"picked":"Footwork","floor":3},{"not_picked":["Prepared","Flying Knee"],"picked":"Slice","floor":4},{"not_picked":["Expertise","Accuracy"],"picked":"PiercingWail","floor":7},{"not_picked":["Riddle With Holes","Sucker Punch"],"picked":"Well Laid Plans","floor":8},{"not_picked":["Concentrate","Cloak And Dagger"],"picked":"Poisoned Stab","floor":10},{"not_picked":["Choke","Distraction"],"picked":"Backstab","floor":12},{"not_picked":["Wraith Form v2","Slice"],"picked":"Sucker Punch","floor":13},{"not_picked":["Underhanded Strike","Concentrate"],"picked":"Poisoned Stab","floor":14},{"not_picked":["Night Terror","Wraith Form v2"],"picked":"Adrenaline","floor":16},{"not_picked":["Outmaneuver","Underhanded Strike+1"],"picked":"Blur+1","floor":18},{"not_picked":["Prepared","Eviscerate"],"picked":"Slice+1","floor":20},{"not_picked":["Cloak And Dagger","Poisoned Stab","Blade Dance"],"picked":"SKIP","floor":22},{"not_picked":["Caltrops","Dodge and Roll"],"picked":"Deflect","floor":24},{"not_picked":["Concentrate","Acrobatics"],"picked":"Catalyst","floor":25},{"not_picked":["Blade Dance","Quick Slash","Bane"],"picked":"SKIP","floor":28},{"not_picked":["Tools of the Trade","Quick Slash","Underhanded Strike"],"picked":"SKIP","floor":29},{"not_picked":["Predator","Well Laid Plans"],"picked":"Deadly Poison","floor":30}],"player_experience":826486,"relics_obtained":[{"floor":7,"key":"Bronze Scales"},{"floor":9,"key":"Regal Pillow"},{"floor":12,"key":"Bag of Marbles"},{"floor":26,"key":"Kunai"},{"floor":30,"key":"WingedGreaves"}],"event_choices":[{"damage_healed":0,"gold_gain":0,"player_choice":"Forge","damage_taken":0,"max_hp_gain":0,"max_hp_loss":0,"event_name":"Accursed Blacksmith","floor":2,"gold_loss":0,"cards_upgraded":["Neutralize"]},{"damage_healed":0,"gold_gain":0,"player_choice":"Ignored","damage_taken":0,"max_hp_gain":0,"max_hp_loss":0,"event_name":"Beggar","floor":19,"gold_loss":0}],"is_beta":false,"boss_relics":[{"not_picked":["Runic Pyramid","Empty Cage"],"picked":"Astrolabe"}],"items_purged_floors":[],"is_endless":false,"potions_floor_spawned":[4,7,12,14,20,25,30],"killed_by":"Collector","ascension_level":19}