{"gold_per_floor":[119,28,28,40,50,50,84,100,146,157,25,25,50,68,68,146,146,166,185,185,185],"floor_reached":21,"playtime":1498,"items_purged":["Strike_G"],"score":372,"play_id":"b426098b-6dc5-4ec3-a95b-3adc2432a765","local_time":"20190112224503","is_ascension_mode":true,"campfire_choices":[{"data":"Neutralize","floor":6,"key":"SMITH"},{"data":"Envenom","floor":12,"key":"SMITH"},{"data":"Cloak And Dagger","floor":15,"key":"SMITH"}],"neow_cost":"NONE","seed_source_timestamp":276298619165577,"circlet_count":0,"master_deck":["AscendersBane","Defend_G","Defend_G","Defend_G","Defend_G","Defend_G","Strike_G","Strike_G","Strike_G","Strike_G","Survivor","Neutralize+1","All Out Attack","Choke","Cloak And Dagger+1","Die Die Die","Dash","Envenom+1","Die Die Die","Acrobatics","Caltrops+1"],"relics":["Ring of the Snake","Happy Flower","Matryoshka","PreservedInsect","Centennial Puzzle","Pantograph","Snecko Eye"],"potions_floor_usage":[8,16,16,19],"damage_taken":[{"damage":4,"enemies":"Jaw Worm","floor":1,"turns":6},{"damage":0,"enemies":"Cultist","floor":4,"turns":3},{"damage":0,"enemies":"Small Slimes","floor":5,"turns":1},{"damage":18,"enemies":"Gremlin Nob","floor":7,"turns":4},{"damage":0,"enemies":"Blue Slaver","floor":8,"turns":6},{"damage":0,"enemies":"Lots of Slimes","floor":10,"turns":1},{"damage":19,"enemies":"Lagavulin","floor":13,"turns":6},{"damage":4,"enemies":"2 Fungi Beasts","floor":14,"turns":3},{"damage":17,"enemies":"The Guardian","floor":16,"turns":10},{"damage":12,"enemies":"2 Thieves","floor":18,"turns":3},{"damage":6,"enemies":"Shell Parasite","floor":19,"turns":3},{"damage":47,"enemies":"Sentry and Sphere","floor":21,"turns":5}],"seed_played":"-2420902567135566019","potions_obtained":[{"floor":5,"key":"Regen Potion"},{"floor":7,"key":"GamblersBrew"},{"floor":8,"key":"Energy Potion"},{"floor":19,"key":"Fruit Juice"}],"is_trial":false,"path_per_floor":["M","$","?","M","M","R","E","M","T","M","$","R","E","M","R","B",null,"M","M","$","M"],"character_chosen":"THE_SILENT","items_purchased":["Choke","Cloak And Dagger","PowerPotion"],"campfire_rested":0,"item_purchase_floors":[2,2,11],"current_hp_per_floor":[55,55,55,55,55,55,37,52,52,52,52,52,33,29,29,37,59,47,46,46,0],"gold":185,"neow_bonus":"RANDOM_COMMON_RELIC","is_prod":false,"is_daily":false,"chose_seed":false,"campfire_upgraded":3,"win_rate":0,"timestamp":1547333103,"path_taken":["M","$","?","M","M","R","E","M","T","?","$","R","E","M","R","BOSS","M","M","?","M"],"build_version":"2019-01-10","purchased_purges":1,"victory":false,"max_hp_per_floor":[66,66,66,66,66,66,66,66,66,66,66,66,66,66,66,66,66,66,71,71,71],"card_choices":[{"not_picked":["Bane","Blur"],"picked":"All Out Attack","floor":1},{"not_picked":["Poisoned Stab","Bane","Acrobatics"],"picked":"SKIP","floor":4},{"not_picked":["Outmaneuver","Finisher"],"picked":"Dash","floor":5},{"not_picked":["Deflect","Slice","Backflip"],"picked":"SKIP","floor":7},{"not_picked":["Blade Dance","Cloak And Dagger"],"picked":"Envenom","floor":8},{"not_picked":["Blade Dance","Quick Slash","Expertise"],"picked":"SKIP","floor":10},{"not_picked":["Dagger Spray","Terror","Dagger Throw"],"picked":"SKIP","floor":13},{"not_picked":["Acrobatics","Blade Dance","Flying Knee"],"picked":"SKIP","floor":14},{"not_picked":["Phantasmal Killer","Venomology"],"picked":"Die Die Die","floor":16},{"not_picked":["Dodge and Roll","Backflip"],"picked":"Acrobatics","floor":18},{"not_picked":["Backstab","Setup"],"picked":"Caltrops+1","floor":19}],"player_experience":828985,"relics_obtained":[{"floor":7,"key":"Matryoshka"},{"floor":9,"key":"PreservedInsect"},{"floor":9,"key":"Centennial Puzzle"},{"floor":13,"key":"Pantograph"}],"event_choices":[{"damage_healed":0,"gold_gain":0,"player_choice":"1 cards matched","damage_taken":0,"max_hp_gain":0,"max_hp_loss":0,"event_name":"Match and Keep!","floor":3,"gold_loss":0,"cards_obtained":["Die Die Die"]},{"damage_healed":0,"gold_gain":0,"player_choice":"1 cards matched","damage_taken":0,"max_hp_gain":0,"max_hp_loss":0,"event_name":"Match and Keep!","floor":3,"gold_loss":0,"cards_obtained":["Die Die Die"]}],"is_beta":false,"boss_relics":[{"not_picked":["Tiny House","Orrery"],"picked":"Snecko Eye"}],"items_purged_floors":[11],"is_endless":false,"potions_floor_spawned":[5,7,8,19],"killed_by":"Sentry and Sphere","ascension_level":19}