{"gold_per_floor":[113,128,18,18,31,62,62,78,78,78,3,30,30,45,45,45],"floor_reached":16,"playtime":1538,"items_purged":["Strike_G"],"score":200,"play_id":"266f8db6-fa39-4db0-8f80-1a2633c2dcdb","local_time":"20190120102211","is_ascension_mode":true,"campfire_choices":[{"floor":7,"key":"REST"},{"data":"Cloak And Dagger","floor":10,"key":"SMITH"},{"data":"Noxious Fumes","floor":13,"key":"SMITH"},{"floor":15,"key":"REST"}],"neow_cost":"NONE","seed_source_timestamp":922898310556081,"circlet_count":0,"master_deck":["AscendersBane","Defend_G","Defend_G","Defend_G","Defend_G","Defend_G","Strike_G","Strike_G","Strike_G","Strike_G","Survivor","Neutralize","Cloak And Dagger+1","Quick Slash","Footwork","Flying Knee","Cloak And Dagger+1","Crippling Poison","Noxious Fumes+1","Deadly Poison"],"relics":["Ring of the Snake","Blood Vial","Dodecahedron","Odd Mushroom"],"potions_floor_usage":[16,16],"damage_taken":[{"damage":0,"enemies":"Cultist","floor":1,"turns":4},{"damage":4,"enemies":"Jaw Worm","floor":2,"turns":7},{"damage":9,"enemies":"2 Louse","floor":5,"turns":4},{"damage":45,"enemies":"Gremlin Nob","floor":6,"turns":5},{"damage":2,"enemies":"Looter","floor":8,"turns":4},{"damage":7,"enemies":"The Mushroom Lair","floor":12,"turns":4},{"damage":3,"enemies":"2 Fungi Beasts","floor":14,"turns":3},{"damage":49,"enemies":"Slime Boss","floor":16,"turns":6}],"seed_played":"1359781405624531918","potions_obtained":[{"floor":12,"key":"Poison Potion"},{"floor":14,"key":"Ancient Potion"}],"is_trial":false,"path_per_floor":["M","M","$","?","M","E","R","M","T","R","$","?","R","M","R","B"],"character_chosen":"THE_SILENT","items_purchased":["Footwork","Flying Knee"],"campfire_rested":2,"item_purchase_floors":[3,3],"current_hp_per_floor":[65,61,61,61,52,7,28,28,28,28,28,23,23,22,43,0],"gold":45,"neow_bonus":"TEN_PERCENT_HP_BONUS","is_prod":false,"is_daily":false,"chose_seed":false,"campfire_upgraded":2,"win_rate":0,"timestamp":1547979731,"path_taken":["M","?","?","?","M","E","R","?","T","R","$","?","R","M","R","BOSS"],"build_version":"2019-01-17v2","purchased_purges":1,"victory":false,"max_hp_per_floor":[72,72,72,72,72,72,72,72,72,72,72,72,72,72,72,72],"card_choices":[{"not_picked":["Heel Hook","Acrobatics"],"picked":"Cloak And Dagger","floor":1},{"not_picked":["Prepared","Footwork"],"picked":"Quick Slash","floor":2},{"not_picked":["Blade Dance","Heel Hook"],"picked":"Cloak And Dagger","floor":5},{"not_picked":["Deadly Poison","Doppelganger"],"picked":"Crippling Poison","floor":6},{"not_picked":["Sucker Punch","Slice"],"picked":"Noxious Fumes","floor":8},{"not_picked":["Crippling Poison","Poisoned Stab"],"picked":"Deadly Poison","floor":12},{"not_picked":["Terror","Distraction","Flechettes"],"picked":"SKIP","floor":14}],"player_experience":938701,"relics_obtained":[{"floor":6,"key":"Blood Vial"},{"floor":9,"key":"Dodecahedron"},{"floor":12,"key":"Odd Mushroom"}],"event_choices":[{"damage_healed":0,"gold_gain":0,"player_choice":"Forge","damage_taken":0,"max_hp_gain":0,"max_hp_loss":0,"event_name":"Accursed Blacksmith","floor":4,"gold_loss":0,"cards_upgraded":["Cloak And Dagger"]},{"damage_healed":0,"gold_gain":0,"player_choice":"Fought Mushrooms","damage_taken":0,"max_hp_gain":0,"max_hp_loss":0,"event_name":"Mushrooms","floor":12,"gold_loss":0}],"is_beta":false,"boss_relics":[],"items_purged_floors":[11],"is_endless":false,"potions_floor_spawned":[12,14],"killed_by":"Slime Boss","ascension_level":20}