{"gold_per_floor":[363,51,63,83,103,103,123,123,147,147,147,147,112,124,124,203,203,220,237,237,251,251],"floor_reached":22,"playtime":1333,"items_purged":[],"score":356,"play_id":"88ceb588-4c23-4eed-8586-59902b583f84","local_time":"20190115212324","is_ascension_mode":true,"campfire_choices":[{"floor":6,"key":"REST"},{"floor":10,"key":"REST"},{"floor":12,"key":"REST"},{"data":"Finisher","floor":15,"key":"SMITH"}],"neow_cost":"PERCENT_DAMAGE","seed_source_timestamp":530771203868312,"circlet_count":0,"master_deck":["AscendersBane","Defend_G","Defend_G","Defend_G","Defend_G","Defend_G","Strike_G+1","Strike_G","Strike_G","Strike_G","Strike_G+1","Survivor","Neutralize","Well Laid Plans","Infinite Blades","Dagger Spray","Finisher+1","Backstab","Quick Slash+1","Infinite Blades"],"relics":["Ring of the Snake","Kunai","Potion Belt","Lantern","Eternal Feather"],"potions_floor_usage":[18,18,21,21,22],"damage_taken":[{"damage":10,"enemies":"Small Slimes","floor":1,"turns":6},{"damage":4,"enemies":"2 Louse","floor":3,"turns":5},{"damage":0,"enemies":"Jaw Worm","floor":4,"turns":5},{"damage":5,"enemies":"Blue Slaver","floor":5,"turns":5},{"damage":17,"enemies":"Lots of Slimes","floor":7,"turns":5},{"damage":5,"enemies":"Looter","floor":14,"turns":2},{"damage":16,"enemies":"The Guardian","floor":16,"turns":13},{"damage":0,"enemies":"Shell Parasite","floor":18,"turns":1},{"damage":33,"enemies":"Chosen","floor":19,"turns":6},{"damage":21,"enemies":"Snake Plant","floor":21,"turns":5},{"damage":5,"enemies":"3 Cultists","floor":22,"turns":3}],"seed_played":"-8099721742308874785","potions_obtained":[{"floor":5,"key":"FearPotion"},{"floor":14,"key":"SpeedPotion"},{"floor":16,"key":"SkillPotion"},{"floor":18,"key":"EssenceOfSteel"},{"floor":21,"key":"Block Potion"}],"is_trial":false,"path_per_floor":["M","$","M","M","M","R","M","?","T","R","?","R","?","M","R","B",null,"M","M","?","M","M"],"character_chosen":"THE_SILENT","items_purchased":["Kunai","Well Laid Plans"],"campfire_rested":3,"item_purchase_floors":[2,2],"current_hp_per_floor":[34,34,30,30,25,44,27,7,7,26,8,27,43,38,38,22,55,55,22,22,1,0],"gold":251,"neow_bonus":"TWO_FIFTY_GOLD","is_prod":false,"is_daily":false,"chose_seed":false,"campfire_upgraded":1,"win_rate":0,"timestamp":1547587404,"path_taken":["M","$","M","M","M","R","M","?","T","R","?","R","?","M","R","BOSS","M","M","?","M","M"],"build_version":"2019-01-10","purchased_purges":0,"victory":false,"max_hp_per_floor":[66,66,66,66,66,66,66,66,66,66,66,66,66,66,66,66,66,66,66,66,66,66],"card_choices":[{"not_picked":["Blade Dance","Deflect","Cloak And Dagger"],"picked":"SKIP","floor":1},{"not_picked":["Deadly Poison","Dodge and Roll"],"picked":"Infinite Blades","floor":3},{"not_picked":["Tactician","Poisoned Stab"],"picked":"Dagger Spray","floor":4},{"not_picked":["Prepared","Setup","Deadly Poison"],"picked":"SKIP","floor":5},{"not_picked":["Heel Hook","Dagger Throw"],"picked":"Finisher","floor":7},{"not_picked":["Predator","Distraction"],"picked":"Backstab","floor":14},{"not_picked":["Sucker Punch","Catalyst"],"picked":"Quick Slash+1","floor":18},{"not_picked":["Dagger Throw","Night Terror","Flechettes"],"picked":"SKIP","floor":19},{"not_picked":["Slice","Flying Knee"],"picked":"Infinite Blades","floor":21}],"player_experience":883911,"relics_obtained":[{"floor":9,"key":"Potion Belt"}],"event_choices":[{"damage_healed":0,"gold_gain":0,"player_choice":"Entered Light","damage_taken":20,"max_hp_gain":0,"max_hp_loss":0,"event_name":"Shining Light","floor":8,"gold_loss":0,"cards_upgraded":["Strike_G","Strike_G"]},{"damage_healed":0,"gold_gain":0,"player_choice":"Success","damage_taken":18,"relics_obtained":["Lantern"],"max_hp_gain":0,"max_hp_loss":0,"event_name":"Scrap Ooze","floor":11,"gold_loss":0},{"damage_healed":16,"gold_gain":0,"player_choice":"Healed","damage_taken":0,"max_hp_gain":0,"max_hp_loss":0,"event_name":"The Cleric","floor":13,"gold_loss":35},{"damage_healed":0,"gold_gain":0,"player_choice":"Ignored","damage_taken":0,"max_hp_gain":0,"max_hp_loss":0,"event_name":"Vampires","floor":20,"gold_loss":0}],"is_beta":false,"boss_relics":[{"not_picked":["Snecko Eye","Philosopher\u0027s Stone"],"picked":"Eternal Feather"}],"items_purged_floors":[],"is_endless":false,"potions_floor_spawned":[5,14,16,18,21],"killed_by":"3 Cultists","ascension_level":20}