{"gold_per_floor":[112,131,131,48,66,66,11,24,99,111,144,144,144,179,179,250,250,261,281,281,300,29,59,59,59,127,127,127],"floor_reached":28,"playtime":3611,"items_purged":["Strike_G"],"score":479,"play_id":"ea7408d4-4e6a-40d1-aedb-c3507a29da63","local_time":"20190112182638","is_ascension_mode":true,"campfire_choices":[{"data":"Neutralize","floor":6.0,"key":"SMITH"},{"floor":12.0,"key":"REST"},{"data":"Infinite Blades","floor":15.0,"key":"SMITH"},{"data":"Cloak And Dagger","floor":24,"key":"SMITH"},{"floor":27,"key":"REST"}],"neow_cost":"CURSE","seed_source_timestamp":258587568117804,"circlet_count":0,"master_deck":["AscendersBane","Defend_G","Defend_G","Defend_G","Defend_G","Defend_G","Strike_G","Strike_G","Strike_G","Strike_G","Survivor","Neutralize+1","All Out Attack","Predator","Footwork","Riddle With Holes","Slice","Backflip","Infinite Blades+1","Deflect","Footwork","Dodge and Roll","Caltrops","Cloak And Dagger+1"],"special_seed":0,"relics":["Ring of the Snake","Spirit Poop","Kunai","Oddly Smooth Stone","Lantern","Philosopher\u0027s Stone","Juzu Bracelet","Matryoshka"],"potions_floor_usage":[23,23,28],"damage_taken":[{"damage":8.0,"enemies":"Small Slimes","floor":1.0,"turns":5.0},{"damage":12.0,"enemies":"Cultist","floor":2.0,"turns":4.0},{"damage":4.0,"enemies":"2 Louse","floor":5.0,"turns":3.0},{"damage":4.0,"enemies":"Looter","floor":8.0,"turns":4.0},{"damage":2.0,"enemies":"Large Slime","floor":10.0,"turns":5.0},{"damage":12.0,"enemies":"3 Sentries","floor":11.0,"turns":5.0},{"damage":7.0,"enemies":"Lagavulin","floor":14.0,"turns":6.0},{"damage":51.0,"enemies":"The Guardian","floor":16.0,"turns":16.0},{"damage":0.0,"enemies":"Chosen","floor":18.0,"turns":6.0},{"damage":19.0,"enemies":"2 Thieves","floor":19.0,"turns":4.0},{"damage":8,"enemies":"Centurion and Healer","floor":21,"turns":10},{"damage":23,"enemies":"Book of Stabbing","floor":23,"turns":6},{"damage":70,"enemies":"Slavers","floor":28,"turns":4}],"seed_played":"3025713534728783528","potions_obtained":[{"floor":1.0,"key":"PowerPotion"},{"floor":10.0,"key":"Fire Potion"},{"floor":11.0,"key":"SteroidPotion"},{"floor":14.0,"key":"Weak Potion"},{"floor":18.0,"key":"Ancient Potion"},{"floor":19.0,"key":"Dexterity Potion"},{"floor":23,"key":"Poison Potion"}],"is_trial":false,"path_per_floor":["M","M","?","$","M","R","$","M","T","M","E","R","?","E","R","B",null,"M","M","?","M","$","E","R","?","T","R","E"],"character_chosen":"THE_SILENT","items_purchased":["Footwork","AttackPotion","Strength Potion","Dodge and Roll","Caltrops"],"campfire_rested":2,"item_purchase_floors":[4,7,22,22,22],"current_hp_per_floor":[63,51,51,51,47,47,47,43,43,41,29,52,78,71,71,20,64,64,45,61,53,53,30,30,30,30,53,0],"gold":127,"neow_bonus":"TWENTY_PERCENT_HP_BONUS","is_prod":false,"is_daily":false,"chose_seed":false,"campfire_upgraded":3,"win_rate":0,"timestamp":1547317598,"path_taken":["M","M","?","?","M","R","$","M","T","?","E","R","?","E","R","BOSS","M","M","?","M","$","E","R","?","T","R","E"],"build_version":"2019-01-10","purchased_purges":1,"victory":false,"max_hp_per_floor":[78,78,78,78,78,78,78,78,78,78,78,78,78,78,78,78,78,78,78,78,78,78,78,78,78,78,78,78],"card_choices":[{"not_picked":["Setup","Backstab"],"picked":"All Out Attack","floor":1.0},{"not_picked":["PiercingWail","All Out Attack"],"picked":"Predator","floor":2.0},{"not_picked":["Prepared","Catalyst"],"picked":"Riddle With Holes","floor":5.0},{"not_picked":["Deadly Poison","Setup"],"picked":"Slice","floor":8.0},{"not_picked":["Poisoned Stab","Underhanded Strike"],"picked":"Backflip","floor":10.0},{"not_picked":["Tactician","Sucker Punch","Corpse Explosion"],"picked":"SKIP","floor":11.0},{"not_picked":["Well Laid Plans","Reflex"],"picked":"Infinite Blades","floor":14.0},{"not_picked":["Deadly Poison","Flying Knee"],"picked":"Deflect","floor":18.0},{"not_picked":["Poisoned Stab","Acrobatics","Deflect"],"picked":"SKIP","floor":19.0},{"not_picked":["Acrobatics","Deflect"],"picked":"Footwork","floor":21},{"not_picked":["Dagger Spray","Dodge and Roll+1"],"picked":"Cloak And Dagger","floor":23}],"player_experience":812667,"relics_obtained":[{"floor":9.0,"key":"Kunai"},{"floor":11.0,"key":"Oddly Smooth Stone"},{"floor":14.0,"key":"Lantern"},{"floor":23,"key":"Juzu Bracelet"},{"floor":26,"key":"Matryoshka"}],"event_choices":[{"cards_removed":["Normality"],"damage_healed":0.0,"max_hp_gain":0.0,"max_hp_loss":0.0,"gold_gain":0.0,"event_name":"Bonfire Elementals","player_choice":"Offered Curse","floor":3.0,"gold_loss":0.0,"damage_taken":0.0,"relics_obtained":["Spirit Poop"]},{"damage_healed":26.0,"max_hp_gain":0.0,"max_hp_loss":0.0,"gold_gain":0.0,"event_name":"Big Fish","player_choice":"Banana","floor":13.0,"gold_loss":0.0,"damage_taken":0.0},{"damage_healed":16,"gold_gain":0,"player_choice":"Heal","damage_taken":0,"max_hp_gain":0,"max_hp_loss":0,"event_name":"The Library","floor":20,"gold_loss":0},{"damage_healed":0,"gold_gain":0,"player_choice":"Ignored","damage_taken":0,"max_hp_gain":0,"max_hp_loss":0,"event_name":"The Mausoleum","floor":25,"gold_loss":0}],"is_beta":false,"boss_relics":[{"not_picked":["Orrery","Eternal Feather"],"picked":"Philosopher\u0027s Stone"}],"items_purged_floors":[22],"is_endless":false,"potions_floor_spawned":[1,10,11,14,18,19,23],"killed_by":"Slavers","ascension_level":19}