{"gold_per_floor":[110,52,52,127,144,144,178,178,178,178,208,208,133,152,152,226,226,199,211,221,63,75,75,100,100],"floor_reached":25,"playtime":1759,"items_purged":[],"score":458,"play_id":"b2a6e3f2-9de4-4c91-b09a-ef3483400d1d","local_time":"20190119235656","is_ascension_mode":true,"campfire_choices":[{"data":"Dagger Spray","floor":6,"key":"SMITH"},{"data":"Deadly Poison","floor":8,"key":"SMITH"},{"floor":10,"key":"REST"},{"floor":15,"key":"REST"},{"data":"Footwork","floor":23,"key":"SMITH"}],"neow_cost":"NONE","seed_source_timestamp":885160898737069,"circlet_count":0,"master_deck":["AscendersBane","Defend_G","Defend_G","Defend_G","Defend_G","Defend_G","Strike_G","Strike_G","Strike_G","Strike_G","Survivor","Neutralize+1","Dagger Spray+1","Poisoned Stab","Deadly Poison+1","Dodge and Roll","Dodge and Roll","Adrenaline","Footwork+1","Deflect","Dodge and Roll","Prepared+1"],"relics":["Ring of the Snake","Art of War","Pantograph","Gremlin Horn","Runic Pyramid","Snake Skull","Omamori"],"potions_floor_usage":[7,7,18,24,24,25,25,25],"damage_taken":[{"damage":0,"enemies":"Small Slimes","floor":1,"turns":4},{"damage":1,"enemies":"2 Louse","floor":5,"turns":3},{"damage":26,"enemies":"Lagavulin","floor":7,"turns":7},{"damage":30,"enemies":"3 Sentries","floor":11,"turns":7},{"damage":2,"enemies":"Jaw Worm","floor":14,"turns":3},{"damage":26,"enemies":"The Guardian","floor":16,"turns":11},{"damage":5,"enemies":"2 Thieves","floor":18,"turns":4},{"damage":5,"enemies":"Shell Parasite","floor":19,"turns":5},{"damage":0,"enemies":"Centurion and Healer","floor":20,"turns":9},{"damage":4,"enemies":"Snecko","floor":22,"turns":6},{"damage":37,"enemies":"Book of Stabbing","floor":24,"turns":8},{"damage":12,"enemies":"Cultist and Chosen","floor":25,"turns":8}],"seed_played":"3104329718363586956","potions_obtained":[{"floor":1,"key":"LiquidBronze"},{"floor":5,"key":"GamblersBrew"},{"floor":11,"key":"Block Potion"},{"floor":14,"key":"Block Potion"},{"floor":19,"key":"Energy Potion"},{"floor":24,"key":"EntropicBrew"}],"is_trial":false,"path_per_floor":["M","$","?","?","M","R","E","R","T","R","E","?","?","M","R","B",null,"M","M","M","$","M","R","E","M"],"character_chosen":"THE_SILENT","items_purchased":["Dagger Spray","Snake Skull"],"campfire_rested":2,"item_purchase_floors":[2,21],"current_hp_per_floor":[59,59,64,53,52,52,26,26,26,47,17,17,17,15,36,35,62,57,52,52,52,48,48,11,0],"gold":100,"neow_bonus":"UPGRADE_CARD","is_prod":false,"is_daily":false,"chose_seed":false,"campfire_upgraded":3,"win_rate":0,"timestamp":1547942216,"path_taken":["M","$","?","?","M","R","E","R","T","R","E","?","?","?","R","BOSS","M","M","M","$","M","R","E","M"],"build_version":"2019-01-17v2","purchased_purges":0,"victory":false,"max_hp_per_floor":[66,66,71,71,71,71,71,71,71,71,71,71,71,71,71,71,71,71,71,71,71,71,71,71,71],"card_choices":[{"not_picked":["Blur","Backflip","Acrobatics"],"picked":"SKIP","floor":1},{"not_picked":["Masterful Stab","Expertise"],"picked":"Poisoned Stab","floor":5},{"not_picked":["Slice","Terror"],"picked":"Deadly Poison","floor":7},{"not_picked":["Riddle With Holes","Finisher"],"picked":"Dodge and Roll","floor":11},{"not_picked":["Tactician","Slice"],"picked":"Dodge and Roll","floor":14},{"not_picked":["After Image","Bullet Time"],"picked":"Adrenaline","floor":16},{"not_picked":["Riddle With Holes","Choke"],"picked":"Footwork","floor":18},{"not_picked":["Concentrate","Underhanded Strike"],"picked":"Deflect","floor":19},{"not_picked":["Cloak And Dagger+1","Accuracy+1"],"picked":"Dodge and Roll","floor":20},{"not_picked":["Well Laid Plans","Cloak And Dagger+1","Slice"],"picked":"SKIP","floor":22},{"not_picked":["Eviscerate","Masterful Stab"],"picked":"Prepared+1","floor":24}],"player_experience":936942,"relics_obtained":[{"floor":7,"key":"Art of War"},{"floor":9,"key":"Pantograph"},{"floor":11,"key":"Gremlin Horn"},{"floor":24,"key":"Omamori"}],"event_choices":[{"damage_healed":0,"gold_gain":0,"player_choice":"Donut","damage_taken":0,"max_hp_gain":5,"max_hp_loss":0,"event_name":"Big Fish","floor":3,"gold_loss":0},{"damage_healed":0,"gold_gain":75,"player_choice":"Gather Gold","damage_taken":11,"max_hp_gain":0,"max_hp_loss":0,"event_name":"World of Goop","floor":4,"gold_loss":0},{"damage_healed":0,"gold_gain":0,"player_choice":"Ignored","damage_taken":0,"max_hp_gain":0,"max_hp_loss":0,"event_name":"Shining Light","floor":12,"gold_loss":0},{"cards_removed":["Strike_G"],"damage_healed":0,"gold_gain":0,"player_choice":"Card Removal","damage_taken":0,"max_hp_gain":0,"max_hp_loss":0,"event_name":"The Cleric","floor":13,"gold_loss":75}],"is_beta":false,"boss_relics":[{"not_picked":["HoveringKite","Eternal Feather"],"picked":"Runic Pyramid"}],"items_purged_floors":[],"is_endless":false,"potions_floor_spawned":[1,5,11,14,19,24],"killed_by":"Cultist and Chosen","ascension_level":20}