{"gold_per_floor":[117,133,67,84,84,84,110,122,122,153,19,38,54,66,66,66],"floor_reached":16,"playtime":1045,"items_purged":[],"score":222,"play_id":"4b6c7e61-56f1-4e9f-8ca3-6ff7c528f882","local_time":"20190112184842","is_ascension_mode":true,"campfire_choices":[{"data":"Poisoned Stab","floor":6,"key":"SMITH"},{"floor":15,"key":"REST"}],"neow_cost":"NONE","seed_source_timestamp":262559651949275,"circlet_count":0,"master_deck":["AscendersBane","Defend_G","Defend_G","Defend_G","Defend_G","Defend_G","Strike_G","Strike_G","Strike_G","Strike_G","Strike_G","Survivor","Neutralize","Poisoned Stab+1","Leg Sweep","Blade Dance","Crippling Poison","Skewer","Malaise","Dagger Throw","Dagger Spray","Escape Plan"],"relics":["Ring of the Snake","Centennial Puzzle","The Courier","Pocketwatch","Nunchaku","Snake Skull"],"potions_floor_usage":[7,10,10,13],"damage_taken":[{"damage":1,"enemies":"2 Louse","floor":1,"turns":3},{"damage":4,"enemies":"Small Slimes","floor":2,"turns":4},{"damage":0,"enemies":"Jaw Worm","floor":4,"turns":4},{"damage":25,"enemies":"Gremlin Nob","floor":7,"turns":5},{"damage":1,"enemies":"2 Fungi Beasts","floor":8,"turns":4},{"damage":10,"enemies":"Lagavulin","floor":10,"turns":7},{"damage":0,"enemies":"Blue Slaver","floor":12,"turns":4},{"damage":3,"enemies":"Gremlin Gang","floor":13,"turns":4},{"damage":3,"enemies":"Looter","floor":14,"turns":3},{"damage":38,"enemies":"Slime Boss","floor":16,"turns":8}],"seed_played":"5149159480660843388","potions_obtained":[{"floor":4,"key":"GhostInAJar"},{"floor":7,"key":"Poison Potion"},{"floor":8,"key":"Dexterity Potion"},{"floor":10,"key":"LiquidBronze"}],"is_trial":false,"path_per_floor":["M","M","?","M","?","R","E","M","T","E","$","M","M","M","R","B"],"character_chosen":"THE_SILENT","items_purchased":["Snake Skull"],"campfire_rested":1,"item_purchase_floors":[11],"current_hp_per_floor":[58,54,54,54,54,54,29,28,28,18,18,18,15,12,31,0],"gold":66,"neow_bonus":"RANDOM_COMMON_RELIC","is_prod":false,"is_daily":false,"chose_seed":false,"campfire_upgraded":1,"win_rate":0,"timestamp":1547318922,"path_taken":["M","M","?","M","?","R","E","M","T","E","$","M","M","M","R","BOSS"],"build_version":"2019-01-10","purchased_purges":0,"victory":false,"max_hp_per_floor":[66,66,66,66,66,66,66,66,66,66,66,66,66,66,66,66],"card_choices":[{"not_picked":["Bane","Backflip"],"picked":"Poisoned Stab","floor":1},{"not_picked":["Acrobatics","Slice"],"picked":"Leg Sweep","floor":2},{"not_picked":["Slice","Blur"],"picked":"Blade Dance","floor":4},{"not_picked":["Well Laid Plans","Deadly Poison"],"picked":"Crippling Poison","floor":7},{"not_picked":["Riddle With Holes","Deadly Poison"],"picked":"Skewer","floor":8},{"not_picked":["Finisher","Setup"],"picked":"Malaise","floor":10},{"not_picked":["Blade Dance","Prepared"],"picked":"Dagger Throw","floor":12},{"not_picked":["Sucker Punch","Slice"],"picked":"Dagger Spray","floor":13},{"not_picked":["Choke","Dagger Throw"],"picked":"Escape Plan","floor":14}],"player_experience":816278,"relics_obtained":[{"floor":7,"key":"The Courier"},{"floor":9,"key":"Pocketwatch"},{"floor":10,"key":"Nunchaku"}],"event_choices":[{"damage_healed":0,"gold_gain":0,"player_choice":"Left Gold","damage_taken":0,"max_hp_gain":0,"max_hp_loss":0,"event_name":"World of Goop","floor":3,"gold_loss":66},{"damage_healed":0,"gold_gain":0,"player_choice":"Ignored","damage_taken":0,"max_hp_gain":0,"max_hp_loss":0,"event_name":"Golden Idol","floor":5,"gold_loss":0}],"is_beta":false,"boss_relics":[],"items_purged_floors":[],"is_endless":false,"potions_floor_spawned":[4,7,8,10],"killed_by":"Slime Boss","ascension_level":19}