{"gold_per_floor":[113,56,71,91,110,110,138,138,138,165,165,165,165,179,179,179],"floor_reached":16,"playtime":976,"items_purged":[],"score":220,"play_id":"681ea4d5-63a8-41a7-adfe-98216f3353ea","local_time":"20190118084822","is_ascension_mode":true,"campfire_choices":[{"data":"Quick Slash","floor":6,"key":"SMITH"},{"floor":8,"key":"REST"},{"floor":11,"key":"REST"},{"data":"PiercingWail","floor":15,"key":"SMITH"}],"neow_cost":"NONE","seed_source_timestamp":745029525531307,"circlet_count":0,"master_deck":["AscendersBane","Defend_G","Defend_G","Defend_G","Defend_G","Defend_G","Strike_G","Strike_G+1","Strike_G","Strike_G+1","Strike_G","Survivor","Neutralize","Quick Slash+1","Dash","PiercingWail+1","Poisoned Stab"],"relics":["Ring of the Snake","Anchor","Pantograph","Shuriken","Matryoshka"],"potions_floor_usage":[5,5,10,13,16,16],"damage_taken":[{"damage":11,"enemies":"Small Slimes","floor":1,"turns":5},{"damage":1,"enemies":"Cultist","floor":3,"turns":3},{"damage":0,"enemies":"2 Louse","floor":4,"turns":3},{"damage":5,"enemies":"Gremlin Gang","floor":5,"turns":5},{"damage":30,"enemies":"3 Sentries","floor":7,"turns":10},{"damage":21,"enemies":"Lagavulin","floor":10,"turns":8},{"damage":0,"enemies":"Large Slime","floor":14,"turns":3},{"damage":57,"enemies":"Slime Boss","floor":16,"turns":8}],"seed_played":"5293084075458020276","potions_obtained":[{"floor":3,"key":"Strength Potion"},{"floor":7,"key":"SpeedPotion"},{"floor":13,"key":"Fruit Juice"},{"floor":13,"key":"Regen Potion"},{"floor":14,"key":"SkillPotion"}],"is_trial":false,"path_per_floor":["M","$","M","M","M","R","E","R","T","E","R","?","?","M","R","B"],"character_chosen":"THE_SILENT","items_purchased":["Poison Potion"],"campfire_rested":2,"item_purchase_floors":[2],"current_hp_per_floor":[48,48,47,47,42,42,12,31,31,10,29,9,14,14,14,0],"gold":179,"neow_bonus":"RANDOM_COMMON_RELIC","is_prod":false,"is_daily":false,"chose_seed":false,"campfire_upgraded":2,"win_rate":0,"timestamp":1547801302,"path_taken":["M","$","M","M","M","R","E","R","T","E","R","?","?","M","R","BOSS"],"build_version":"2019-01-10","purchased_purges":0,"victory":false,"max_hp_per_floor":[66,66,66,66,66,66,66,66,66,66,66,66,71,71,71,71],"card_choices":[{"not_picked":["Deflect","Acrobatics"],"picked":"Quick Slash","floor":1},{"not_picked":["Eviscerate","Prepared"],"picked":"Dash","floor":3},{"not_picked":["Dagger Throw","Leg Sweep"],"picked":"PiercingWail","floor":4},{"not_picked":["Bouncing Flask","Acrobatics"],"picked":"Poisoned Stab","floor":5},{"not_picked":["Cloak And Dagger","Bane","Flying Knee"],"picked":"SKIP","floor":7},{"not_picked":["Expertise","Prepared","Deadly Poison"],"picked":"SKIP","floor":10},{"not_picked":["Sucker Punch","Poisoned Stab","Underhanded Strike"],"picked":"SKIP","floor":14}],"player_experience":904099,"relics_obtained":[{"floor":7,"key":"Pantograph"},{"floor":9,"key":"Shuriken"},{"floor":10,"key":"Matryoshka"}],"event_choices":[{"damage_healed":0,"gold_gain":0,"player_choice":"Entered Light","damage_taken":20,"max_hp_gain":0,"max_hp_loss":0,"event_name":"Shining Light","floor":12,"gold_loss":0,"cards_upgraded":["Strike_G","Strike_G"]},{"damage_healed":0,"gold_gain":0,"player_choice":"Got Potions","damage_taken":0,"max_hp_gain":0,"max_hp_loss":0,"event_name":"Lab","floor":13,"gold_loss":0}],"is_beta":false,"boss_relics":[],"items_purged_floors":[],"is_endless":false,"potions_floor_spawned":[3,4,7,14],"killed_by":"Slime Boss","ascension_level":20}