{"gold_per_floor":[113,32,51,71,71,71,100,100,100,100,115,132,159,174,174,253,253,264,276,276,308,180,180,196,214,239,239],"floor_reached":27,"playtime":1997,"items_purged":["Strike_G"],"score":475,"play_id":"4cf5407a-b273-4fb9-ba41-128b6b06c168","local_time":"20190117223419","is_ascension_mode":true,"campfire_choices":[{"data":"Poisoned Stab","floor":6.0,"key":"SMITH"},{"data":"Poisoned Stab","floor":8.0,"key":"SMITH"},{"data":"Adrenaline","floor":10.0,"key":"SMITH"},{"floor":15.0,"key":"REST"},{"floor":23,"key":"REST"}],"neow_cost":"NONE","seed_source_timestamp":707084465078954,"circlet_count":0,"master_deck":["AscendersBane","Defend_G","Defend_G","Defend_G","Defend_G","Defend_G","Strike_G","Strike_G","Strike_G","Survivor","Neutralize","Poisoned Stab+1","Dagger Throw","Poisoned Stab+1","Adrenaline+1","Deadly Poison","Die Die Die","Well Laid Plans","Burst","Blur+1","Wraith Form v2"],"special_seed":0,"relics":["Ring of the Serpent","Mango","Turnip","Orichalcum","Red Mask","Strawberry"],"potions_floor_usage":[21,24,27,27],"damage_taken":[{"damage":6.0,"enemies":"Cultist","floor":1.0,"turns":5.0},{"damage":2.0,"enemies":"Jaw Worm","floor":3.0,"turns":5.0},{"damage":0.0,"enemies":"2 Louse","floor":4.0,"turns":3.0},{"damage":32.0,"enemies":"3 Sentries","floor":7.0,"turns":12.0},{"damage":0.0,"enemies":"Lots of Slimes","floor":11.0,"turns":4.0},{"damage":0.0,"enemies":"2 Fungi Beasts","floor":12.0,"turns":2.0},{"damage":12.0,"enemies":"Lagavulin","floor":13.0,"turns":5.0},{"damage":5.0,"enemies":"Red Slaver","floor":14.0,"turns":3.0},{"damage":3.0,"enemies":"Hexaghost","floor":16.0,"turns":8.0},{"damage":17.0,"enemies":"2 Thieves","floor":18.0,"turns":3.0},{"damage":5.0,"enemies":"Chosen","floor":19.0,"turns":4.0},{"damage":28,"enemies":"Masked Bandits","floor":21,"turns":4},{"damage":22,"enemies":"Snecko","floor":24,"turns":5},{"damage":9,"enemies":"3 Cultists","floor":25,"turns":6},{"damage":48,"enemies":"Book of Stabbing","floor":27,"turns":4}],"seed_played":"-7091212814830183263","potions_obtained":[{"floor":3.0,"key":"Weak Potion"},{"floor":13.0,"key":"Energy Potion"},{"floor":16.0,"key":"AttackPotion"},{"floor":21,"key":"Energy Potion"},{"floor":24,"key":"EssenceOfSteel"}],"is_trial":false,"path_per_floor":["M","$","M","M","?","R","E","R","T","R","M","M","E","M","R","B",null,"M","M","?","?","$","R","M","M","T","E"],"character_chosen":"THE_SILENT","items_purchased":["Dagger Throw","Poison Potion","Fire Potion"],"campfire_rested":2,"item_purchase_floors":[2,2,22],"current_hp_per_floor":[59,59,57,57,57,57,39,39,39,39,39,39,27,22,47,44,76,59,54,71,43,43,68,46,37,44,0],"gold":239,"neow_bonus":"TEN_PERCENT_HP_BONUS","is_prod":false,"is_daily":false,"chose_seed":false,"campfire_upgraded":3,"win_rate":0,"timestamp":1547764459,"path_taken":["M","$","M","M","?","R","E","R","T","R","?","M","E","M","R","BOSS","M","M","?","?","$","R","M","M","T","E"],"build_version":"2019-01-10","purchased_purges":1,"victory":false,"max_hp_per_floor":[72,72,72,72,72,72,86,86,86,86,86,86,86,86,86,86,86,86,86,86,86,86,86,86,86,93,93],"card_choices":[{"not_picked":["Underhanded Strike","Prepared"],"picked":"Poisoned Stab","floor":1.0},{"not_picked":["Setup","Escape Plan","Slice"],"picked":"SKIP","floor":3.0},{"not_picked":["Flying Knee","Outmaneuver"],"picked":"Poisoned Stab","floor":4.0},{"not_picked":["Slice","Well Laid Plans"],"picked":"Adrenaline","floor":7.0},{"not_picked":["Cloak And Dagger","Deflect"],"picked":"Deadly Poison","floor":11.0},{"not_picked":["Riddle With Holes","Outmaneuver","Infinite Blades"],"picked":"SKIP","floor":12.0},{"not_picked":["Accuracy","Leg Sweep"],"picked":"Die Die Die","floor":13.0},{"not_picked":["Quick Slash","Underhanded Strike"],"picked":"Well Laid Plans","floor":14.0},{"not_picked":["Adrenaline","Wraith Form v2"],"picked":"Burst","floor":16.0},{"not_picked":["Dagger Spray","Quick Slash","Flying Knee"],"picked":"SKIP","floor":18.0},{"not_picked":["Sucker Punch","Acrobatics+1","Cloak And Dagger"],"picked":"SKIP","floor":19.0},{"not_picked":["Outmaneuver","Poisoned Stab"],"picked":"Blur+1","floor":21},{"not_picked":["PiercingWail","Blade Dance"],"picked":"Wraith Form v2","floor":24},{"not_picked":["Bane","Finisher","Riddle With Holes+1"],"picked":"SKIP","floor":25}],"player_experience":894699,"relics_obtained":[{"floor":7.0,"key":"Mango"},{"floor":9.0,"key":"Turnip"},{"floor":13.0,"key":"Orichalcum"},{"floor":21,"key":"Red Mask"},{"floor":26,"key":"Strawberry"}],"event_choices":[{"cards_removed":["Strike_G"],"damage_healed":0.0,"max_hp_gain":0.0,"max_hp_loss":0.0,"gold_gain":0.0,"event_name":"Wheel of Change","player_choice":"Card Removal","floor":5.0,"gold_loss":0.0,"damage_taken":0.0},{"damage_healed":17,"gold_gain":0,"player_choice":"Heal","damage_taken":0,"max_hp_gain":0,"max_hp_loss":0,"event_name":"The Library","floor":20,"gold_loss":0},{"damage_healed":0,"gold_gain":0,"player_choice":"Fought Bandits","damage_taken":0,"max_hp_gain":0,"max_hp_loss":0,"event_name":"Masked Bandits","floor":21,"gold_loss":0}],"is_beta":false,"boss_relics":[{"not_picked":["Eternal Feather","White Beast Statue"],"picked":"Ring of the Serpent"}],"items_purged_floors":[22],"is_endless":false,"potions_floor_spawned":[3,7,13,16,21,24,25],"killed_by":"Book of Stabbing","ascension_level":20}