{"gold_per_floor":[111,125,23,23,41,41,67,83,83,83,83,109,109,124,124,198,198,217,48,48,48,65,65,65],"floor_reached":24,"playtime":1646,"items_purged":[],"score":398,"play_id":"d87fbe1f-f1dd-4811-9dae-8ee6bcbac941","local_time":"20190113125850","is_ascension_mode":true,"campfire_choices":[{"data":"Quick Slash","floor":6,"key":"SMITH"},{"floor":10,"key":"REST"},{"floor":13,"key":"REST"},{"floor":15,"key":"REST"},{"floor":23,"key":"REST"}],"neow_cost":"NONE","seed_source_timestamp":327376186773238,"circlet_count":0,"master_deck":["AscendersBane","Defend_G+1","Defend_G+1","Defend_G+1","Defend_G+1","Defend_G+1","Strike_G+1","Strike_G+1","Strike_G+1","Strike_G+1","Strike_G+1","Survivor","Neutralize","Quick Slash+1","PiercingWail","Noxious Fumes","Dagger Throw","Quick Slash","Venomology","Noxious Fumes","PiercingWail+1","Adrenaline+1","Cloak And Dagger+1"],"relics":["Ring of the Snake","Bag of Marbles","Question Card","Kunai","Toxic Egg 2","Black Star","Oddly Smooth Stone"],"potions_floor_usage":[12,12,14,16,16,18,18,24,24,24],"damage_taken":[{"damage":0,"enemies":"2 Louse","floor":1,"turns":3},{"damage":8,"enemies":"Small Slimes","floor":2,"turns":4},{"damage":1,"enemies":"Jaw Worm","floor":5,"turns":3},{"damage":41,"enemies":"Lagavulin","floor":7,"turns":6},{"damage":5,"enemies":"3 Louse","floor":8,"turns":4},{"damage":17,"enemies":"3 Sentries","floor":12,"turns":7},{"damage":5,"enemies":"Gremlin Gang","floor":14,"turns":4},{"damage":30,"enemies":"Hexaghost","floor":16,"turns":10},{"damage":32,"enemies":"Chosen","floor":18,"turns":6},{"damage":5,"enemies":"Shell Parasite","floor":22,"turns":7},{"damage":38,"enemies":"Gremlin Leader","floor":24,"turns":5}],"seed_played":"-7090584072240603895","potions_obtained":[{"floor":5,"key":"LiquidBronze"},{"floor":8,"key":"FairyPotion"},{"floor":12,"key":"AttackPotion"},{"floor":14,"key":"Ancient Potion"},{"floor":16,"key":"FearPotion"},{"floor":18,"key":"Dexterity Potion"}],"is_trial":false,"path_per_floor":["M","M","$","?","M","R","E","M","T","R","?","E","R","M","R","B",null,"M","$","?","?","M","R","E"],"character_chosen":"THE_SILENT","items_purchased":["Noxious Fumes","Dagger Throw","Oddly Smooth Stone"],"campfire_rested":4,"item_purchase_floors":[3,3,19],"current_hp_per_floor":[59,51,51,51,50,50,9,4,4,23,23,6,25,20,39,9,52,20,20,20,20,15,34,0],"gold":65,"neow_bonus":"RANDOM_COMMON_RELIC","is_prod":false,"is_daily":false,"chose_seed":false,"campfire_upgraded":1,"win_rate":0,"timestamp":1547384330,"path_taken":["M","M","$","?","M","R","E","M","T","R","?","E","R","M","R","BOSS","M","$","?","?","M","R","E"],"build_version":"2019-01-10","purchased_purges":0,"victory":false,"max_hp_per_floor":[66,66,66,66,66,66,66,66,66,66,66,66,66,66,66,66,66,66,66,66,66,66,66,66],"card_choices":[{"not_picked":["Underhanded Strike","Flying Knee"],"picked":"Quick Slash","floor":1},{"not_picked":["Blur","Backflip"],"picked":"PiercingWail","floor":2},{"not_picked":["Expertise","Slice"],"picked":"Quick Slash","floor":5},{"not_picked":["Calculated Gamble","Dagger Spray"],"picked":"Venomology","floor":7},{"not_picked":["Catalyst","Dagger Throw","Acrobatics","Poisoned Stab"],"picked":"SKIP","floor":8},{"not_picked":["Flechettes","Acrobatics","Tactician"],"picked":"Noxious Fumes","floor":12},{"not_picked":["Underhanded Strike","Dagger Spray","Acrobatics+1"],"picked":"PiercingWail+1","floor":14},{"not_picked":["Corpse Explosion+1","Storm of Steel+1","Glass Knife"],"picked":"Adrenaline+1","floor":16},{"not_picked":["Bane","Masterful Stab","Flying Knee","Poisoned Stab"],"picked":"SKIP","floor":18},{"not_picked":["Distraction+1","Acrobatics+1","Poisoned Stab"],"picked":"Cloak And Dagger+1","floor":22}],"player_experience":841565,"relics_obtained":[{"floor":7,"key":"Question Card"},{"floor":9,"key":"Kunai"},{"floor":12,"key":"Toxic Egg 2"}],"event_choices":[{"damage_healed":0,"gold_gain":0,"player_choice":"Ignored","damage_taken":0,"max_hp_gain":0,"max_hp_loss":0,"event_name":"Liars Game","floor":4,"gold_loss":0},{"damage_healed":0,"gold_gain":0,"player_choice":"Fled","damage_taken":0,"max_hp_gain":0,"max_hp_loss":0,"event_name":"Scrap Ooze","floor":11,"gold_loss":0},{"damage_healed":0,"gold_gain":0,"player_choice":"Ignored","damage_taken":0,"max_hp_gain":0,"max_hp_loss":0,"event_name":"Ghosts","floor":20,"gold_loss":0},{"damage_healed":0,"gold_gain":0,"player_choice":"Simplicity","damage_taken":0,"max_hp_gain":0,"max_hp_loss":0,"event_name":"Back to Basics","floor":21,"gold_loss":0,"cards_upgraded":["Defend_G","Defend_G","Defend_G","Defend_G","Defend_G","Strike_G","Strike_G","Strike_G","Strike_G","Strike_G"]}],"is_beta":false,"boss_relics":[{"not_picked":["WristBlade","Pandora\u0027s Box"],"picked":"Black Star"}],"items_purged_floors":[],"is_endless":false,"potions_floor_spawned":[5,8,12,14,16,18],"killed_by":"Gremlin Leader","ascension_level":19}