{"gold_per_floor":[110,126,37,37,37,37,67,79,104,136,136,163,174,187,187,258,258,275,35,54,68,68,68,79,89,89,89,107,32,32],"floor_reached":30,"playtime":1897,"items_purged":["Night Terror"],"score":504,"play_id":"497e6d59-8573-4e74-8021-d9c927a1c421","local_time":"20190120143502","is_ascension_mode":true,"campfire_choices":[{"data":"Neutralize","floor":6,"key":"SMITH"},{"floor":11,"key":"REST"},{"floor":15,"key":"REST"},{"floor":23,"key":"REST"}],"neow_cost":"NONE","seed_source_timestamp":937710788613713,"circlet_count":0,"master_deck":["AscendersBane","Survivor","Neutralize+1","Backstab","Well Laid Plans","Concentrate","Dagger Spray","Dagger Spray","Bouncing Flask","Noxious Fumes","Envenom","Eviscerate","Noxious Fumes","Escape Plan","Prepared","Glass Knife","Calculated Gamble","Deflect","Phantasmal Killer","Crippling Poison+1","Dodge and Roll","Reflex+1","Underhanded Strike"],"relics":["Ring of the Snake","Centennial Puzzle","Vajra","Anchor","Paper Crane","Pandora\u0027s Box","Regal Pillow","Gremlin Horn"],"potions_floor_usage":[7,7,10,13,16,28,30],"damage_taken":[{"damage":4,"enemies":"2 Louse","floor":1,"turns":4},{"damage":1,"enemies":"Small Slimes","floor":2,"turns":3},{"damage":35,"enemies":"Gremlin Nob","floor":7,"turns":5},{"damage":1,"enemies":"Cultist","floor":8,"turns":4},{"damage":14,"enemies":"Lagavulin","floor":10,"turns":9},{"damage":19,"enemies":"Gremlin Nob","floor":12,"turns":4},{"damage":0,"enemies":"Gremlin Gang","floor":13,"turns":3},{"damage":0,"enemies":"2 Fungi Beasts","floor":14,"turns":3},{"damage":2,"enemies":"The Guardian","floor":16,"turns":9},{"damage":11,"enemies":"Spheric Guardian","floor":18,"turns":3},{"damage":14,"enemies":"Shell Parasite","floor":20,"turns":4},{"damage":12,"enemies":"Snecko","floor":21,"turns":5},{"damage":40,"enemies":"Sentry and Sphere","floor":24,"turns":5},{"damage":5,"enemies":"Centurion and Healer","floor":25,"turns":5},{"damage":6,"enemies":"Snecko","floor":28,"turns":4},{"damage":13,"enemies":"Book of Stabbing","floor":30,"turns":2}],"seed_played":"-6039072876334982005","potions_obtained":[{"floor":0,"key":"Fire Potion"},{"floor":0,"key":"Dexterity Potion"},{"floor":2,"key":"Explosive Potion"},{"floor":7,"key":"Ancient Potion"},{"floor":10,"key":"Dexterity Potion"},{"floor":12,"key":"PowerPotion"},{"floor":16,"key":"GamblersBrew"},{"floor":28,"key":"Ancient Potion"}],"is_trial":false,"path_per_floor":["M","M","$","?","?","R","E","M","T","E","R","E","M","M","R","B",null,"M","$","M","M","?","R","M","M","T","?","M","?","E"],"character_chosen":"THE_SILENT","items_purchased":["Noxious Fumes","Regal Pillow"],"campfire_rested":3,"item_purchase_floors":[3,19],"current_hp_per_floor":[55,54,54,59,59,59,24,23,23,9,30,11,11,11,32,30,61,50,50,36,24,24,60,20,15,15,15,9,9,0],"gold":32,"neow_bonus":"THREE_SMALL_POTIONS","is_prod":false,"is_daily":false,"chose_seed":false,"campfire_upgraded":1,"win_rate":0,"timestamp":1547994902,"path_taken":["M","M","$","?","?","R","E","?","T","E","R","E","M","?","R","BOSS","M","$","M","M","?","R","M","M","T","?","M","?","E"],"build_version":"2019-01-17v2","purchased_purges":1,"victory":false,"max_hp_per_floor":[66,66,66,71,71,71,71,71,71,71,71,71,71,71,71,71,71,71,71,71,71,71,71,71,71,71,71,71,71,71],"card_choices":[{"not_picked":["Poisoned Stab","Blade Dance"],"picked":"Backstab","floor":1},{"not_picked":["Tactician","Blur"],"picked":"Well Laid Plans","floor":2},{"not_picked":["Slice","Acrobatics","Dodge and Roll"],"picked":"SKIP","floor":7},{"not_picked":["Crippling Poison","Blade Dance"],"picked":"Dagger Spray","floor":8},{"not_picked":["Bullet Time","Flying Knee"],"picked":"Dagger Spray","floor":10},{"not_picked":["Escape Plan","Tactician"],"picked":"Bouncing Flask","floor":12},{"not_picked":["Prepared","Slice","Flying Knee"],"picked":"SKIP","floor":13},{"not_picked":["Outmaneuver","Terror"],"picked":"Noxious Fumes","floor":14},{"not_picked":["Phantasmal Killer","Bullet Time"],"picked":"Envenom","floor":16},{"not_picked":["Dagger Spray","Bane+1"],"picked":"Crippling Poison+1","floor":18},{"not_picked":["Predator+1","Riddle With Holes"],"picked":"Dodge and Roll","floor":20},{"not_picked":["Masterful Stab","Tactician","Concentrate"],"picked":"SKIP","floor":21},{"not_picked":["Cloak And Dagger","Dodge and Roll"],"picked":"Reflex+1","floor":24},{"not_picked":["Acrobatics","Outmaneuver","Flechettes"],"picked":"SKIP","floor":25},{"not_picked":["Bullet Time","Deflect"],"picked":"Underhanded Strike","floor":28}],"player_experience":948472,"relics_obtained":[{"floor":7,"key":"Centennial Puzzle"},{"floor":9,"key":"Vajra"},{"floor":10,"key":"Anchor"},{"floor":12,"key":"Paper Crane"},{"floor":26,"key":"Gremlin Horn"}],"event_choices":[{"damage_healed":0,"gold_gain":0,"player_choice":"Donut","damage_taken":0,"max_hp_gain":5,"max_hp_loss":0,"event_name":"Big Fish","floor":4,"gold_loss":0},{"damage_healed":0,"gold_gain":0,"cards_transformed":["Strike_G"],"player_choice":"Transformed","damage_taken":0,"max_hp_gain":0,"max_hp_loss":0,"event_name":"Transmorgrifier","floor":5,"gold_loss":0,"cards_obtained":["Concentrate"]},{"damage_healed":0,"gold_gain":0,"player_choice":"Ignored","damage_taken":0,"max_hp_gain":0,"max_hp_loss":0,"event_name":"Ghosts","floor":22,"gold_loss":0},{"damage_healed":0,"gold_gain":0,"player_choice":"Ignored","damage_taken":0,"max_hp_gain":0,"max_hp_loss":0,"event_name":"Cursed Tome","floor":27,"gold_loss":0},{"cards_removed":["Noxious Fumes"],"damage_healed":0,"gold_gain":0,"player_choice":"Gave Gold","damage_taken":0,"max_hp_gain":0,"max_hp_loss":0,"event_name":"Beggar","floor":29,"gold_loss":75}],"is_beta":false,"boss_relics":[{"not_picked":["Runic Pyramid","Philosopher\u0027s Stone"],"picked":"Pandora\u0027s Box"}],"items_purged_floors":[19],"is_endless":false,"potions_floor_spawned":[2,7,10,12,16,28],"killed_by":"Book of Stabbing","ascension_level":20}