{"gold_per_floor":[109,28,48,65,78,78,105,105,105,115,147,159,171,18,18,92,92,103,119,99,115,132,132,48,48,71,86,103,103,103],"floor_reached":30,"playtime":1915,"items_purged":["Strike_G"],"score":542,"play_id":"e494f28a-9020-4cb3-b6ae-c928df55a206","local_time":"20190119221142","is_ascension_mode":true,"campfire_choices":[{"data":"Dagger Spray","floor":6,"key":"SMITH"},{"floor":8,"key":"REST"},{"floor":15,"key":"REST"},{"floor":23,"key":"REST"},{"data":"Well Laid Plans","floor":25,"key":"SMITH"},{"floor":29,"key":"REST"}],"neow_cost":"NONE","seed_source_timestamp":878691161785157,"circlet_count":0,"master_deck":["AscendersBane","Defend_G","Defend_G","Defend_G","Defend_G","Defend_G","Strike_G","Strike_G","Survivor","Neutralize","Poisoned Stab","Dagger Spray+1","Flying Knee","Well Laid Plans+1","Backflip+1","After Image","Deflect+1","Deadly Poison+1","Catalyst+1","Night Terror+1","Prepared+1","Deadly Poison+1"],"relics":["Ring of the Snake","Question Card","Toxic Egg 2","Matryoshka","Empty Cage","Potion Belt","Smiling Mask"],"potions_floor_usage":[7,11,18,21,27,28,30,30],"damage_taken":[{"damage":6,"enemies":"Cultist","floor":1,"turns":5},{"damage":3,"enemies":"Small Slimes","floor":3,"turns":4},{"damage":1,"enemies":"Jaw Worm","floor":4,"turns":3},{"damage":11,"enemies":"Lots of Slimes","floor":5,"turns":4},{"damage":32,"enemies":"Gremlin Nob","floor":7,"turns":4},{"damage":7,"enemies":"Large Slime","floor":10,"turns":5},{"damage":13,"enemies":"Lagavulin","floor":11,"turns":8},{"damage":1,"enemies":"Exordium Thugs","floor":12,"turns":4},{"damage":0,"enemies":"2 Fungi Beasts","floor":13,"turns":3},{"damage":7,"enemies":"The Guardian","floor":16,"turns":7},{"damage":3,"enemies":"Shell Parasite","floor":18,"turns":3},{"damage":11,"enemies":"3 Byrds","floor":19,"turns":4},{"damage":9,"enemies":"Shelled Parasite and Fungi","floor":21,"turns":3},{"damage":14,"enemies":"Centurion and Healer","floor":22,"turns":6},{"damage":17,"enemies":"Snake Plant","floor":27,"turns":4},{"damage":22,"enemies":"Snecko","floor":28,"turns":5},{"damage":41,"enemies":"Slavers","floor":30,"turns":9}],"seed_played":"-7234233984865908598","potions_obtained":[{"floor":1,"key":"Energy Potion"},{"floor":3,"key":"Dexterity Potion"},{"floor":12,"key":"Block Potion"},{"floor":13,"key":"Ancient Potion"},{"floor":16,"key":"Fire Potion"},{"floor":20,"key":"SneckoOil"},{"floor":27,"key":"AttackPotion"},{"floor":28,"key":"EssenceOfSteel"}],"is_trial":false,"path_per_floor":["M","$","M","M","M","R","E","R","T","M","E","M","M","$","R","B",null,"M","M","?","M","M","R","$","R","T","M","M","R","E"],"character_chosen":"THE_SILENT","items_purchased":["Poisoned Stab","Fire Potion","Catalyst+1","Regen Potion"],"campfire_rested":4,"item_purchase_floors":[2,2,14,24],"current_hp_per_floor":[59,59,56,55,44,44,12,33,33,26,13,12,12,12,33,26,61,58,47,47,38,24,45,45,45,45,42,20,41,0],"gold":103,"neow_bonus":"TEN_PERCENT_HP_BONUS","is_prod":false,"is_daily":false,"chose_seed":false,"campfire_upgraded":2,"win_rate":0,"timestamp":1547935902,"path_taken":["M","?","M","M","M","R","E","R","T","M","E","M","M","$","R","BOSS","M","M","?","M","M","R","$","R","T","M","?","R","E"],"build_version":"2019-01-17v2","purchased_purges":1,"victory":false,"max_hp_per_floor":[72,72,72,72,72,72,72,72,72,72,72,72,72,72,72,72,72,72,72,72,72,72,72,72,72,72,72,72,72,72],"card_choices":[{"not_picked":["Eviscerate","Tactician","Underhanded Strike"],"picked":"SKIP","floor":1},{"not_picked":["Dagger Throw","Catalyst"],"picked":"Dagger Spray","floor":3},{"not_picked":["Terror","Outmaneuver"],"picked":"Flying Knee","floor":4},{"not_picked":["Dagger Spray","Dodge and Roll","Deflect"],"picked":"SKIP","floor":5},{"not_picked":["Quick Slash","Slice"],"picked":"Well Laid Plans","floor":7},{"not_picked":["Underhanded Strike","Outmaneuver+1","Bane"],"picked":"Backflip+1","floor":10},{"not_picked":["Quick Slash","Backflip+1","PiercingWail+1"],"picked":"After Image","floor":11},{"not_picked":["Poisoned Stab","Outmaneuver+1","Sucker Punch"],"picked":"Deflect+1","floor":12},{"not_picked":["Bullet Time+1","Predator","Heel Hook"],"picked":"Deadly Poison+1","floor":13},{"not_picked":["Die Die Die","Glass Knife","Adrenaline+1"],"picked":"Night Terror+1","floor":16},{"not_picked":["Sucker Punch","Bane","Blade Dance+1"],"picked":"Prepared+1","floor":18},{"not_picked":["Underhanded Strike","Bane","Quick Slash","Acrobatics+1"],"picked":"SKIP","floor":19},{"not_picked":["Flying Knee","Setup+1","Slice"],"picked":"Deadly Poison+1","floor":21},{"not_picked":["Well Laid Plans","Deadly Poison+1","Prepared+1","Eviscerate"],"picked":"SKIP","floor":22},{"not_picked":["All Out Attack+1","Distraction+1","Well Laid Plans","Choke"],"picked":"SKIP","floor":27},{"not_picked":["Dagger Throw","Poisoned Stab","Deadly Poison+1","Glass Knife"],"picked":"SKIP","floor":28}],"player_experience":934332,"relics_obtained":[{"floor":7,"key":"Question Card"},{"floor":9,"key":"Toxic Egg 2"},{"floor":11,"key":"Matryoshka"},{"floor":26,"key":"Potion Belt"},{"floor":26,"key":"Smiling Mask"}],"event_choices":[{"damage_healed":0,"gold_gain":0,"player_choice":"Bought 1 Potion","damage_taken":0,"max_hp_gain":0,"max_hp_loss":0,"event_name":"The Woman in Blue","floor":20,"gold_loss":0}],"is_beta":false,"boss_relics":[{"not_picked":["WristBlade","Ectoplasm"],"picked":"Empty Cage"}],"items_purged_floors":[14],"is_endless":false,"potions_floor_spawned":[1,3,12,13,16,27,28],"killed_by":"Slavers","ascension_level":20}