{"gold_per_floor":[114,21,36,48,66,93,93,127,175,217,229,271,283,324,336,422,434,460,472,501,428,454,466,503,515,527,539,607,633,72,72,72,72],"floor_reached":33,"playtime":2198,"items_purged":["Strike_G"],"score":606,"play_id":"449be41e-332e-420e-8df0-b126327fb839","local_time":"20190113120908","is_ascension_mode":true,"campfire_choices":[{"data":"Finisher","floor":7,"key":"SMITH"},{"data":"Neutralize","floor":11,"key":"SMITH"},{"data":"Caltrops","floor":13,"key":"SMITH"},{"floor":15,"key":"REST"},{"floor":23,"key":"REST"},{"data":"Envenom","floor":25,"key":"SMITH"},{"floor":27,"key":"REST"},{"data":"All Out Attack","floor":32,"key":"SMITH"}],"neow_cost":"NONE","seed_source_timestamp":323841849314335,"circlet_count":0,"master_deck":["AscendersBane","Defend_G","Defend_G","Defend_G","Defend_G","Defend_G","Strike_G","Strike_G","Strike_G","Strike_G","Survivor","Neutralize+1","Flying Knee","Finisher+1","All Out Attack+1","Dagger Throw","Endless Agony","Caltrops+1","Envenom+1","Unload"],"relics":["Ring of the Snake","NeowsBlessing","Ninja Scroll","Pear","MawBank","Snake Skull","Orichalcum","PreservedInsect","Busted Crown","Ancient Tea Set","Regal Pillow","Thread and Needle","Tiny Chest","Pantograph","Sling","Bottled Flame"],"potions_floor_usage":[6,6,16,20,33],"damage_taken":[{"damage":0,"enemies":"2 Louse","floor":1,"turns":1},{"damage":0,"enemies":"Jaw Worm","floor":3,"turns":1},{"damage":0,"enemies":"Cultist","floor":4,"turns":1},{"damage":2,"enemies":"Large Slime","floor":5,"turns":6},{"damage":12,"enemies":"Lagavulin","floor":6,"turns":3},{"damage":3,"enemies":"Gremlin Nob","floor":8,"turns":3},{"damage":12,"enemies":"Lagavulin","floor":12,"turns":3},{"damage":7,"enemies":"3 Sentries","floor":14,"turns":8},{"damage":35,"enemies":"The Guardian","floor":16,"turns":9},{"damage":12,"enemies":"Chosen","floor":18,"turns":4},{"damage":9,"enemies":"Shell Parasite","floor":20,"turns":3},{"damage":6,"enemies":"Cultist and Chosen","floor":22,"turns":4},{"damage":10,"enemies":"Slavers","floor":24,"turns":2},{"damage":23,"enemies":"Book of Stabbing","floor":28,"turns":3},{"damage":18,"enemies":"Shelled Parasite and Fungi","floor":29,"turns":4},{"damage":72,"enemies":"Collector","floor":33,"turns":7}],"seed_played":"-9050417338029947449","potions_obtained":[{"floor":3,"key":"FearPotion"},{"floor":8,"key":"Energy Potion"},{"floor":12,"key":"Swift Potion"},{"floor":18,"key":"SpeedPotion"},{"floor":29,"key":"Poison Potion"}],"is_trial":false,"path_per_floor":["M","$","M","M","M","E","R","E","T","?","R","E","R","E","R","B",null,"M","$","M","?","M","R","E","R","T","R","E","M","$","T","R","B"],"character_chosen":"THE_SILENT","items_purchased":["Fire Potion","Finisher","Pantograph","Sling"],"campfire_rested":3,"item_purchase_floors":[2,2,30,30],"current_hp_per_floor":[59,59,59,59,57,45,45,52,52,52,52,40,40,33,55,20,62,50,50,41,41,35,57,47,47,47,76,53,35,35,35,35,0],"gold":72,"neow_bonus":"THREE_ENEMY_KILL","is_prod":false,"is_daily":false,"chose_seed":false,"campfire_upgraded":5,"win_rate":0,"timestamp":1547381348,"path_taken":["M","$","M","M","M","E","R","E","T","?","R","E","R","E","R","BOSS","M","$","M","?","M","R","E","R","T","R","E","M","$","?","R","BOSS"],"build_version":"2019-01-10","purchased_purges":1,"victory":false,"max_hp_per_floor":[66,66,66,66,66,66,66,76,76,76,76,76,76,76,76,76,76,76,76,76,76,76,76,76,76,76,76,76,76,76,76,76,76],"card_choices":[{"not_picked":["Blade Dance","Sucker Punch"],"picked":"Flying Knee","floor":1},{"not_picked":["Eviscerate","Masterful Stab"],"picked":"All Out Attack","floor":3},{"not_picked":["Dagger Spray","All Out Attack"],"picked":"Dagger Throw","floor":4},{"not_picked":["Choke","Outmaneuver","Dagger Throw"],"picked":"SKIP","floor":5},{"not_picked":["Slice","Bouncing Flask","Blade Dance"],"picked":"SKIP","floor":6},{"not_picked":["Choke","Burst"],"picked":"Endless Agony","floor":8},{"not_picked":["Tactician","Acrobatics"],"picked":"Caltrops","floor":12},{"not_picked":["Finisher","Deflect"],"picked":"Envenom","floor":14},{"not_picked":["Bullet Time","Night Terror"],"picked":"Unload","floor":16},{"not_picked":["Quick Slash"],"picked":"SKIP","floor":18},{"not_picked":["Slice"],"picked":"SKIP","floor":20},{"not_picked":["Calculated Gamble"],"picked":"SKIP","floor":22},{"not_picked":["Deflect"],"picked":"SKIP","floor":24},{"not_picked":["All Out Attack"],"picked":"SKIP","floor":28},{"not_picked":["Underhanded Strike"],"picked":"SKIP","floor":29}],"player_experience":838124,"relics_obtained":[{"floor":6,"key":"Ninja Scroll"},{"floor":8,"key":"Pear"},{"floor":9,"key":"MawBank"},{"floor":12,"key":"Orichalcum"},{"floor":14,"key":"PreservedInsect"},{"floor":24,"key":"Regal Pillow"},{"floor":26,"key":"Thread and Needle"},{"floor":28,"key":"Tiny Chest"},{"floor":31,"key":"Bottled Flame"}],"event_choices":[{"damage_healed":0,"gold_gain":30,"player_choice":"Searched \u00272\u0027 times","damage_taken":0,"relics_obtained":["Snake Skull"],"max_hp_gain":0,"max_hp_loss":0,"event_name":"Dead Adventurer","floor":10,"gold_loss":0},{"damage_healed":0,"gold_gain":0,"player_choice":"Obtained Relic","damage_taken":0,"relics_obtained":["Ancient Tea Set"],"max_hp_gain":0,"max_hp_loss":0,"event_name":"Addict","floor":21,"gold_loss":85}],"is_beta":false,"boss_relics":[{"not_picked":["Sozu","Runic Dome"],"picked":"Busted Crown"}],"items_purged_floors":[30],"is_endless":false,"potions_floor_spawned":[3,4,8,12,14,18,29],"killed_by":"Collector","ascension_level":19}