{"gold_per_floor":[119,129,129,139,159,159,31,65,65,91,91,91,118,138,138,215,215,231,231,265,265,283,283,295,80,103,123,23,23,41,60,60,60],"floor_reached":33,"playtime":2008,"items_purged":["Strike_G","Parasite"],"score":559,"play_id":"14427eba-38f7-44d2-ad67-4b4e726c64fb","local_time":"20190117230853","is_ascension_mode":true,"campfire_choices":[{"data":"Dagger Spray","floor":6,"key":"SMITH"},{"floor":11,"key":"REST"},{"floor":15,"key":"REST"},{"data":"Accuracy","floor":23,"key":"SMITH"},{"floor":29,"key":"REST"},{"floor":32,"key":"REST"}],"neow_cost":"NONE","seed_source_timestamp":709229005575099,"circlet_count":0,"master_deck":["AscendersBane","Defend_G","Defend_G","Defend_G","Defend_G","Defend_G","Survivor","Neutralize+1","Quick Slash","Dagger Spray+1","Dagger Throw","PiercingWail","Leg Sweep+1","Storm of Steel+1","Cloak And Dagger+1","Bite","Bite","Bite","Bite","Bite","Accuracy+1","Doppelganger+1","Well Laid Plans","Finisher","Blade Dance+1","Backflip+1","Infinite Blades","Crippling Poison+1"],"relics":["Ring of the Snake","Centennial Puzzle","Regal Pillow","Question Card","Toxic Egg 2","Sozu","Red Mask","Tingsha","Bag of Preparation"],"potions_floor_usage":[8,13,16,18],"damage_taken":[{"damage":1,"enemies":"Small Slimes","floor":1,"turns":4},{"damage":0,"enemies":"Jaw Worm","floor":2,"turns":4},{"damage":1,"enemies":"2 Louse","floor":4,"turns":3},{"damage":3,"enemies":"Blue Slaver","floor":5,"turns":6},{"damage":24,"enemies":"Gremlin Nob","floor":8,"turns":4},{"damage":24,"enemies":"3 Sentries","floor":10,"turns":8},{"damage":56,"enemies":"Lagavulin","floor":13,"turns":9},{"damage":0,"enemies":"Exordium Wildlife","floor":14,"turns":3},{"damage":40,"enemies":"The Guardian","floor":16,"turns":21},{"damage":14,"enemies":"Chosen","floor":18,"turns":9},{"damage":15,"enemies":"Masked Bandits","floor":20,"turns":5},{"damage":4,"enemies":"Spheric Guardian","floor":22,"turns":4},{"damage":21,"enemies":"Chosen and Byrds","floor":24,"turns":7},{"damage":10,"enemies":"Centurion and Healer","floor":27,"turns":2},{"damage":7,"enemies":"Snecko","floor":30,"turns":3},{"damage":29,"enemies":"Chosen and Byrds","floor":31,"turns":4},{"damage":69,"enemies":"Collector","floor":33,"turns":7}],"seed_played":"-5932082511320310757","potions_obtained":[{"floor":8,"key":"Swift Potion"},{"floor":13,"key":"Block Potion"},{"floor":14,"key":"GhostInAJar"}],"is_trial":false,"path_per_floor":["M","M","?","M","M","R","$","E","T","E","R","?","E","M","R","B",null,"M","?","?","T","M","R","M","$","T","M","$","R","M","M","R","B"],"character_chosen":"THE_SILENT","items_purchased":["Strength Potion","Well Laid Plans","Finisher","Blade Dance+1"],"campfire_rested":4,"item_purchase_floors":[7,25,25,25],"current_hp_per_floor":[58,58,63,62,59,59,59,35,35,11,47,64,8,8,44,4,54,40,40,31,31,39,39,30,30,30,20,20,46,41,19,46,0],"gold":60,"neow_bonus":"UPGRADE_CARD","is_prod":false,"is_daily":false,"chose_seed":false,"campfire_upgraded":2,"win_rate":0,"timestamp":1547766533,"path_taken":["M","M","?","M","M","R","$","E","T","E","R","?","E","M","R","BOSS","M","?","?","?","M","R","M","$","T","?","$","R","M","M","R","BOSS"],"build_version":"2019-01-10","purchased_purges":2,"victory":false,"max_hp_per_floor":[66,66,71,71,71,71,71,71,71,71,71,71,71,71,71,71,71,71,49,49,49,49,49,49,49,49,49,46,46,46,46,46,46],"card_choices":[{"not_picked":["PiercingWail","Slice"],"picked":"Quick Slash","floor":1},{"not_picked":["Backflip","Escape Plan"],"picked":"Dagger Spray","floor":2},{"not_picked":["Infinite Blades","Backflip","Accuracy"],"picked":"SKIP","floor":4},{"not_picked":["Bullet Time","Poisoned Stab"],"picked":"Dagger Throw","floor":5},{"not_picked":["Cloak And Dagger","Sucker Punch","Backflip"],"picked":"SKIP","floor":8},{"not_picked":["Poisoned Stab","Venomology"],"picked":"PiercingWail","floor":10},{"not_picked":["Expertise","Underhanded Strike","Cloak And Dagger","Bane"],"picked":"SKIP","floor":13},{"not_picked":["Calculated Gamble+1","Skewer","Bane"],"picked":"Leg Sweep+1","floor":14},{"not_picked":["Tools of the Trade","Grand Finale","A Thousand Cuts"],"picked":"Storm of Steel+1","floor":16},{"not_picked":["Blade Dance+1","Slice+1","Sucker Punch"],"picked":"Cloak And Dagger+1","floor":18},{"not_picked":["Setup+1","PiercingWail+1","Dodge and Roll+1"],"picked":"Accuracy","floor":22},{"not_picked":["Footwork","Predator","Poisoned Stab"],"picked":"Doppelganger+1","floor":24},{"not_picked":["Deadly Poison+1","Catalyst+1","Slice"],"picked":"Backflip+1","floor":27},{"not_picked":["Choke","Heel Hook","Skewer"],"picked":"Infinite Blades","floor":30},{"not_picked":["Quick Slash+1","Underhanded Strike","Expertise+1"],"picked":"Crippling Poison+1","floor":31}],"player_experience":896696,"relics_obtained":[{"floor":8,"key":"Centennial Puzzle"},{"floor":9,"key":"Regal Pillow"},{"floor":10,"key":"Question Card"},{"floor":13,"key":"Toxic Egg 2"},{"floor":20,"key":"Red Mask"},{"floor":21,"key":"Tingsha"},{"floor":26,"key":"Bag of Preparation"}],"event_choices":[{"damage_healed":0,"gold_gain":0,"player_choice":"Donut","damage_taken":0,"max_hp_gain":5,"max_hp_loss":0,"event_name":"Big Fish","floor":3,"gold_loss":0},{"damage_healed":17,"gold_gain":0,"player_choice":"Healed and dodged fight","damage_taken":0,"max_hp_gain":0,"max_hp_loss":0,"event_name":"Mushrooms","floor":12,"gold_loss":0,"cards_obtained":["Parasite"]},{"damage_healed":0,"gold_gain":0,"player_choice":"Became a vampire","damage_taken":0,"max_hp_gain":0,"max_hp_loss":22,"event_name":"Vampires","floor":19,"gold_loss":0,"cards_obtained":["Bite","Bite","Bite","Bite","Bite"]},{"damage_healed":0,"gold_gain":0,"player_choice":"Fought Bandits","damage_taken":0,"max_hp_gain":0,"max_hp_loss":0,"event_name":"Masked Bandits","floor":20,"gold_loss":0}],"is_beta":false,"boss_relics":[{"not_picked":["Coffee Dripper","HoveringKite"],"picked":"Sozu"}],"items_purged_floors":[7,28],"is_endless":false,"potions_floor_spawned":[8,13,14,22,24,31],"killed_by":"Collector","ascension_level":20}