{"gold_per_floor":[115,129,44,44,44,44,44,44,96,110,123,141,169,181,181,181],"floor_reached":16,"playtime":703,"items_purged":[],"score":199,"play_id":"b990ec78-9273-42c1-a15e-3e32b831e0e4","local_time":"20190113123101","is_ascension_mode":true,"campfire_choices":[{"data":"Finisher","floor":6,"key":"SMITH"},{"floor":8,"key":"REST"},{"floor":15,"key":"REST"}],"neow_cost":"NONE","seed_source_timestamp":326657694054381,"circlet_count":0,"master_deck":["AscendersBane","Defend_G","Defend_G","Defend_G","Defend_G+1","Defend_G","Strike_G","Strike_G","Strike_G","Survivor","Neutralize","Finisher+1","Predator+1","Well Laid Plans","Infinite Blades","All Out Attack","Cloak And Dagger","Dagger Spray"],"relics":["Ring of the Snake","NeowsBlessing","Vajra","Lantern"],"potions_floor_usage":[13],"damage_taken":[{"damage":0,"enemies":"Small Slimes","floor":1,"turns":1},{"damage":0,"enemies":"Jaw Worm","floor":2,"turns":1},{"damage":0,"enemies":"2 Louse","floor":10,"turns":1},{"damage":6,"enemies":"Red Slaver","floor":11,"turns":2},{"damage":5,"enemies":"Large Slime","floor":12,"turns":4},{"damage":7,"enemies":"3 Sentries","floor":13,"turns":5},{"damage":4,"enemies":"Exordium Wildlife","floor":14,"turns":3},{"damage":48,"enemies":"Hexaghost","floor":16,"turns":9}],"seed_played":"634732233974336465","potions_obtained":[{"floor":1,"key":"Ancient Potion"},{"floor":2,"key":"Energy Potion"},{"floor":14,"key":"SmokeBomb"}],"is_trial":false,"path_per_floor":["M","M","$","?","?","R","?","R","T","M","M","M","E","M","R","B"],"character_chosen":"THE_SILENT","items_purchased":["Well Laid Plans"],"campfire_rested":2,"item_purchase_floors":[3],"current_hp_per_floor":[59,59,59,39,32,32,32,51,51,51,45,40,33,29,48,0],"gold":181,"neow_bonus":"THREE_ENEMY_KILL","is_prod":false,"is_daily":false,"chose_seed":false,"campfire_upgraded":1,"win_rate":0,"timestamp":1547382661,"path_taken":["M","M","$","?","?","R","?","R","T","M","?","M","E","M","R","BOSS"],"build_version":"2019-01-10","purchased_purges":0,"victory":false,"max_hp_per_floor":[66,66,66,66,66,66,66,66,66,66,66,66,66,66,66,66],"card_choices":[{"not_picked":["Flechettes","Flying Knee"],"picked":"Finisher","floor":1},{"not_picked":["All Out Attack","Catalyst"],"picked":"Predator","floor":2},{"not_picked":["Dodge and Roll","Prepared","Deflect"],"picked":"SKIP","floor":10},{"not_picked":["Dash","Cloak And Dagger"],"picked":"Infinite Blades","floor":11},{"not_picked":["Leg Sweep","Bouncing Flask"],"picked":"All Out Attack","floor":12},{"not_picked":["Dagger Throw","Backflip"],"picked":"Cloak And Dagger","floor":13},{"not_picked":["Infinite Blades","Sucker Punch"],"picked":"Dagger Spray","floor":14}],"player_experience":840862,"relics_obtained":[{"floor":9,"key":"Vajra"},{"floor":13,"key":"Lantern"}],"event_choices":[{"damage_healed":0,"gold_gain":0,"player_choice":"Entered Light","damage_taken":20,"max_hp_gain":0,"max_hp_loss":0,"event_name":"Shining Light","floor":4,"gold_loss":0,"cards_upgraded":["Defend_G","Predator"]},{"cards_removed":["Strike_G"],"damage_healed":0,"gold_gain":0,"player_choice":"Card Removal","damage_taken":7,"max_hp_gain":0,"max_hp_loss":0,"event_name":"Golden Wing","floor":5,"gold_loss":0},{"cards_removed":["Strike_G"],"damage_healed":0,"gold_gain":0,"player_choice":"Card Removal","damage_taken":0,"max_hp_gain":0,"max_hp_loss":0,"event_name":"Wheel of Change","floor":7,"gold_loss":0}],"is_beta":false,"boss_relics":[],"items_purged_floors":[],"is_endless":false,"potions_floor_spawned":[1,2,14],"killed_by":"Hexaghost","ascension_level":19}