{"gold_per_floor":[17,28,39,39,39,64,64,94,94,94,94,107,107,32,32,109,109,109,24,24,24,24,24,24,24,24,24,24,24,24,24,24,24,24,24,24,24,24,24,24,24,24,24,24,24,24,24,24,24,24,24],"floor_reached":51,"playtime":3559,"items_purged":["Strike_G"],"score":1433,"play_id":"973970f3-8f17-424d-8df3-a7f0784a9cd0","local_time":"20190120113203","is_ascension_mode":true,"campfire_choices":[{"floor":7,"key":"REST"},{"data":"Deadly Poison","floor":10,"key":"SMITH"},{"data":"Deadly Poison","floor":13,"key":"SMITH"},{"data":"Dash","floor":15,"key":"SMITH"},{"data":"Skewer","floor":23,"key":"SMITH"},{"floor":27,"key":"REST"},{"data":"Catalyst","floor":30,"key":"SMITH"},{"floor":32,"key":"REST"},{"data":"Night Terror","floor":40,"key":"SMITH"},{"data":"Malaise","floor":42,"key":"SMITH"},{"floor":47,"key":"REST"},{"floor":49,"key":"REST"}],"neow_cost":"NO_GOLD","seed_source_timestamp":925068797857210,"circlet_count":0,"master_deck":["AscendersBane","Defend_G","Defend_G+1","Defend_G","Defend_G","Defend_G","Strike_G","Strike_G","Survivor","Neutralize+1","Dash+1","Deadly Poison+1","Well Laid Plans","Adrenaline","Deadly Poison+1","Blur","Corpse Explosion","PiercingWail","Leg Sweep","Skewer+1","Bullet Time","Bouncing Flask","Malaise+1","Catalyst+1","Escape Plan","Night Terror+1","Blur+1","Burst","Noxious Fumes+1","Backflip+1"],"relics":["Ring of the Snake","Mango","Meat on the Bone","Dodecahedron","Gremlin Horn","Ectoplasm","Blue Candle","Enchiridion","Dream Catcher","Ice Cream","WristBlade","FaceOfCleric","Strawberry","MawBank","Bird Faced Urn"],"potions_floor_usage":[8,8,8,21,21,28,41,45,50],"damage_taken":[{"damage":3,"enemies":"Small Slimes","floor":1,"turns":5},{"damage":5,"enemies":"2 Louse","floor":2,"turns":4},{"damage":7,"enemies":"Jaw Worm","floor":3,"turns":4},{"damage":19,"enemies":"Lagavulin","floor":6,"turns":8},{"damage":11,"enemies":"Gremlin Nob","floor":8,"turns":4},{"damage":4,"enemies":"2 Fungi Beasts","floor":12,"turns":3},{"damage":37,"enemies":"The Guardian","floor":16,"turns":11},{"damage":5,"enemies":"Shell Parasite","floor":18,"turns":5},{"damage":0,"enemies":"Spheric Guardian","floor":20,"turns":3},{"damage":8,"enemies":"Snecko","floor":21,"turns":5},{"damage":22,"enemies":"Snake Plant","floor":25,"turns":4},{"damage":17,"enemies":"Slavers","floor":28,"turns":6},{"damage":36,"enemies":"Automaton","floor":33,"turns":8},{"damage":0,"enemies":"Orb Walker","floor":35,"turns":3},{"damage":13,"enemies":"3 Darklings","floor":37,"turns":3},{"damage":19,"enemies":"Nemesis","floor":41,"turns":5},{"damage":18,"enemies":"Reptomancer","floor":44,"turns":8},{"damage":34,"enemies":"Spire Growth","floor":45,"turns":4},{"damage":25,"enemies":"Sphere and 2 Shapes","floor":48,"turns":6},{"damage":35,"enemies":"Time Eater","floor":50,"turns":8},{"damage":63,"enemies":"Donu and Deca","floor":51,"turns":7}],"seed_played":"2694542315118548455","potions_obtained":[{"floor":2,"key":"Block Potion"},{"floor":3,"key":"Explosive Potion"},{"floor":8,"key":"Fruit Juice"},{"floor":16,"key":"Fire Potion"},{"floor":18,"key":"Poison Potion"},{"floor":21,"key":"Swift Potion"},{"floor":33,"key":"Regen Potion"},{"floor":44,"key":"PowerPotion"},{"floor":48,"key":"SkillPotion"}],"is_trial":false,"path_per_floor":["M","M","M","?","?","E","R","E","T","R","?","M","R","$","R","B",null,"M","?","M","M","?","R","?","M","T","R","E","?","R","?","R","B",null,"M","?","M","$","?","R","E","R","T","E","M","$","R","M","R","B","B"],"character_chosen":"THE_SILENT","items_purchased":[],"campfire_rested":5,"item_purchase_floors":[],"current_hp_per_floor":[70,65,58,34,34,15,39,45,45,45,45,53,53,53,53,28,71,66,66,66,58,58,58,37,27,27,52,47,47,47,47,72,48,76,76,76,63,63,63,63,67,67,67,50,35,35,63,55,83,53,0],"gold":24,"neow_bonus":"ONE_RARE_RELIC","is_prod":false,"is_daily":false,"chose_seed":false,"campfire_upgraded":7,"win_rate":0,"timestamp":1547983923,"path_taken":["M","M","M","?","?","E","R","E","T","R","?","M","R","$","R","BOSS","M","?","M","M","?","R","?","M","T","R","E","?","R","?","R","BOSS","M","?","M","$","?","R","E","R","T","E","?","?","R","M","R","BOSS","BOSS"],"build_version":"2019-01-17v2","purchased_purges":1,"victory":false,"max_hp_per_floor":[80,80,80,80,80,80,80,85,85,85,85,85,85,85,85,85,85,85,85,85,85,85,85,85,85,85,85,85,85,85,85,85,85,85,85,85,85,85,85,85,93,93,93,94,95,95,95,96,96,97,97],"card_choices":[{"not_picked":["Underhanded Strike","Riddle With Holes"],"picked":"Dash","floor":1},{"not_picked":["Heel Hook","Distraction"],"picked":"Deadly Poison","floor":2},{"not_picked":["Underhanded Strike","Footwork"],"picked":"Well Laid Plans","floor":3},{"not_picked":["Catalyst","Terror"],"picked":"Adrenaline","floor":6},{"not_picked":["Acrobatics","Blade Dance"],"picked":"Deadly Poison","floor":8},{"not_picked":["Outmaneuver","Bane"],"picked":"Blur","floor":12},{"not_picked":["A Thousand Cuts","Die Die Die"],"picked":"Corpse Explosion","floor":16},{"not_picked":["Quick Slash","Dagger Spray","Acrobatics"],"picked":"SKIP","floor":18},{"not_picked":["Choke","Cloak And Dagger"],"picked":"PiercingWail","floor":20},{"not_picked":["Slice","Quick Slash"],"picked":"Leg Sweep","floor":21},{"not_picked":["Dagger Spray","Predator","Cloak And Dagger"],"picked":"SKIP","floor":25},{"not_picked":["Poisoned Stab","Setup"],"picked":"Bouncing Flask","floor":27},{"not_picked":["Blade Dance","Terror"],"picked":"Malaise","floor":28},{"not_picked":["Concentrate","Slice"],"picked":"Escape Plan","floor":32},{"not_picked":["A Thousand Cuts","Tools of the Trade"],"picked":"Night Terror","floor":33},{"not_picked":["Finisher","Quick Slash","Tactician"],"picked":"SKIP","floor":35},{"not_picked":["Concentrate","Reflex","Dagger Throw"],"picked":"SKIP","floor":37},{"not_picked":["Acrobatics","Escape Plan"],"picked":"Blur+1","floor":41},{"not_picked":["Prepared","Grand Finale"],"picked":"Burst","floor":44},{"not_picked":["Terror","Bouncing Flask","Flying Knee+1"],"picked":"SKIP","floor":45},{"not_picked":["Well Laid Plans","PiercingWail"],"picked":"Noxious Fumes+1","floor":48},{"not_picked":["Bouncing Flask","Cloak And Dagger"],"picked":"Backflip+1","floor":49}],"player_experience":940239,"relics_obtained":[{"floor":6,"key":"Meat on the Bone"},{"floor":8,"key":"Dodecahedron"},{"floor":9,"key":"Gremlin Horn"},{"floor":24,"key":"Enchiridion"},{"floor":26,"key":"Dream Catcher"},{"floor":28,"key":"Ice Cream"},{"floor":41,"key":"Strawberry"},{"floor":43,"key":"MawBank"},{"floor":44,"key":"Bird Faced Urn"}],"event_choices":[{"damage_healed":0,"gold_gain":0,"player_choice":"Entered Light","damage_taken":24,"max_hp_gain":0,"max_hp_loss":0,"event_name":"Shining Light","floor":4,"gold_loss":0,"cards_upgraded":["Defend_G","Neutralize"]},{"damage_healed":0,"gold_gain":0,"player_choice":"Ignored","damage_taken":0,"max_hp_gain":0,"max_hp_loss":0,"event_name":"Liars Game","floor":5,"gold_loss":0},{"damage_healed":0,"gold_gain":0,"player_choice":"Leave","damage_taken":0,"max_hp_gain":0,"max_hp_loss":0,"event_name":"The Cleric","floor":11,"gold_loss":0},{"damage_healed":0,"gold_gain":0,"player_choice":"Obtained Relic","damage_taken":0,"relics_obtained":["Blue Candle"],"max_hp_gain":0,"max_hp_loss":0,"event_name":"Addict","floor":19,"gold_loss":85},{"damage_healed":0,"gold_gain":0,"cards_transformed":["Strike_G","Strike_G"],"player_choice":"Became Test Subject","damage_taken":0,"max_hp_gain":0,"max_hp_loss":0,"event_name":"Drug Dealer","floor":22,"gold_loss":0,"cards_obtained":["Skewer","Bullet Time"]},{"damage_healed":0,"gold_gain":0,"player_choice":"Obtained Book","damage_taken":21,"max_hp_gain":0,"max_hp_loss":0,"event_name":"Cursed Tome","floor":24,"gold_loss":0},{"damage_healed":0,"gold_gain":0,"player_choice":"Read","damage_taken":0,"max_hp_gain":0,"max_hp_loss":0,"event_name":"The Library","floor":29,"gold_loss":0,"cards_obtained":["Catalyst"]},{"damage_healed":0,"gold_gain":0,"player_choice":"Ignored","damage_taken":0,"max_hp_gain":0,"max_hp_loss":0,"event_name":"Beggar","floor":31,"gold_loss":0},{"damage_healed":0,"gold_gain":0,"player_choice":"Ignored","damage_taken":0,"max_hp_gain":0,"max_hp_loss":0,"event_name":"Mysterious Sphere","floor":36,"gold_loss":0},{"damage_healed":0,"gold_gain":0,"player_choice":"Trade","damage_taken":0,"relics_obtained":["FaceOfCleric"],"max_hp_gain":0,"max_hp_loss":0,"event_name":"FaceTrader","floor":39,"gold_loss":0}],"is_beta":false,"boss_relics":[{"not_picked":["White Beast Statue","Calling Bell"],"picked":"Ectoplasm"},{"not_picked":["Pandora\u0027s Box","Coffee Dripper"],"picked":"WristBlade"}],"items_purged_floors":[14],"is_endless":false,"potions_floor_spawned":[2,3,8,16,18,21,33,44,48],"killed_by":"Donu and Deca","ascension_level":20}