{"gold_per_floor":[215,215,229,2,13,47,47,65,65,65,65,65,90,109,109,183,183,199,199,199,212,212,212,212,212,239,239,255,3,22,22,22,22],"floor_reached":33,"playtime":1487,"items_purged":[],"score":506,"play_id":"4dfa2727-efe6-4af7-8008-93dbdcc66866","local_time":"20190117233400","is_ascension_mode":true,"campfire_choices":[{"floor":10,"key":"REST"},{"floor":12,"key":"REST"},{"floor":15,"key":"REST"},{"floor":23,"key":"REST"},{"data":"A Thousand Cuts","floor":25,"key":"SMITH"},{"data":"Malaise","floor":27,"key":"SMITH"},{"data":"Neutralize","floor":32,"key":"SMITH"}],"neow_cost":"NONE","seed_source_timestamp":711256862766055,"circlet_count":0,"master_deck":["AscendersBane","Defend_G","Defend_G+1","Defend_G","Defend_G","Defend_G","Strike_G+1","Survivor","Neutralize+1","Dagger Spray","Poisoned Stab","Dagger Spray","Malaise+1","All Out Attack+1","A Thousand Cuts+1","Noxious Fumes+1","Choke+1","Necronomicurse","Predator+1","Cloak And Dagger+1","Ghostly","Ghostly","Ghostly"],"relics":["Ring of the Snake","Regal Pillow","Bottled Lightning","Pear","Molten Egg 2","Astrolabe","MutagenicStrength","Necronomicon","PreservedInsect","Pen Nib"],"potions_floor_usage":[8,13,16,21,33,33],"damage_taken":[{"damage":1,"enemies":"2 Louse","floor":1,"turns":3},{"damage":2,"enemies":"Jaw Worm","floor":3,"turns":9},{"damage":0,"enemies":"Small Slimes","floor":5,"turns":3},{"damage":48,"enemies":"3 Sentries","floor":6,"turns":12},{"damage":0,"enemies":"3 Louse","floor":8,"turns":3},{"damage":27,"enemies":"Gremlin Nob","floor":13,"turns":4},{"damage":9,"enemies":"Looter","floor":14,"turns":3},{"damage":62,"enemies":"Slime Boss","floor":16,"turns":13},{"damage":23,"enemies":"Shell Parasite","floor":18,"turns":7},{"damage":12,"enemies":"Spheric Guardian","floor":21,"turns":5},{"damage":15,"enemies":"Centurion and Healer","floor":28,"turns":8},{"damage":8,"enemies":"Cultist and Chosen","floor":30,"turns":4},{"damage":43,"enemies":"Collector","floor":33,"turns":6}],"seed_played":"6892903685035651992","potions_obtained":[{"floor":5,"key":"SteroidPotion"},{"floor":6,"key":"SpeedPotion"},{"floor":14,"key":"Block Potion"},{"floor":16,"key":"FearPotion"},{"floor":18,"key":"Regen Potion"},{"floor":30,"key":"FearPotion"}],"is_trial":false,"path_per_floor":["M","?","M","$","M","E","$","M","T","R","?","R","E","M","R","B",null,"M","?","?","M","?","R","?","R","T","R","M","$","M","?","R","B"],"character_chosen":"THE_SILENT","items_purchased":["Dagger Spray","Regal Pillow","Predator+1","Pen Nib"],"campfire_rested":4,"item_purchase_floors":[4,4,29,29],"current_hp_per_floor":[58,51,49,49,49,1,1,1,11,48,25,62,35,26,63,1,57,34,34,34,36,15,52,52,52,52,52,37,37,29,29,29,0],"gold":22,"neow_bonus":"HUNDRED_GOLD","is_prod":false,"is_daily":false,"chose_seed":false,"campfire_upgraded":3,"win_rate":0,"timestamp":1547768040,"path_taken":["M","?","M","$","M","E","$","M","T","R","?","R","E","M","R","BOSS","M","?","?","?","?","R","?","R","T","R","M","$","M","?","R","BOSS"],"build_version":"2019-01-10","purchased_purges":0,"victory":false,"max_hp_per_floor":[66,66,66,66,66,66,66,66,76,76,76,76,76,76,76,76,76,76,76,76,76,76,76,76,76,76,76,76,76,76,38,38,38],"card_choices":[{"not_picked":["Outmaneuver","Blade Dance","Bane"],"picked":"SKIP","floor":1},{"not_picked":["Concentrate","Flechettes","Accuracy"],"picked":"SKIP","floor":3},{"not_picked":["Backflip","Blade Dance"],"picked":"Poisoned Stab","floor":5},{"not_picked":["Distraction","Sucker Punch"],"picked":"Dagger Spray","floor":6},{"not_picked":["Acrobatics","Eviscerate"],"picked":"Malaise","floor":8},{"not_picked":["Footwork","Concentrate"],"picked":"All Out Attack","floor":13},{"not_picked":["Flying Knee+1","Riddle With Holes+1","Expertise"],"picked":"SKIP","floor":14},{"not_picked":["Grand Finale+1","Envenom"],"picked":"A Thousand Cuts","floor":16},{"not_picked":["Backflip","Finisher+1","Prepared"],"picked":"SKIP","floor":18},{"not_picked":["Acrobatics","Terror","Prepared"],"picked":"SKIP","floor":21},{"not_picked":["Deadly Poison","Finisher+1","Masterful Stab+1"],"picked":"SKIP","floor":28},{"not_picked":["Flying Knee+1","Underhanded Strike+1"],"picked":"Cloak And Dagger+1","floor":30}],"player_experience":898704,"relics_obtained":[{"floor":6,"key":"Bottled Lightning"},{"floor":9,"key":"Pear"},{"floor":13,"key":"Molten Egg 2"},{"floor":22,"key":"Necronomicon"},{"floor":26,"key":"PreservedInsect"}],"event_choices":[{"cards_removed":["Strike_G"],"damage_healed":0,"gold_gain":0,"player_choice":"Card Removal","damage_taken":7,"max_hp_gain":0,"max_hp_loss":0,"event_name":"Golden Wing","floor":2,"gold_loss":0},{"damage_healed":0,"gold_gain":0,"player_choice":"Entered Light","damage_taken":23,"max_hp_gain":0,"max_hp_loss":0,"event_name":"Shining Light","floor":11,"gold_loss":0,"cards_upgraded":["Defend_G","Strike_G"]},{"damage_healed":0,"gold_gain":0,"player_choice":"Inject Mutagens","damage_taken":0,"relics_obtained":["MutagenicStrength"],"max_hp_gain":0,"max_hp_loss":0,"event_name":"Drug Dealer","floor":19,"gold_loss":0},{"cards_removed":["Night Terror"],"damage_healed":0,"gold_gain":0,"player_choice":"Purged","damage_taken":0,"max_hp_gain":0,"max_hp_loss":0,"event_name":"Purifier","floor":20,"gold_loss":0},{"damage_healed":0,"gold_gain":0,"player_choice":"Obtained Book","damage_taken":21,"max_hp_gain":0,"max_hp_loss":0,"event_name":"Cursed Tome","floor":22,"gold_loss":0},{"damage_healed":0,"gold_gain":0,"player_choice":"Ignored","damage_taken":0,"max_hp_gain":0,"max_hp_loss":0,"event_name":"The Mausoleum","floor":24,"gold_loss":0},{"damage_healed":0,"gold_gain":0,"player_choice":"Became a Ghost","damage_taken":0,"max_hp_gain":0,"max_hp_loss":38,"event_name":"Ghosts","floor":31,"gold_loss":0,"cards_obtained":["Ghostly","Ghostly","Ghostly"]}],"is_beta":false,"boss_relics":[{"not_picked":["Philosopher\u0027s Stone","Velvet Choker"],"picked":"Astrolabe"}],"items_purged_floors":[],"is_endless":false,"potions_floor_spawned":[5,6,14,16,18,30],"killed_by":"Collector","ascension_level":20}