{"gold_per_floor":[112,130,130,141,14,14,26,60,60,60,135,147,157,191,191,263,263,275,255,275,290,205,205,233,250,250,250,267,267,285,22,22,99,99,116,130,5,25,25],"floor_reached":39,"playtime":4674,"items_purged":["Strike_G","Injury","Strike_G"],"score":830,"play_id":"6ef7ee53-3396-4b3c-b69a-fc48bf8d1abf","local_time":"20190120135340","is_ascension_mode":true,"campfire_choices":[{"data":"Dagger Spray","floor":6,"key":"SMITH"},{"floor":10,"key":"REST"},{"floor":15,"key":"REST"},{"floor":23,"key":"REST"},{"data":"Cloak And Dagger","floor":29,"key":"SMITH"},{"data":"Phantasmal Killer","floor":32,"key":"SMITH"}],"neow_cost":"NONE","seed_source_timestamp":932452159171984,"circlet_count":0,"master_deck":["AscendersBane","Defend_G","Defend_G+1","Defend_G","Defend_G","Defend_G","Strike_G","Strike_G","Strike_G","Survivor+1","Neutralize+1","Cloak And Dagger+1","Quick Slash","Predator","Dagger Spray+1","All Out Attack","Skewer","Doppelganger","Escape Plan","Skewer+1","Infinite Blades","Well Laid Plans","Parasite","Riddle With Holes+1","Phantasmal Killer+1","Malaise","Dodge and Roll+1","Acrobatics+1"],"relics":["Ring of the Snake","Blood Vial","Ornamental Fan","Gambling Chip","Cursed Key","Vajra","Pantograph","Bottled Flame","Molten Egg 2","War Paint","Snecko Eye"],"potions_floor_usage":[7,14,16,21,24,28,33,33,38],"damage_taken":[{"damage":3,"enemies":"Cultist","floor":1,"turns":4},{"damage":6,"enemies":"Small Slimes","floor":2,"turns":6},{"damage":0,"enemies":"2 Louse","floor":4,"turns":3},{"damage":25,"enemies":"Exordium Thugs","floor":7,"turns":6},{"damage":16,"enemies":"3 Sentries","floor":8,"turns":4},{"damage":5,"enemies":"3 Louse","floor":12,"turns":3},{"damage":3,"enemies":"Exordium Wildlife","floor":13,"turns":3},{"damage":20,"enemies":"Gremlin Nob","floor":14,"turns":4},{"damage":34,"enemies":"Slime Boss","floor":16,"turns":10},{"damage":1,"enemies":"3 Byrds","floor":18,"turns":4},{"damage":27,"enemies":"Chosen","floor":20,"turns":4},{"damage":3,"enemies":"Snecko","floor":21,"turns":3},{"damage":24,"enemies":"Gremlin Leader","floor":24,"turns":6},{"damage":6,"enemies":"3 Cultists","floor":25,"turns":3},{"damage":12,"enemies":"Cultist and Chosen","floor":28,"turns":5},{"damage":0,"enemies":"Centurion and Healer","floor":30,"turns":5},{"damage":51,"enemies":"Automaton","floor":33,"turns":12},{"damage":0,"enemies":"Orb Walker","floor":35,"turns":3},{"damage":44,"enemies":"3 Darklings","floor":36,"turns":6},{"damage":6,"enemies":"Jaw Worm Horde","floor":38,"turns":4},{"damage":14,"enemies":"Sphere and 2 Shapes","floor":39,"turns":2}],"seed_played":"4631925187991840062","potions_obtained":[{"floor":2,"key":"Regen Potion"},{"floor":4,"key":"SmokeBomb"},{"floor":8,"key":"Regen Potion"},{"floor":12,"key":"FearPotion"},{"floor":18,"key":"FearPotion"},{"floor":19,"key":"SpeedPotion"},{"floor":21,"key":"Regen Potion"},{"floor":24,"key":"SkillPotion"},{"floor":30,"key":"Dexterity Potion"},{"floor":35,"key":"PowerPotion"},{"floor":38,"key":"Dexterity Potion"}],"is_trial":false,"path_per_floor":["M","M","?","M","$","R","M","E","T","R","?","M","M","E","R","B",null,"M","?","M","M","?","R","E","M","T","T","M","R","M","$","R","B",null,"M","M","$","M","M"],"character_chosen":"THE_SILENT","items_purchased":["Dagger Spray","War Paint"],"campfire_rested":3,"item_purchase_floors":[5,31],"current_hp_per_floor":[56,50,55,55,55,55,45,29,29,50,39,36,35,29,50,18,58,59,59,34,33,33,54,47,43,43,43,33,33,35,35,35,11,56,58,16,16,12,0],"gold":25,"neow_bonus":"UPGRADE_CARD","is_prod":false,"is_daily":false,"chose_seed":false,"campfire_upgraded":3,"win_rate":0,"timestamp":1547992420,"path_taken":["M","M","?","M","$","R","M","E","T","R","?","M","M","E","R","BOSS","M","?","?","M","?","R","E","M","T","?","M","R","M","$","R","BOSS","M","M","$","M","M"],"build_version":"2019-01-17v2","purchased_purges":3,"victory":false,"max_hp_per_floor":[66,66,71,71,71,71,71,71,71,71,71,71,71,71,71,71,71,71,71,71,71,71,71,71,71,71,71,71,71,71,71,71,71,71,71,71,71,71,71],"card_choices":[{"not_picked":["Backflip","PiercingWail"],"picked":"Cloak And Dagger","floor":1},{"not_picked":["Bouncing Flask","Terror"],"picked":"Quick Slash","floor":2},{"not_picked":["PiercingWail","Footwork"],"picked":"Predator","floor":4},{"not_picked":["Blade Dance","Poisoned Stab"],"picked":"All Out Attack","floor":7},{"not_picked":["All Out Attack","Flying Knee","Terror"],"picked":"SKIP","floor":8},{"not_picked":["Escape Plan","Predator","Tools of the Trade"],"picked":"SKIP","floor":12},{"not_picked":["Outmaneuver","Sucker Punch","Prepared"],"picked":"SKIP","floor":13},{"not_picked":["Sucker Punch","Endless Agony"],"picked":"Skewer","floor":14},{"not_picked":["Glass Knife","Wraith Form v2"],"picked":"Doppelganger","floor":16},{"not_picked":["Underhanded Strike","Reflex","Dash"],"picked":"SKIP","floor":18},{"not_picked":["Finisher","Poisoned Stab+1"],"picked":"Escape Plan","floor":20},{"not_picked":["Masterful Stab","Bane"],"picked":"Skewer+1","floor":21},{"not_picked":["Dagger Spray","Choke"],"picked":"Infinite Blades","floor":24},{"not_picked":["Heel Hook","Expertise+1"],"picked":"Well Laid Plans","floor":25},{"not_picked":["Backflip","Poisoned Stab+1"],"picked":"Riddle With Holes+1","floor":28},{"not_picked":["Concentrate","Sucker Punch+1"],"picked":"Phantasmal Killer","floor":30},{"not_picked":["Storm of Steel","Tools of the Trade"],"picked":"Malaise","floor":33},{"not_picked":["Underhanded Strike+1","Reflex"],"picked":"Dodge and Roll+1","floor":35},{"not_picked":["Prepared","Grand Finale+1","All Out Attack+1"],"picked":"SKIP","floor":36},{"not_picked":["Sucker Punch+1","Backflip"],"picked":"Acrobatics+1","floor":38}],"player_experience":943798,"relics_obtained":[{"floor":8,"key":"Blood Vial"},{"floor":9,"key":"Ornamental Fan"},{"floor":14,"key":"Gambling Chip"},{"floor":24,"key":"Pantograph"},{"floor":26,"key":"Bottled Flame"},{"floor":27,"key":"Molten Egg 2"}],"event_choices":[{"damage_healed":0,"gold_gain":0,"player_choice":"Donut","damage_taken":0,"max_hp_gain":5,"max_hp_loss":0,"event_name":"Big Fish","floor":3,"gold_loss":0},{"damage_healed":0,"gold_gain":75,"player_choice":"Gather Gold","damage_taken":11,"max_hp_gain":0,"max_hp_loss":0,"event_name":"World of Goop","floor":11,"gold_loss":0},{"damage_healed":0,"gold_gain":0,"player_choice":"Bought 1 Potion","damage_taken":0,"max_hp_gain":0,"max_hp_loss":0,"event_name":"The Woman in Blue","floor":19,"gold_loss":0},{"damage_healed":0,"gold_gain":0,"player_choice":"Obtained Relic","damage_taken":0,"relics_obtained":["Vajra"],"max_hp_gain":0,"max_hp_loss":0,"event_name":"Addict","floor":22,"gold_loss":85}],"is_beta":false,"boss_relics":[{"not_picked":["Eternal Feather","Black Star"],"picked":"Cursed Key"},{"not_picked":["Pandora\u0027s Box","WristBlade"],"picked":"Snecko Eye"}],"items_purged_floors":[5,31,37],"is_endless":false,"potions_floor_spawned":[2,4,8,12,18,21,24,30,35,38],"killed_by":"Sphere and 2 Shapes","ascension_level":20}