{"gold_per_floor":[366,366,378,395,414,414,251,267,291,291,305,333,344,357,357,357],"floor_reached":16,"playtime":1202,"items_purged":["Strike_G"],"score":207,"play_id":"3b6fec8b-40e9-437b-813b-1e74e0c1f391","local_time":"20190113112924","is_ascension_mode":true,"campfire_choices":[{"data":"Neutralize","floor":6,"key":"SMITH"},{"data":"Caltrops","floor":10,"key":"SMITH"},{"floor":15,"key":"REST"}],"neow_cost":"TEN_PERCENT_HP_LOSS","seed_source_timestamp":322456594263757,"circlet_count":0,"master_deck":["AscendersBane","Defend_G","Defend_G","Defend_G","Defend_G","Defend_G","Strike_G","Strike_G","Strike_G","Strike_G","Survivor","Neutralize+1","All Out Attack+1","Riddle With Holes","Dagger Throw","Dash","Caltrops+1","PiercingWail","Dagger Spray"],"relics":["Ring of the Snake","Regal Pillow","Happy Flower"],"potions_floor_usage":[12,14,16],"damage_taken":[{"damage":2,"enemies":"2 Louse","floor":1,"turns":4},{"damage":1,"enemies":"Cultist","floor":3,"turns":3},{"damage":7,"enemies":"Small Slimes","floor":4,"turns":3},{"damage":7,"enemies":"Looter","floor":5,"turns":4},{"damage":0,"enemies":"3 Louse","floor":8,"turns":4},{"damage":0,"enemies":"2 Fungi Beasts","floor":11,"turns":4},{"damage":26,"enemies":"3 Sentries","floor":12,"turns":8},{"damage":2,"enemies":"Blue Slaver","floor":13,"turns":5},{"damage":2,"enemies":"Exordium Wildlife","floor":14,"turns":2},{"damage":47,"enemies":"The Guardian","floor":16,"turns":10}],"seed_played":"1359621721190656948","potions_obtained":[{"floor":3,"key":"FearPotion"},{"floor":4,"key":"SpeedPotion"},{"floor":5,"key":"PowerPotion"},{"floor":12,"key":"FearPotion"}],"is_trial":false,"path_per_floor":["M","?","M","M","M","R","$","M","T","R","M","E","M","M","R","B"],"character_chosen":"THE_SILENT","items_purchased":["Caltrops"],"campfire_rested":1,"item_purchase_floors":[7],"current_hp_per_floor":[57,57,56,49,42,42,42,42,42,42,42,16,14,12,45,0],"gold":357,"neow_bonus":"TWO_FIFTY_GOLD","is_prod":false,"is_daily":false,"chose_seed":false,"campfire_upgraded":2,"win_rate":0,"timestamp":1547378964,"path_taken":["M","?","M","M","M","R","$","M","T","R","M","E","M","M","R","BOSS"],"build_version":"2019-01-10","purchased_purges":1,"victory":false,"max_hp_per_floor":[60,60,60,60,60,60,60,60,60,60,60,60,60,60,60,60],"card_choices":[{"not_picked":["Underhanded Strike","Tactician"],"picked":"All Out Attack","floor":1},{"not_picked":["Dodge and Roll","Calculated Gamble"],"picked":"Riddle With Holes","floor":3},{"not_picked":["Heel Hook","Well Laid Plans"],"picked":"Dagger Throw","floor":4},{"not_picked":["Backflip","Riddle With Holes"],"picked":"Dash","floor":5},{"not_picked":["Blade Dance","Prepared"],"picked":"PiercingWail","floor":8},{"not_picked":["Acrobatics","All Out Attack","Bouncing Flask"],"picked":"SKIP","floor":11},{"not_picked":["Calculated Gamble","Poisoned Stab"],"picked":"Dagger Spray","floor":12},{"not_picked":["Dodge and Roll","Poisoned Stab","Outmaneuver"],"picked":"SKIP","floor":13},{"not_picked":["Dash","Flechettes","Storm of Steel"],"picked":"SKIP","floor":14}],"player_experience":836922,"relics_obtained":[{"floor":9,"key":"Regal Pillow"},{"floor":12,"key":"Happy Flower"}],"event_choices":[{"damage_healed":0,"gold_gain":0,"player_choice":"Upgraded","damage_taken":0,"max_hp_gain":0,"max_hp_loss":0,"event_name":"Upgrade Shrine","floor":2,"gold_loss":0,"cards_upgraded":["All Out Attack"]}],"is_beta":false,"boss_relics":[],"items_purged_floors":[7],"is_endless":false,"potions_floor_spawned":[3,4,5,11,12],"killed_by":"The Guardian","ascension_level":19}