{"gold_per_floor":[111,126,142,155,155,155,74,74,74,104,117,117,182,198,198,198],"floor_reached":16,"playtime":984,"items_purged":[],"score":224,"play_id":"2cafae0d-e0e2-4130-997b-e3dbfc7981ee","local_time":"20190118205220","is_ascension_mode":true,"campfire_choices":[{"data":"Neutralize","floor":6,"key":"SMITH"},{"data":"Poisoned Stab","floor":12,"key":"SMITH"},{"floor":15,"key":"REST"}],"neow_cost":"NONE","seed_source_timestamp":788460131857337,"circlet_count":0,"master_deck":["AscendersBane","Defend_G","Defend_G","Defend_G","Defend_G","Defend_G","Strike_G","Strike_G","Strike_G","Strike_G","Strike_G","Survivor","Neutralize+1","Flying Knee","Flying Knee","Poisoned Stab+1","Well Laid Plans","Dash","Unload","Infinite Blades"],"relics":["Ring of the Snake","Blue Candle","Meat on the Bone","Omamori","Tiny Chest"],"potions_floor_usage":[10,13,16],"damage_taken":[{"damage":4,"enemies":"Jaw Worm","floor":1,"turns":8},{"damage":0,"enemies":"Small Slimes","floor":2,"turns":4},{"damage":0,"enemies":"Cultist","floor":3,"turns":3},{"damage":3,"enemies":"3 Louse","floor":4,"turns":4},{"damage":24,"enemies":"Gremlin Nob","floor":10,"turns":4},{"damage":7,"enemies":"Blue Slaver","floor":11,"turns":5},{"damage":5,"enemies":"3 Sentries","floor":13,"turns":6},{"damage":4,"enemies":"Large Slime","floor":14,"turns":6},{"damage":59,"enemies":"Hexaghost","floor":16,"turns":11}],"seed_played":"8363052841720808232","potions_obtained":[{"floor":2,"key":"PowerPotion"},{"floor":4,"key":"SteroidPotion"},{"floor":10,"key":"SteroidPotion"}],"is_trial":false,"path_per_floor":["M","M","M","M","?","R","$","$","T","E","M","R","E","M","R","B"],"character_chosen":"THE_SILENT","items_purchased":["Well Laid Plans"],"campfire_rested":1,"item_purchase_floors":[7],"current_hp_per_floor":[61,61,61,58,53,53,53,53,53,41,46,46,41,37,58,0],"gold":198,"neow_bonus":"TEN_PERCENT_HP_BONUS","is_prod":false,"is_daily":false,"chose_seed":false,"campfire_upgraded":2,"win_rate":0,"timestamp":1547844740,"path_taken":["M","M","M","M","?","R","?","$","T","E","M","R","E","M","R","BOSS"],"build_version":"2019-01-17v2","purchased_purges":0,"victory":false,"max_hp_per_floor":[72,72,72,72,72,72,72,72,72,72,72,72,72,72,72,72],"card_choices":[{"not_picked":["Backflip","Blade Dance"],"picked":"Flying Knee","floor":1},{"not_picked":["Catalyst","Dodge and Roll","Concentrate"],"picked":"SKIP","floor":2},{"not_picked":["Outmaneuver","Underhanded Strike"],"picked":"Flying Knee","floor":3},{"not_picked":["Slice","Underhanded Strike"],"picked":"Poisoned Stab","floor":4},{"not_picked":["Deflect","Heel Hook"],"picked":"Dash","floor":10},{"not_picked":["Setup","Well Laid Plans","Cloak And Dagger"],"picked":"SKIP","floor":11},{"not_picked":["Sucker Punch","Cloak And Dagger"],"picked":"Unload","floor":13},{"not_picked":["Cloak And Dagger","PiercingWail"],"picked":"Infinite Blades","floor":14}],"player_experience":911556,"relics_obtained":[{"floor":9,"key":"Meat on the Bone"},{"floor":10,"key":"Omamori"},{"floor":13,"key":"Tiny Chest"}],"event_choices":[{"damage_healed":0,"gold_gain":0,"player_choice":"Success","damage_taken":5,"relics_obtained":["Blue Candle"],"max_hp_gain":0,"max_hp_loss":0,"event_name":"Scrap Ooze","floor":5,"gold_loss":0}],"is_beta":false,"boss_relics":[],"items_purged_floors":[],"is_endless":false,"potions_floor_spawned":[2,4,10],"killed_by":"Hexaghost","ascension_level":20}