{"gold_per_floor":[213,213,213,232,26,26,26,61,142,142,216,216,181,208,208,285,285,257,257,36,36,36,36,36,36,82,101,101,121,121,133,133,133],"floor_reached":33,"playtime":2625,"items_purged":[],"score":593,"play_id":"ecd370f4-7aef-435b-8b44-9b4df58ca010","local_time":"20190115193939","is_ascension_mode":true,"campfire_choices":[{"data":"Quick Slash","floor":6,"key":"SMITH"},{"floor":12,"key":"REST"},{"data":"Noxious Fumes","floor":15,"key":"SMITH"},{"data":"Neutralize","floor":23,"key":"SMITH"},{"data":"Venomology","floor":25,"key":"SMITH"},{"data":"Leg Sweep","floor":28,"key":"SMITH"},{"data":"Footwork","floor":30,"key":"SMITH"},{"floor":32,"key":"REST"}],"neow_cost":"NONE","seed_source_timestamp":523252757333240,"circlet_count":0,"master_deck":["AscendersBane","Defend_G+1","Defend_G","Defend_G+1","Defend_G","Defend_G+1","Strike_G","Strike_G","Strike_G+1","Strike_G","Strike_G","Survivor","Neutralize+1","Quick Slash+1","Cloak And Dagger","Noxious Fumes+1","Footwork+1","Venomology+1","Unload","Calculated Gamble+1","RitualDagger","Leg Sweep+1","Blur","Backflip+1"],"relics":["Ring of the Snake","Regal Pillow","Bag of Marbles","The Courier","War Paint","Runic Pyramid","Gremlin Horn","Spirit Poop","Pen Nib"],"potions_floor_usage":[16,18,27,29,31,33,33,33],"damage_taken":[{"damage":0,"enemies":"2 Louse","floor":1,"turns":3},{"damage":1,"enemies":"Jaw Worm","floor":4,"turns":3},{"damage":50,"enemies":"Gremlin Nob","floor":8,"turns":5},{"damage":24,"enemies":"3 Sentries","floor":14,"turns":8},{"damage":0,"enemies":"The Guardian","floor":16,"turns":12},{"damage":3,"enemies":"2 Thieves","floor":18,"turns":4},{"damage":8,"enemies":"3 Byrds","floor":27,"turns":6},{"damage":12,"enemies":"Snake Plant","floor":29,"turns":5},{"damage":3,"enemies":"Cultist and Chosen","floor":31,"turns":8},{"damage":93,"enemies":"Champ","floor":33,"turns":19}],"seed_played":"8473480263349020805","potions_obtained":[{"floor":1,"key":"Block Potion"},{"floor":14,"key":"EssenceOfSteel"}],"is_trial":false,"path_per_floor":["M","?","?","M","$","R","?","E","T","?","?","R","?","E","R","B",null,"M","?","$","?","?","R","?","R","T","M","R","M","R","M","R","B"],"character_chosen":"THE_SILENT","items_purchased":["Regal Pillow","Noxious Fumes","Gremlin Horn"],"campfire_rested":2,"item_purchase_floors":[5,5,20],"current_hp_per_floor":[59,64,43,42,42,42,59,9,9,9,9,45,62,38,38,38,63,60,60,60,60,54,54,54,54,54,46,46,34,34,31,66,0],"gold":133,"neow_bonus":"HUNDRED_GOLD","is_prod":false,"is_daily":false,"chose_seed":false,"campfire_upgraded":6,"win_rate":0,"timestamp":1547581179,"path_taken":["M","?","?","M","$","R","?","E","T","?","?","R","?","E","R","BOSS","M","?","$","?","?","R","?","R","T","M","R","M","R","M","R","BOSS"],"build_version":"2019-01-10","purchased_purges":0,"victory":false,"max_hp_per_floor":[66,71,71,71,71,71,71,71,71,71,71,71,71,71,71,71,71,71,71,71,71,71,71,68,68,68,68,68,68,68,68,68,68],"card_choices":[{"not_picked":["Reflex","Prepared"],"picked":"Quick Slash","floor":1},{"not_picked":["Setup","Sucker Punch"],"picked":"Cloak And Dagger","floor":4},{"not_picked":["Blade Dance","Prepared"],"picked":"Footwork","floor":8},{"not_picked":["Concentrate","Prepared"],"picked":"Venomology","floor":14},{"not_picked":["Bullet Time","Tools of the Trade"],"picked":"Unload","floor":16},{"not_picked":["Backflip","Flying Knee+1"],"picked":"Calculated Gamble+1","floor":18},{"not_picked":["Eviscerate","Slice"],"picked":"Leg Sweep","floor":27},{"not_picked":["Dagger Throw","Poisoned Stab"],"picked":"Blur","floor":29},{"not_picked":["Venomology","Choke"],"picked":"Backflip+1","floor":31}],"player_experience":881286,"relics_obtained":[{"floor":8,"key":"Bag of Marbles"},{"floor":9,"key":"The Courier"},{"floor":14,"key":"War Paint"},{"floor":26,"key":"Pen Nib"}],"event_choices":[{"damage_healed":0,"gold_gain":0,"player_choice":"Donut","damage_taken":0,"max_hp_gain":5,"max_hp_loss":0,"event_name":"Big Fish","floor":2,"gold_loss":0},{"damage_healed":0,"gold_gain":0,"player_choice":"Entered Light","damage_taken":21,"max_hp_gain":0,"max_hp_loss":0,"event_name":"Shining Light","floor":3,"gold_loss":0,"cards_upgraded":["Strike_G","Defend_G"]},{"damage_healed":17,"gold_gain":0,"player_choice":"Healed and dodged fight","damage_taken":0,"max_hp_gain":0,"max_hp_loss":0,"event_name":"Mushrooms","floor":7,"gold_loss":0,"cards_obtained":["Parasite"]},{"damage_healed":0,"gold_gain":0,"player_choice":"Fled","damage_taken":0,"max_hp_gain":0,"max_hp_loss":0,"event_name":"Scrap Ooze","floor":10,"gold_loss":0},{"damage_healed":0,"gold_gain":74,"player_choice":"Gained Gold","damage_taken":0,"max_hp_gain":0,"max_hp_loss":0,"event_name":"Golden Wing","floor":11,"gold_loss":0},{"damage_healed":17,"gold_gain":0,"player_choice":"Healed","damage_taken":0,"max_hp_gain":0,"max_hp_loss":0,"event_name":"The Cleric","floor":13,"gold_loss":35},{"damage_healed":0,"gold_gain":0,"player_choice":"Ignored","damage_taken":0,"max_hp_gain":0,"max_hp_loss":0,"event_name":"The Mausoleum","floor":19,"gold_loss":0},{"damage_healed":0,"gold_gain":0,"player_choice":"Ignored","damage_taken":0,"max_hp_gain":0,"max_hp_loss":0,"event_name":"Ghosts","floor":21,"gold_loss":0},{"damage_healed":0,"gold_gain":0,"player_choice":"Joined the Cult","damage_taken":6,"max_hp_gain":0,"max_hp_loss":0,"event_name":"Nest","floor":22,"gold_loss":0,"cards_obtained":["RitualDagger"]},{"cards_removed":["Parasite"],"damage_healed":0,"gold_gain":0,"player_choice":"Offered Curse","damage_taken":0,"relics_obtained":["Spirit Poop"],"max_hp_gain":0,"max_hp_loss":0,"event_name":"Bonfire Elementals","floor":24,"gold_loss":0}],"is_beta":false,"boss_relics":[{"not_picked":["Runic Dome","White Beast Statue"],"picked":"Runic Pyramid"}],"items_purged_floors":[],"is_endless":false,"potions_floor_spawned":[1,14,31],"killed_by":"Champ","ascension_level":20}