{"gold_per_floor":[114,114,35,53,53,117,117,160,184,223,247,247,247,267,267,267],"floor_reached":16,"playtime":738,"items_purged":[],"score":286,"play_id":"466ccd93-6172-4081-a0b0-7bb5e344d363","local_time":"20190115214125","is_ascension_mode":true,"campfire_choices":[{"floor":7,"key":"REST"},{"data":"Cloak And Dagger","floor":13,"key":"SMITH"},{"data":"Footwork","floor":15,"key":"SMITH"}],"neow_cost":"NONE","seed_source_timestamp":532448766680002,"circlet_count":0,"master_deck":["AscendersBane","Defend_G","Defend_G","Defend_G","Defend_G","Defend_G+1","Strike_G","Strike_G+1","Strike_G","Strike_G","Strike_G","Survivor","Neutralize+1","Dash","Predator","Dash","Backstab","PiercingWail","Cloak And Dagger+1","Footwork+1"],"relics":["Ring of the Snake","NeowsBlessing","Golden Idol","Tiny Chest","Vajra","Blood Vial","Bottled Lightning"],"potions_floor_usage":[6,8,10,16],"damage_taken":[{"damage":0,"enemies":"Jaw Worm","floor":1,"turns":1},{"damage":0,"enemies":"Small Slimes","floor":4,"turns":1},{"damage":0,"enemies":"Lagavulin","floor":6,"turns":4},{"damage":24,"enemies":"Gremlin Nob","floor":8,"turns":4},{"damage":12,"enemies":"3 Sentries","floor":10,"turns":9},{"damage":0,"enemies":"2 Louse","floor":11,"turns":2},{"damage":0,"enemies":"2 Fungi Beasts","floor":14,"turns":3},{"damage":35,"enemies":"Hexaghost","floor":16,"turns":15}],"seed_played":"-2752354453501419155","potions_obtained":[{"floor":4,"key":"FearPotion"},{"floor":8,"key":"Regen Potion"},{"floor":11,"key":"Dexterity Potion"}],"is_trial":false,"path_per_floor":["M","?","$","M","?","E","R","E","T","E","M","?","R","M","R","B"],"character_chosen":"THE_SILENT","items_purchased":["Regen Potion"],"campfire_rested":1,"item_purchase_floors":[3],"current_hp_per_floor":[59,39,39,39,16,28,47,23,23,28,30,30,30,32,32,0],"gold":267,"neow_bonus":"THREE_ENEMY_KILL","is_prod":false,"is_daily":false,"chose_seed":false,"campfire_upgraded":2,"win_rate":0,"timestamp":1547588485,"path_taken":["M","?","$","M","?","E","R","E","T","E","M","?","R","M","R","BOSS"],"build_version":"2019-01-10","purchased_purges":0,"victory":false,"max_hp_per_floor":[66,66,66,66,66,66,66,66,66,66,66,66,66,66,66,66],"card_choices":[{"not_picked":["Deadly Poison","Backflip"],"picked":"Dash","floor":1},{"not_picked":["Calculated Gamble","All Out Attack"],"picked":"Predator","floor":4},{"not_picked":["Concentrate","Dodge and Roll"],"picked":"Dash","floor":6},{"not_picked":["Dodge and Roll","Tactician"],"picked":"Backstab","floor":8},{"not_picked":["Finisher","Deflect"],"picked":"PiercingWail","floor":10},{"not_picked":["Night Terror","Dodge and Roll"],"picked":"Cloak And Dagger","floor":11},{"not_picked":["Bouncing Flask","Poisoned Stab"],"picked":"Footwork","floor":14}],"player_experience":885564,"relics_obtained":[{"floor":6,"key":"Tiny Chest"},{"floor":8,"key":"Vajra"},{"floor":9,"key":"Blood Vial"},{"floor":10,"key":"Bottled Lightning"}],"event_choices":[{"damage_healed":0,"gold_gain":0,"player_choice":"Entered Light","damage_taken":20,"max_hp_gain":0,"max_hp_loss":0,"event_name":"Shining Light","floor":2,"gold_loss":0,"cards_upgraded":["Defend_G","Strike_G"]},{"damage_healed":0,"gold_gain":0,"player_choice":"Take Damage","damage_taken":23,"relics_obtained":["Golden Idol"],"max_hp_gain":0,"max_hp_loss":0,"event_name":"Golden Idol","floor":5,"gold_loss":0},{"damage_healed":0,"gold_gain":0,"player_choice":"Grow","damage_taken":0,"max_hp_gain":0,"max_hp_loss":0,"event_name":"Living Wall","floor":12,"gold_loss":0,"cards_upgraded":["Neutralize"]}],"is_beta":false,"boss_relics":[],"items_purged_floors":[],"is_endless":false,"potions_floor_spawned":[4,8,11],"killed_by":"Hexaghost","ascension_level":20}