{"gold_per_floor":[110,121,12,12,26,26,57,57],"floor_reached":8,"playtime":524,"items_purged":[],"score":112,"play_id":"3479207d-5610-4964-9652-adb2072ecb42","local_time":"20190118203546","is_ascension_mode":true,"campfire_choices":[{"data":"Dagger Spray","floor":6,"key":"SMITH"}],"neow_cost":"NONE","seed_source_timestamp":787926380366326,"circlet_count":0,"master_deck":["AscendersBane","Defend_G","Defend_G","Defend_G","Defend_G","Defend_G","Strike_G","Strike_G","Strike_G","Strike_G","Survivor","Neutralize","Cloak And Dagger","Dagger Spray+1","PiercingWail","Backstab","Footwork"],"relics":["Ring of the Snake","Pen Nib"],"potions_floor_usage":[7,7],"damage_taken":[{"damage":0,"enemies":"2 Louse","floor":1,"turns":3},{"damage":1,"enemies":"Small Slimes","floor":2,"turns":5},{"damage":6,"enemies":"Jaw Worm","floor":5,"turns":7},{"damage":8,"enemies":"Gremlin Nob","floor":7,"turns":3},{"damage":49,"enemies":"Gremlin Nob","floor":8,"turns":4}],"seed_played":"9083227313576650875","potions_obtained":[{"floor":2,"key":"Ancient Potion"},{"floor":5,"key":"SteroidPotion"}],"is_trial":false,"path_per_floor":["M","M","$","?","M","R","E","?"],"character_chosen":"THE_SILENT","items_purchased":["Fire Potion","PiercingWail"],"campfire_rested":0,"item_purchase_floors":[3,3],"current_hp_per_floor":[65,64,64,57,51,51,43,0],"gold":57,"neow_bonus":"TEN_PERCENT_HP_BONUS","is_prod":false,"is_daily":false,"chose_seed":false,"campfire_upgraded":1,"win_rate":0,"timestamp":1547843746,"path_taken":["M","M","$","?","M","R","E","?"],"build_version":"2019-01-17v2","purchased_purges":0,"victory":false,"max_hp_per_floor":[72,72,72,72,72,72,72,72],"card_choices":[{"not_picked":["Blade Dance","Underhanded Strike"],"picked":"Cloak And Dagger","floor":1},{"not_picked":["Blade Dance","Finisher"],"picked":"Dagger Spray","floor":2},{"not_picked":["Prepared","Deflect"],"picked":"Backstab","floor":5},{"not_picked":["Deflect","Calculated Gamble"],"picked":"Footwork","floor":7}],"player_experience":911032,"relics_obtained":[{"floor":7,"key":"Pen Nib"}],"event_choices":[{"cards_removed":["Strike_G"],"damage_healed":0,"gold_gain":0,"player_choice":"Card Removal","damage_taken":7,"max_hp_gain":0,"max_hp_loss":0,"event_name":"Golden Wing","floor":4,"gold_loss":0},{"damage_healed":0,"gold_gain":0,"player_choice":"Searched \u00271\u0027 times","damage_taken":0,"max_hp_gain":0,"max_hp_loss":0,"event_name":"Dead Adventurer","floor":8,"gold_loss":0}],"is_beta":false,"boss_relics":[],"items_purged_floors":[],"is_endless":false,"potions_floor_spawned":[2,5],"killed_by":"Gremlin Nob","ascension_level":20}