{"gold_per_floor":[112,112,130,141,141,168,168,178,178,191,191,218,232,246,246,323,323,336,63,63,13,31,31,31],"floor_reached":24,"playtime":1673,"items_purged":[],"score":406,"play_id":"8a7ffcfb-a626-4e2a-90b0-51927a3d0558","local_time":"20190113110819","is_ascension_mode":true,"campfire_choices":[{"floor":7,"key":"REST"},{"floor":11,"key":"REST"},{"floor":15,"key":"REST"},{"floor":23,"key":"REST"}],"neow_cost":"NONE","seed_source_timestamp":320719203321685,"circlet_count":0,"master_deck":["AscendersBane","Defend_G","Defend_G","Defend_G","Defend_G","Defend_G","Strike_G","Strike_G","Strike_G","Strike_G","Strike_G","Survivor","Neutralize+1","Sucker Punch+1","Well Laid Plans","Backstab","Endless Agony","Poisoned Stab","PiercingWail","Finisher","Poisoned Stab","Malaise","Blur","Slice","Noxious Fumes","Wraith Form v2","All Out Attack","Apotheosis","Footwork","Writhe","Dagger Spray","Dodge and Roll+1"],"relics":["Ring of the Snake","NeowsBlessing","Dream Catcher","Pantograph","Bird Faced Urn","Sozu","Tough Bandages"],"potions_floor_usage":[12,16,22,24],"damage_taken":[{"damage":0,"enemies":"Jaw Worm","floor":1,"turns":1},{"damage":0,"enemies":"Cultist","floor":3,"turns":1},{"damage":0,"enemies":"Small Slimes","floor":4,"turns":1},{"damage":42,"enemies":"Gremlin Nob","floor":6,"turns":5},{"damage":5,"enemies":"Exordium Wildlife","floor":8,"turns":3},{"damage":0,"enemies":"Large Slime","floor":10,"turns":7},{"damage":30,"enemies":"Lagavulin","floor":12,"turns":5},{"damage":0,"enemies":"Blue Slaver","floor":13,"turns":2},{"damage":9,"enemies":"Lots of Slimes","floor":14,"turns":4},{"damage":60,"enemies":"Slime Boss","floor":16,"turns":13},{"damage":27,"enemies":"Spheric Guardian","floor":18,"turns":6},{"damage":26,"enemies":"3 Byrds","floor":22,"turns":7},{"damage":36,"enemies":"Book of Stabbing","floor":24,"turns":8}],"seed_played":"-7904062443945485026","potions_obtained":[{"floor":6,"key":"Strength Potion"},{"floor":12,"key":"Swift Potion"},{"floor":14,"key":"Weak Potion"},{"floor":16,"key":"Swift Potion"}],"is_trial":false,"path_per_floor":["M","?","M","M","?","E","R","M","T","M","R","E","M","M","R","B",null,"M","$","?","$","M","R","E"],"character_chosen":"THE_SILENT","items_purchased":["Apotheosis","Footwork","Dagger Spray"],"campfire_rested":4,"item_purchase_floors":[19,19,21],"current_hp_per_floor":[59,59,59,59,59,17,36,31,31,31,50,20,20,13,32,1,50,29,29,29,29,9,28,0],"gold":31,"neow_bonus":"THREE_ENEMY_KILL","is_prod":false,"is_daily":false,"chose_seed":false,"campfire_upgraded":0,"win_rate":0,"timestamp":1547377699,"path_taken":["M","?","M","M","?","E","R","?","T","M","R","E","M","M","R","BOSS","M","$","?","$","M","R","E"],"build_version":"2019-01-10","purchased_purges":0,"victory":false,"max_hp_per_floor":[66,66,66,66,66,66,66,66,66,66,66,66,66,66,66,66,66,66,66,66,66,66,66,66],"card_choices":[{"not_picked":["Acrobatics","Outmaneuver"],"picked":"Sucker Punch","floor":1},{"not_picked":["Flying Knee","Cloak And Dagger"],"picked":"Well Laid Plans","floor":3},{"not_picked":["Dodge and Roll","Deadly Poison"],"picked":"Backstab","floor":4},{"not_picked":["Burst","Outmaneuver"],"picked":"Endless Agony","floor":6},{"not_picked":["Reflex","Backflip"],"picked":"Poisoned Stab","floor":7},{"not_picked":["Deadly Poison","Setup"],"picked":"PiercingWail","floor":8},{"not_picked":["Blade Dance","PiercingWail"],"picked":"Finisher","floor":10},{"not_picked":["Dagger Throw","Quick Slash"],"picked":"Poisoned Stab","floor":11},{"not_picked":["Dodge and Roll","Dagger Spray"],"picked":"Malaise","floor":12},{"not_picked":["Bane","Deadly Poison"],"picked":"Blur","floor":13},{"not_picked":["Backflip","Riddle With Holes"],"picked":"Slice","floor":14},{"not_picked":["Unload","Dagger Spray"],"picked":"Noxious Fumes","floor":15},{"not_picked":["Tools of the Trade","Grand Finale"],"picked":"Wraith Form v2","floor":16},{"not_picked":["Skewer","PiercingWail"],"picked":"All Out Attack","floor":18},{"not_picked":["Underhanded Strike","Outmaneuver"],"picked":"Dodge and Roll+1","floor":22}],"player_experience":835249,"relics_obtained":[{"floor":6,"key":"Dream Catcher"},{"floor":9,"key":"Pantograph"},{"floor":12,"key":"Bird Faced Urn"}],"event_choices":[{"damage_healed":0,"gold_gain":0,"player_choice":"Grow","damage_taken":0,"max_hp_gain":0,"max_hp_loss":0,"event_name":"Living Wall","floor":2,"gold_loss":0,"cards_upgraded":["Neutralize"]},{"damage_healed":0,"gold_gain":0,"player_choice":"Upgraded","damage_taken":0,"max_hp_gain":0,"max_hp_loss":0,"event_name":"Upgrade Shrine","floor":5,"gold_loss":0,"cards_upgraded":["Sucker Punch"]},{"damage_healed":0,"gold_gain":0,"player_choice":"Opened","damage_taken":0,"relics_obtained":["Tough Bandages"],"max_hp_gain":0,"max_hp_loss":0,"event_name":"The Mausoleum","floor":20,"gold_loss":0,"cards_obtained":["Writhe"]}],"is_beta":false,"boss_relics":[{"not_picked":["Busted Crown","Lizard Tail"],"picked":"Sozu"}],"items_purged_floors":[],"is_endless":false,"potions_floor_spawned":[6,12,14,16,22],"killed_by":"Book of Stabbing","ascension_level":19}