{"gold_per_floor":[112,123,123,143,68,68,80,80,134,163,181,181,23,84,84,157,157,173,173,185,21,21,21,21,21],"floor_reached":25,"playtime":2123,"items_purged":["Strike_G"],"score":388,"play_id":"150f140b-c069-4319-b0df-75b994f8f4c3","local_time":"20190113002433","is_ascension_mode":true,"campfire_choices":[{"data":"Skewer","floor":6,"key":"SMITH"},{"floor":8,"key":"REST"},{"data":"Wraith Form v2","floor":12,"key":"SMITH"},{"data":"Neutralize","floor":15,"key":"SMITH"},{"floor":23,"key":"REST"}],"neow_cost":"NONE","seed_source_timestamp":281630721688099,"circlet_count":0,"master_deck":["AscendersBane","Defend_G+1","Defend_G+1","Defend_G+1","Defend_G+1","Defend_G+1","Strike_G+1","Strike_G+1","Strike_G+1","Strike_G+1","Survivor","Neutralize+1","Skewer+1","Slice","Infinite Blades","Crippling Poison","Wraith Form v2+1","Dagger Throw","Footwork","Die Die Die","Escape Plan","Noxious Fumes","Backstab","Decay"],"relics":["Ring of the Snake","Potion Belt","Vajra","Tiny Chest","Turnip","Black Star","Singing Bowl"],"potions_floor_usage":[10,16,16,20,25],"damage_taken":[{"damage":17,"enemies":"Jaw Worm","floor":1,"turns":10},{"damage":1,"enemies":"2 Louse","floor":2,"turns":3},{"damage":0,"enemies":"Cultist","floor":4,"turns":3},{"damage":1,"enemies":"Blue Slaver","floor":7,"turns":2},{"damage":8,"enemies":"Gremlin Nob","floor":10,"turns":3},{"damage":6,"enemies":"Looter","floor":11,"turns":3},{"damage":32,"enemies":"Hexaghost","floor":16,"turns":10},{"damage":19,"enemies":"3 Byrds","floor":18,"turns":6},{"damage":13,"enemies":"Spheric Guardian","floor":20,"turns":5},{"damage":52,"enemies":"Gremlin Leader","floor":25,"turns":6}],"seed_played":"-2922808194021576235","potions_obtained":[{"floor":1,"key":"Block Potion"},{"floor":4,"key":"Swift Potion"},{"floor":10,"key":"Poison Potion"},{"floor":16,"key":"AttackPotion"},{"floor":20,"key":"SteroidPotion"}],"is_trial":false,"path_per_floor":["M","M","?","M","$","R","M","R","T","E","M","R","$","?","R","B",null,"M","?","M","$","?","R","T","E"],"character_chosen":"THE_SILENT","items_purchased":["Footwork","Regen Potion","Noxious Fumes","Poison Potion","Backstab"],"campfire_rested":2,"item_purchase_floors":[13,13,21,21,21],"current_hp_per_floor":[42,41,30,30,30,30,29,48,48,40,34,34,34,34,34,2,50,31,31,32,32,32,51,51,0],"gold":21,"neow_bonus":"RANDOM_COMMON_RELIC","is_prod":false,"is_daily":false,"chose_seed":false,"campfire_upgraded":3,"win_rate":0,"timestamp":1547339073,"path_taken":["M","M","?","M","$","R","M","R","T","E","M","R","$","?","R","BOSS","M","?","M","$","?","R","?","E"],"build_version":"2019-01-10","purchased_purges":1,"victory":false,"max_hp_per_floor":[66,66,66,66,66,66,66,66,66,66,66,66,66,66,66,66,66,66,66,66,66,66,66,66,66],"card_choices":[{"not_picked":["Calculated Gamble","Quick Slash"],"picked":"Skewer","floor":1},{"not_picked":["Sucker Punch","Prepared"],"picked":"Slice","floor":2},{"not_picked":["Slice","Deadly Poison"],"picked":"Infinite Blades","floor":4},{"not_picked":["Setup","Distraction"],"picked":"Crippling Poison","floor":7},{"not_picked":["Slice","Infinite Blades"],"picked":"Wraith Form v2","floor":10},{"not_picked":["Choke","Sucker Punch"],"picked":"Dagger Throw","floor":11},{"not_picked":["Venomology","Burst"],"picked":"Die Die Die","floor":16},{"not_picked":["Expertise","Bane","Flying Knee"],"picked":"SKIP","floor":18},{"not_picked":["Deadly Poison+1","Prepared+1"],"picked":"Escape Plan","floor":20}],"player_experience":830483,"relics_obtained":[{"floor":9,"key":"Tiny Chest"},{"floor":10,"key":"Turnip"},{"floor":24,"key":"Singing Bowl"}],"event_choices":[{"damage_healed":0,"gold_gain":0,"player_choice":"Success","damage_taken":11,"relics_obtained":["Vajra"],"max_hp_gain":0,"max_hp_loss":0,"event_name":"Scrap Ooze","floor":3,"gold_loss":0},{"damage_healed":0,"gold_gain":61,"player_choice":"Gained Gold","damage_taken":0,"max_hp_gain":0,"max_hp_loss":0,"event_name":"Golden Wing","floor":14,"gold_loss":0},{"damage_healed":0,"gold_gain":0,"player_choice":"Simplicity","damage_taken":0,"max_hp_gain":0,"max_hp_loss":0,"event_name":"Back to Basics","floor":19,"gold_loss":0,"cards_upgraded":["Defend_G","Defend_G","Defend_G","Defend_G","Defend_G","Strike_G","Strike_G","Strike_G","Strike_G"]},{"damage_healed":0,"gold_gain":0,"player_choice":"Smashed Altar","damage_taken":0,"max_hp_gain":0,"max_hp_loss":0,"event_name":"Forgotten Altar","floor":22,"gold_loss":0,"cards_obtained":["Decay"]}],"is_beta":false,"boss_relics":[{"not_picked":["Eternal Feather","Sozu"],"picked":"Black Star"}],"items_purged_floors":[5],"is_endless":false,"potions_floor_spawned":[1,4,10,16,20],"killed_by":"Gremlin Leader","ascension_level":19}