{"gold_per_floor":[117,117,141,161,181,211,211,239,239,239,239],"floor_reached":11,"playtime":523,"items_purged":[],"score":162,"play_id":"faae80cb-8cb2-4812-81b5-1425c538feac","local_time":"20190120180005","is_ascension_mode":true,"campfire_choices":[{"floor":7,"key":"REST"},{"floor":10,"key":"REST"}],"neow_cost":"NONE","seed_source_timestamp":951387374781952,"circlet_count":0,"master_deck":["AscendersBane","Defend_G","Defend_G","Defend_G","Defend_G","Defend_G","Strike_G","Strike_G","Strike_G","Strike_G","Strike_G","Survivor","Neutralize","Malaise","Predator","Flying Knee","Dagger Spray"],"relics":["Ring of the Snake","Dead Branch","Strawberry","StoneCalendar","Mummified Hand","Vajra"],"potions_floor_usage":[6,6],"damage_taken":[{"damage":3,"enemies":"2 Louse","floor":1,"turns":3},{"damage":0,"enemies":"Jaw Worm","floor":4,"turns":4},{"damage":4,"enemies":"Small Slimes","floor":5,"turns":5},{"damage":31,"enemies":"Gremlin Nob","floor":6,"turns":4},{"damage":22,"enemies":"3 Sentries","floor":8,"turns":7},{"damage":24,"enemies":"Gremlin Nob","floor":11,"turns":3}],"seed_played":"-966768059163902918","potions_obtained":[{"floor":4,"key":"Fire Potion"},{"floor":5,"key":"SneckoOil"}],"is_trial":false,"path_per_floor":["M","?","T","M","M","E","R","E","T","R","E"],"character_chosen":"THE_SILENT","items_purchased":[],"campfire_rested":2,"item_purchase_floors":[],"current_hp_per_floor":[56,30,37,37,33,2,23,1,1,22,0],"gold":239,"neow_bonus":"ONE_RANDOM_RARE_CARD","is_prod":false,"is_daily":false,"chose_seed":false,"campfire_upgraded":0,"win_rate":0,"timestamp":1548007205,"path_taken":["M","?","?","M","M","E","R","E","T","R","E"],"build_version":"2019-01-17v2","purchased_purges":0,"victory":false,"max_hp_per_floor":[66,66,73,73,73,73,73,73,73,73,73],"card_choices":[{"not_picked":["Outmaneuver","Terror"],"picked":"Predator","floor":1},{"not_picked":["Bane","Sucker Punch"],"picked":"Flying Knee","floor":4},{"not_picked":["Underhanded Strike","Distraction","Blur"],"picked":"SKIP","floor":5},{"not_picked":["Bane","Choke","Acrobatics"],"picked":"SKIP","floor":6},{"not_picked":["Wraith Form v2","Slice"],"picked":"Dagger Spray","floor":8}],"player_experience":954728,"relics_obtained":[{"floor":3,"key":"Strawberry"},{"floor":6,"key":"StoneCalendar"},{"floor":8,"key":"Mummified Hand"},{"floor":9,"key":"Vajra"}],"event_choices":[{"damage_healed":0,"gold_gain":0,"player_choice":"Success","damage_taken":26,"relics_obtained":["Dead Branch"],"max_hp_gain":0,"max_hp_loss":0,"event_name":"Scrap Ooze","floor":2,"gold_loss":0}],"is_beta":false,"boss_relics":[],"items_purged_floors":[],"is_endless":false,"potions_floor_spawned":[4,5],"killed_by":"Gremlin Nob","ascension_level":20}