{"gold_per_floor":[128,160,192,204,216,228,267,293,305,328,353,365,412,436,448,538,550,578,19,37,57,57,57,71,71,71,84,102,2,2,22,22,22],"floor_reached":33,"playtime":2162,"items_purged":["Strike_G","Shame"],"score":526,"play_id":"6663f4a0-528b-4235-b713-1909d425b38d","local_time":"20190122233632","is_ascension_mode":true,"campfire_choices":[{"data":"Flying Knee","floor":6,"key":"SMITH"},{"data":"Skewer","floor":12,"key":"SMITH"},{"data":"Crippling Poison","floor":15,"key":"SMITH"},{"data":"Catalyst","floor":23,"key":"SMITH"},{"floor":25,"key":"REST"},{"floor":30,"key":"REST"},{"floor":32,"key":"DIG"}],"neow_cost":"NONE","seed_source_timestamp":1142738954875460,"circlet_count":0,"master_deck":["AscendersBane","Defend_G","Defend_G","Defend_G","Defend_G","Defend_G","Strike_G","Strike_G","Strike_G","Strike_G+1","Survivor","Neutralize","Flying Knee+1","Dagger Throw+1","Well Laid Plans","Crippling Poison+1","Caltrops","Skewer+1","Leg Sweep","Adrenaline","Poisoned Stab+1","Catalyst+1","Dodge and Roll","Noxious Fumes","Dodge and Roll","Prepared+1","Blur"],"relics":["Ring of the Snake","MawBank","Bag of Preparation","Centennial Puzzle","Matryoshka","Letter Opener","Cursed Key","Happy Flower","Whetstone","Potion Belt","Shovel","Toxic Egg 2"],"potions_floor_usage":[7,16,33,33,33,33],"damage_taken":[{"damage":0,"enemies":"Jaw Worm","floor":1,"turns":8},{"damage":0,"enemies":"Cultist","floor":2,"turns":4},{"damage":1,"enemies":"2 Louse","floor":3,"turns":4},{"damage":17,"enemies":"3 Sentries","floor":7,"turns":8},{"damage":6,"enemies":"Exordium Wildlife","floor":8,"turns":5},{"damage":3,"enemies":"Looter","floor":10,"turns":3},{"damage":0,"enemies":"2 Fungi Beasts","floor":11,"turns":3},{"damage":8,"enemies":"Gremlin Nob","floor":13,"turns":3},{"damage":5,"enemies":"Exordium Wildlife","floor":14,"turns":3},{"damage":9,"enemies":"The Guardian","floor":16,"turns":11},{"damage":11,"enemies":"2 Thieves","floor":18,"turns":3},{"damage":7,"enemies":"Shell Parasite","floor":20,"turns":3},{"damage":0,"enemies":"Cultist and Chosen","floor":21,"turns":5},{"damage":8,"enemies":"Snecko","floor":24,"turns":3},{"damage":9,"enemies":"Snake Plant","floor":27,"turns":3},{"damage":10,"enemies":"3 Cultists","floor":28,"turns":5},{"damage":0,"enemies":"Snecko","floor":31,"turns":4},{"damage":68,"enemies":"Champ","floor":33,"turns":14}],"seed_played":"3912970007928028875","potions_obtained":[{"floor":1,"key":"FearPotion"},{"floor":3,"key":"Explosive Potion"},{"floor":11,"key":"Fire Potion"},{"floor":14,"key":"Strength Potion"},{"floor":27,"key":"SteroidPotion"},{"floor":28,"key":"AttackPotion"}],"is_trial":false,"path_per_floor":["M","M","M","?","T","R","E","M","T","M","M","R","E","M","R","B",null,"M","$","M","M","?","R","M","R","T","M","M","$","R","M","R","B"],"character_chosen":"THE_SILENT","items_purchased":["Happy Flower","Whetstone","GhostInAJar","Catalyst"],"campfire_rested":2,"item_purchase_floors":[19,19,19,19],"current_hp_per_floor":[59,59,58,58,58,58,41,35,35,32,32,32,24,19,19,10,52,41,41,34,34,34,34,26,45,45,36,26,26,45,45,45,0],"gold":22,"neow_bonus":"RANDOM_COMMON_RELIC","is_prod":false,"is_daily":false,"chose_seed":false,"campfire_upgraded":4,"win_rate":0,"timestamp":1548200192,"path_taken":["M","M","M","?","?","R","E","M","T","M","?","R","E","M","R","BOSS","M","$","M","M","?","R","M","R","T","M","M","$","R","M","R","BOSS"],"build_version":"2019-01-17v2","purchased_purges":2,"victory":false,"max_hp_per_floor":[66,66,66,66,66,66,66,66,66,66,66,66,66,66,66,66,66,66,66,66,66,66,66,66,66,66,66,66,66,66,66,66,66],"card_choices":[{"not_picked":["Riddle With Holes","Backflip"],"picked":"Flying Knee","floor":1},{"not_picked":["Outmaneuver","Dodge and Roll","Bane"],"picked":"SKIP","floor":2},{"not_picked":["Backflip","PiercingWail"],"picked":"Dagger Throw","floor":3},{"not_picked":["Poisoned Stab","Wraith Form v2"],"picked":"Well Laid Plans","floor":7},{"not_picked":["Bane","Prepared"],"picked":"Crippling Poison","floor":8},{"not_picked":["Blade Dance","Calculated Gamble"],"picked":"Caltrops","floor":10},{"not_picked":["Deflect","Blade Dance"],"picked":"Skewer","floor":11},{"not_picked":["Acrobatics","Cloak And Dagger","Underhanded Strike"],"picked":"SKIP","floor":13},{"not_picked":["Setup","Backstab"],"picked":"Leg Sweep","floor":14},{"not_picked":["A Thousand Cuts","Corpse Explosion"],"picked":"Adrenaline","floor":16},{"not_picked":["Distraction","Crippling Poison"],"picked":"Poisoned Stab+1","floor":18},{"not_picked":["Calculated Gamble","Underhanded Strike"],"picked":"Dodge and Roll","floor":20},{"not_picked":["Flying Knee","Calculated Gamble"],"picked":"Noxious Fumes","floor":21},{"not_picked":["Reflex","Finisher"],"picked":"Dodge and Roll","floor":24},{"not_picked":["Acrobatics","Underhanded Strike"],"picked":"Prepared+1","floor":27},{"not_picked":["Accuracy","Leg Sweep","Outmaneuver"],"picked":"SKIP","floor":28},{"not_picked":["Prepared","Blade Dance"],"picked":"Blur","floor":31}],"player_experience":976297,"relics_obtained":[{"floor":5,"key":"Bag of Preparation"},{"floor":7,"key":"Centennial Puzzle"},{"floor":9,"key":"Matryoshka"},{"floor":13,"key":"Letter Opener"},{"floor":26,"key":"Potion Belt"},{"floor":26,"key":"Shovel"},{"floor":32,"key":"Toxic Egg 2"}],"event_choices":[{"damage_healed":0,"gold_gain":0,"player_choice":"Ignored","damage_taken":0,"max_hp_gain":0,"max_hp_loss":0,"event_name":"Liars Game","floor":4,"gold_loss":0}],"is_beta":false,"boss_relics":[{"not_picked":["Runic Dome","Busted Crown"],"picked":"Cursed Key"}],"items_purged_floors":[19,29],"is_endless":false,"potions_floor_spawned":[1,3,11,14,20,27,28],"killed_by":"Champ","ascension_level":20}