{"gold_per_floor":[118,130,146,146,146,146,160,160,160,160,171,205,216,181,181,181],"floor_reached":16,"playtime":666,"items_purged":[],"score":204,"play_id":"4975bc1a-db47-4b6a-9929-3ebb8bd28438","local_time":"20190122001502","is_ascension_mode":true,"campfire_choices":[{"data":"Poisoned Stab","floor":6,"key":"SMITH"},{"data":"Skewer","floor":8,"key":"SMITH"},{"floor":10,"key":"REST"},{"floor":15,"key":"REST"}],"neow_cost":"NONE","seed_source_timestamp":1060117519051243,"circlet_count":0,"master_deck":["AscendersBane","Defend_G","Defend_G","Defend_G","Defend_G","Defend_G","Strike_G","Strike_G","Strike_G","Survivor","Neutralize","Poisoned Stab+1","PiercingWail","Skewer+1","Footwork"],"special_seed":0,"relics":["Ring of the Snake","Mercury Hourglass","Pear"],"potions_floor_usage":[16],"damage_taken":[{"damage":0.0,"enemies":"Cultist","floor":1.0,"turns":4.0},{"damage":7.0,"enemies":"Small Slimes","floor":2.0,"turns":4.0},{"damage":1.0,"enemies":"2 Louse","floor":3.0,"turns":4.0},{"damage":20,"enemies":"Large Slime","floor":7,"turns":10},{"damage":5,"enemies":"Red Slaver","floor":11,"turns":3},{"damage":20,"enemies":"3 Sentries","floor":12,"turns":7},{"damage":27,"enemies":"Exordium Thugs","floor":13,"turns":4},{"damage":54,"enemies":"Hexaghost","floor":16,"turns":9}],"seed_played":"4244884837505693853","potions_obtained":[{"floor":2.0,"key":"LiquidBronze"},{"floor":11,"key":"Ancient Potion"},{"floor":13,"key":"SpeedPotion"}],"is_trial":false,"path_per_floor":["M","M","M","?","?","R","M","R","T","R","M","E","M","?","R","B"],"character_chosen":"THE_SILENT","items_purchased":[],"campfire_rested":2,"item_purchase_floors":[],"current_hp_per_floor":[65,58,57,50,50,50,30,30,30,51,46,36,9,29,53,0],"gold":181,"neow_bonus":"TEN_PERCENT_HP_BONUS","is_prod":false,"is_daily":false,"chose_seed":false,"campfire_upgraded":2,"win_rate":0,"timestamp":1548116102,"path_taken":["M","M","M","?","?","R","M","R","T","R","M","E","M","?","R","BOSS"],"build_version":"2019-01-17v2","purchased_purges":0,"victory":false,"max_hp_per_floor":[72,72,72,72,72,72,72,72,72,72,72,82,82,82,82,82],"card_choices":[{"not_picked":["Prepared","Dagger Spray"],"picked":"Poisoned Stab","floor":1.0},{"not_picked":["Calculated Gamble","Endless Agony","Underhanded Strike"],"picked":"SKIP","floor":2.0},{"not_picked":["Slice","Bane"],"picked":"PiercingWail","floor":3.0},{"not_picked":["Slice","Concentrate"],"picked":"Skewer","floor":7},{"not_picked":["PiercingWail","Prepared","Riddle With Holes"],"picked":"SKIP","floor":11},{"not_picked":["Calculated Gamble","Acrobatics","Setup"],"picked":"SKIP","floor":12},{"not_picked":["Prepared","Quick Slash"],"picked":"Footwork","floor":13}],"player_experience":966811,"relics_obtained":[{"floor":9,"key":"Mercury Hourglass"},{"floor":12,"key":"Pear"}],"event_choices":[{"cards_removed":["Strike_G"],"damage_healed":0.0,"max_hp_gain":0.0,"max_hp_loss":0.0,"gold_gain":0.0,"event_name":"Golden Wing","player_choice":"Card Removal","floor":4.0,"gold_loss":0.0,"damage_taken":7.0},{"cards_removed":["Strike_G"],"damage_healed":0,"gold_gain":0,"player_choice":"Forget","damage_taken":0,"max_hp_gain":0,"max_hp_loss":0,"event_name":"Living Wall","floor":5,"gold_loss":0},{"damage_healed":20,"gold_gain":0,"player_choice":"Healed","damage_taken":0,"max_hp_gain":0,"max_hp_loss":0,"event_name":"The Cleric","floor":14,"gold_loss":35}],"is_beta":false,"boss_relics":[],"items_purged_floors":[],"is_endless":false,"potions_floor_spawned":[2,11,12,13],"killed_by":"Hexaghost","ascension_level":20}