{"gold_per_floor":[115,115,134,134,151,151,163,189,189,189,202,202,237,76,76,152,152,172,172,172,172,192,192,219,219,219,7,18,18,28,42,42,119,169,189,189,189,189,18,18,18],"floor_reached":41,"playtime":2376,"items_purged":["Strike_G","Strike_G"],"score":834,"play_id":"647b6561-8227-459a-93ea-23eaf0dc3d31","local_time":"20190120184531","is_ascension_mode":true,"campfire_choices":[{"data":"Poisoned Stab","floor":6.0,"key":"SMITH"},{"floor":10.0,"key":"REST"},{"floor":15.0,"key":"REST"},{"data":"Noxious Fumes","floor":23.0,"key":"SMITH"},{"floor":25.0,"key":"REST"},{"floor":29.0,"key":"REST"},{"floor":32.0,"key":"REST"},{"floor":40,"key":"REST"}],"neow_cost":"NONE","seed_source_timestamp":0,"circlet_count":0,"master_deck":["AscendersBane","Defend_G","Defend_G+1","Defend_G","Defend_G","Defend_G","Strike_G","Survivor","Neutralize","Quick Slash","Poisoned Stab+1","Bouncing Flask+1","Dagger Throw+1","Noxious Fumes+1","Backstab","Backstab","Glass Knife","Dodge and Roll+1","Well Laid Plans","PiercingWail","Noxious Fumes+1","Footwork","All Out Attack+1","Die Die Die+1","Cloak And Dagger+1"],"special_seed":0,"relics":["Ring of the Snake","Vajra","Dodecahedron","WingedGreaves","Cursed Key","Omamori","Molten Egg 2","Tiny House","War Paint"],"potions_floor_usage":[41,41],"damage_taken":[{"damage":2.0,"enemies":"Small Slimes","floor":1.0,"turns":5.0},{"damage":0.0,"enemies":"2 Louse","floor":3.0,"turns":3.0},{"damage":2.0,"enemies":"Jaw Worm","floor":5.0,"turns":4.0},{"damage":3.0,"enemies":"2 Fungi Beasts","floor":7.0,"turns":3.0},{"damage":17.0,"enemies":"3 Sentries","floor":8.0,"turns":10.0},{"damage":5.0,"enemies":"Exordium Wildlife","floor":11.0,"turns":3.0},{"damage":23.0,"enemies":"Gremlin Nob","floor":13.0,"turns":4.0},{"damage":21.0,"enemies":"Hexaghost","floor":16.0,"turns":8.0},{"damage":19.0,"enemies":"Spheric Guardian","floor":18.0,"turns":4.0},{"damage":4.0,"enemies":"3 Byrds","floor":22.0,"turns":5.0},{"damage":25.0,"enemies":"Book of Stabbing","floor":24.0,"turns":4.0},{"damage":30.0,"enemies":"Sentry and Sphere","floor":28.0,"turns":6.0},{"damage":5.0,"enemies":"Centurion and Healer","floor":30.0,"turns":8.0},{"damage":14.0,"enemies":"Snake Plant","floor":31.0,"turns":4.0},{"damage":50.0,"enemies":"Collector","floor":33.0,"turns":9.0},{"damage":45,"enemies":"3 Darklings","floor":35,"turns":5},{"damage":57,"enemies":"Reptomancer","floor":41,"turns":6}],"seed_played":"4992382234306648028","potions_obtained":[{"floor":1.0,"key":"EssenceOfSteel"},{"floor":5.0,"key":"LiquidBronze"},{"floor":11.0,"key":"Regen Potion"},{"floor":13.0,"key":"Ancient Potion"},{"floor":16.0,"key":"FearPotion"},{"floor":18.0,"key":"Fruit Juice"},{"floor":28.0,"key":"Regen Potion"},{"floor":30.0,"key":"GamblersBrew"},{"floor":34,"key":"FearPotion"},{"floor":35,"key":"Energy Potion"}],"is_trial":false,"path_per_floor":["M","?","M","?","M","R","M","E","T","R","M","?","E","$","R","B",null,"M","?","?","?","M","R","E","R","T","$","M","R","M","M","R","B",null,"M","?","?","?","$","R","E"],"character_chosen":"THE_SILENT","items_purchased":["Backstab","Dexterity Potion","PiercingWail","War Paint"],"campfire_rested":6,"item_purchase_floors":[14,27,27,39],"current_hp_per_floor":[63,56,56,61,59,59,56,39,39,62,57,34,23,23,46,25,64,50,50,50,50,46,46,21,45,45,45,15,39,49,35,59,9,69,24,24,24,24,24,48,0],"gold":18,"neow_bonus":"TEN_PERCENT_HP_BONUS","is_prod":false,"is_daily":false,"chose_seed":false,"campfire_upgraded":2,"win_rate":0,"timestamp":1548009931,"path_taken":["M","?","M","?","?","R","M","E","T","R","M","?","E","$","R","BOSS","M","?","?","?","M","R","E","R","T","?","?","R","M","M","R","BOSS","M","?","?","?","$","R","E"],"build_version":"2019-01-17v2","purchased_purges":2,"victory":false,"max_hp_per_floor":[72,72,72,77,77,77,77,77,77,77,77,77,77,77,77,77,77,82,82,82,82,82,82,82,82,82,82,82,82,82,82,82,82,87,87,87,87,83,83,83,83],"card_choices":[{"not_picked":["Endless Agony","Cloak And Dagger"],"picked":"Quick Slash","floor":1.0},{"not_picked":["Backflip","Cloak And Dagger"],"picked":"Poisoned Stab","floor":3.0},{"not_picked":["Riddle With Holes","Leg Sweep"],"picked":"Bouncing Flask","floor":5.0},{"not_picked":["Quick Slash","Dodge and Roll"],"picked":"Dagger Throw","floor":7.0},{"not_picked":["Bouncing Flask","Outmaneuver"],"picked":"Noxious Fumes","floor":8.0},{"not_picked":["Flying Knee","Flechettes"],"picked":"Backstab","floor":11.0},{"not_picked":["Concentrate","Sucker Punch","Tools of the Trade"],"picked":"SKIP","floor":13.0},{"not_picked":["Doppelganger","Tools of the Trade"],"picked":"Glass Knife","floor":16.0},{"not_picked":["Riddle With Holes","Dagger Throw+1"],"picked":"Dodge and Roll","floor":18.0},{"not_picked":["Eviscerate","Flying Knee"],"picked":"Well Laid Plans","floor":22.0},{"not_picked":["Well Laid Plans","Sucker Punch","Finisher"],"picked":"SKIP","floor":24.0},{"not_picked":["Accuracy","Underhanded Strike+1"],"picked":"Noxious Fumes","floor":28.0},{"not_picked":["Riddle With Holes+1","Heel Hook+1"],"picked":"Footwork","floor":30.0},{"not_picked":["Infinite Blades+1","Flying Knee+1"],"picked":"All Out Attack+1","floor":31.0},{"not_picked":["Grand Finale+1","Unload+1"],"picked":"Die Die Die+1","floor":33.0},{"not_picked":["Calculated Gamble","Outmaneuver+1"],"picked":"Cloak And Dagger+1","floor":34},{"not_picked":["Flying Knee+1","Poisoned Stab+1","Tactician+1"],"picked":"SKIP","floor":35}],"player_experience":955251,"relics_obtained":[{"floor":8.0,"key":"Vajra"},{"floor":9.0,"key":"Dodecahedron"},{"floor":13.0,"key":"WingedGreaves"},{"floor":24.0,"key":"Omamori"},{"floor":26.0,"key":"Molten Egg 2"}],"event_choices":[{"cards_removed":["Strike_G"],"damage_healed":0.0,"max_hp_gain":0.0,"max_hp_loss":0.0,"gold_gain":0.0,"event_name":"Golden Wing","player_choice":"Card Removal","floor":2.0,"gold_loss":0.0,"damage_taken":7.0},{"damage_healed":0.0,"max_hp_gain":5.0,"max_hp_loss":0.0,"gold_gain":0.0,"event_name":"Big Fish","player_choice":"Donut","floor":4.0,"gold_loss":0.0,"damage_taken":0.0},{"damage_healed":0.0,"max_hp_gain":0.0,"max_hp_loss":0.0,"gold_gain":0.0,"event_name":"Shining Light","player_choice":"Entered Light","floor":12.0,"gold_loss":0.0,"damage_taken":23.0,"cards_upgraded":["Dagger Throw","Defend_G"]},{"damage_healed":0.0,"max_hp_gain":0.0,"max_hp_loss":0.0,"gold_gain":0.0,"event_name":"The Mausoleum","player_choice":"Ignored","floor":19.0,"gold_loss":0.0,"damage_taken":0.0},{"damage_healed":0.0,"max_hp_gain":0.0,"max_hp_loss":0.0,"gold_gain":0.0,"event_name":"Ghosts","player_choice":"Ignored","floor":20.0,"gold_loss":0.0,"damage_taken":0.0},{"damage_healed":0.0,"max_hp_gain":0.0,"max_hp_loss":0.0,"gold_gain":0.0,"event_name":"Vampires","player_choice":"Ignored","floor":21.0,"gold_loss":0.0,"damage_taken":0.0},{"cards_removed":["Strike_G"],"damage_healed":0,"gold_gain":0,"player_choice":"Removed Attack","damage_taken":0,"max_hp_gain":0,"max_hp_loss":0,"event_name":"Falling","floor":36,"gold_loss":0},{"damage_healed":0,"gold_gain":0,"player_choice":"Ignored","damage_taken":0,"max_hp_gain":0,"max_hp_loss":0,"event_name":"Tomb of Lord Red Mask","floor":37,"gold_loss":0},{"damage_healed":0,"gold_gain":0,"player_choice":"Max HP","damage_taken":0,"max_hp_gain":0,"max_hp_loss":4,"event_name":"Winding Halls","floor":38,"gold_loss":0}],"is_beta":false,"boss_relics":[{"not_picked":["Eternal Feather","Ring of the Serpent"],"picked":"Cursed Key"},{"not_picked":["Coffee Dripper","Pandora\u0027s Box"],"picked":"Tiny House"}],"items_purged_floors":[14,27],"is_endless":false,"potions_floor_spawned":[1,5,11,13,16,18,28,30,35],"killed_by":"Reptomancer","ascension_level":20}