{"gold_per_floor":[110,122,122,10,28,61,61,96,96,113,142,142,162,1,1,1],"floor_reached":16,"playtime":806,"items_purged":["Strike_G"],"score":220,"play_id":"dca428f0-e902-42c9-9acb-c5a711973def","local_time":"20190122003529","is_ascension_mode":true,"campfire_choices":[{"data":"Cloak And Dagger","floor":7,"key":"SMITH"},{"floor":15,"key":"REST"}],"neow_cost":"NONE","seed_source_timestamp":1061230343701826,"circlet_count":0,"master_deck":["AscendersBane","Defend_G","Defend_G","Defend_G","Defend_G","Defend_G","Strike_G","Strike_G","Strike_G","Strike_G","Survivor","Neutralize","Dagger Throw+1","Adrenaline","Cloak And Dagger+1","Blur","Corpse Explosion","Blade Dance","Footwork"],"relics":["Ring of the Snake","Vajra","Ornamental Fan","Ninja Scroll","Odd Mushroom","Golden Idol"],"potions_floor_usage":[6,6,16],"damage_taken":[{"damage":0,"enemies":"2 Louse","floor":1,"turns":4},{"damage":11,"enemies":"Jaw Worm","floor":2,"turns":6},{"damage":0,"enemies":"Small Slimes","floor":5,"turns":4},{"damage":12,"enemies":"Lagavulin","floor":6,"turns":3},{"damage":20,"enemies":"3 Sentries","floor":8,"turns":12},{"damage":0,"enemies":"Exordium Wildlife","floor":10,"turns":2},{"damage":3,"enemies":"The Mushroom Lair","floor":11,"turns":4},{"damage":0,"enemies":"2 Fungi Beasts","floor":13,"turns":2},{"damage":42,"enemies":"Slime Boss","floor":16,"turns":10}],"seed_played":"555655824819773439","potions_obtained":[{"floor":5,"key":"FearPotion"},{"floor":10,"key":"Swift Potion"},{"floor":13,"key":"SmokeBomb"}],"is_trial":false,"path_per_floor":["M","M","?","$","M","E","R","E","T","M","?","?","M","$","R","B"],"character_chosen":"THE_SILENT","items_purchased":["SteroidPotion","PowerPotion","Footwork"],"campfire_rested":1,"item_purchase_floors":[4,4,14],"current_hp_per_floor":[65,54,54,54,54,42,42,22,22,22,19,19,19,19,38,0],"gold":1,"neow_bonus":"TEN_PERCENT_HP_BONUS","is_prod":false,"is_daily":false,"chose_seed":false,"campfire_upgraded":1,"win_rate":0,"timestamp":1548117329,"path_taken":["M","M","?","$","M","E","R","E","T","M","?","?","?","$","R","BOSS"],"build_version":"2019-01-17v2","purchased_purges":1,"victory":false,"max_hp_per_floor":[72,72,72,72,72,72,72,72,72,72,72,65,65,65,65,65],"card_choices":[{"not_picked":["Bane","Backflip","Calculated Gamble"],"picked":"SKIP","floor":1},{"not_picked":["Choke","Sucker Punch"],"picked":"Dagger Throw","floor":2},{"not_picked":["Eviscerate","Well Laid Plans"],"picked":"Adrenaline","floor":5},{"not_picked":["Infinite Blades","Bane"],"picked":"Cloak And Dagger","floor":6},{"not_picked":["Bane","Sucker Punch","Heel Hook"],"picked":"SKIP","floor":8},{"not_picked":["Reflex","Distraction"],"picked":"Blur","floor":10},{"not_picked":["Deadly Poison","Dodge and Roll"],"picked":"Corpse Explosion","floor":11},{"not_picked":["Bane","Slice"],"picked":"Blade Dance","floor":13}],"player_experience":967866,"relics_obtained":[{"floor":6,"key":"Vajra"},{"floor":8,"key":"Ornamental Fan"},{"floor":9,"key":"Ninja Scroll"},{"floor":11,"key":"Odd Mushroom"}],"event_choices":[{"damage_healed":0,"gold_gain":0,"player_choice":"Grow","damage_taken":0,"max_hp_gain":0,"max_hp_loss":0,"event_name":"Living Wall","floor":3,"gold_loss":0,"cards_upgraded":["Dagger Throw"]},{"damage_healed":0,"gold_gain":0,"player_choice":"Fought Mushrooms","damage_taken":0,"max_hp_gain":0,"max_hp_loss":0,"event_name":"Mushrooms","floor":11,"gold_loss":0},{"damage_healed":0,"gold_gain":0,"player_choice":"Lose Max HP","damage_taken":0,"relics_obtained":["Golden Idol"],"max_hp_gain":0,"max_hp_loss":7,"event_name":"Golden Idol","floor":12,"gold_loss":0}],"is_beta":false,"boss_relics":[],"items_purged_floors":[14],"is_endless":false,"potions_floor_spawned":[5,10,13],"killed_by":"Slime Boss","ascension_level":20}