{"gold_per_floor":[112,112,262,26,44,72,72,92,92,120,137,137,170,170,170,245,245,259,259,534,87,99,99],"floor_reached":23,"playtime":1108,"items_purged":["Doubt","Strike_G"],"score":464,"play_id":"c391131a-88af-41c9-ae2d-2aa4425b36ba","local_time":"20190122225152","is_ascension_mode":true,"campfire_choices":[{"data":"Predator","floor":7,"key":"SMITH"},{"data":"Deadly Poison","floor":12,"key":"SMITH"},{"data":"Neutralize","floor":15,"key":"SMITH"}],"neow_cost":"NONE","seed_source_timestamp":1141112543081800,"circlet_count":0,"master_deck":["AscendersBane","Defend_G","Defend_G","Defend_G","Defend_G","Defend_G","Strike_G","Strike_G","Strike_G","Strike_G","Survivor","Neutralize+1","Predator+1","Deadly Poison+1","PiercingWail","Envenom+1","Acrobatics+1","Noxious Fumes","Envenom+1","Backflip"],"relics":["Ring of the Snake","NeowsBlessing","Omamori","Torii","Mercury Hourglass","PreservedInsect","Regal Pillow","WristBlade","DollysMirror"],"potions_floor_usage":[13,16,22,23],"damage_taken":[{"damage":0,"enemies":"Small Slimes","floor":1,"turns":1},{"damage":0,"enemies":"2 Louse","floor":5,"turns":1},{"damage":0,"enemies":"Lagavulin","floor":6,"turns":1},{"damage":0,"enemies":"Cultist","floor":8,"turns":3},{"damage":12,"enemies":"3 Sentries","floor":10,"turns":7},{"damage":7,"enemies":"3 Louse","floor":11,"turns":3},{"damage":15,"enemies":"Lagavulin","floor":13,"turns":5},{"damage":18,"enemies":"The Guardian","floor":16,"turns":9},{"damage":6,"enemies":"Shell Parasite","floor":18,"turns":6},{"damage":1,"enemies":"3 Byrds","floor":22,"turns":4},{"damage":53,"enemies":"Book of Stabbing","floor":23,"turns":5}],"seed_played":"-4356043613073410432","potions_obtained":[{"floor":5,"key":"SteroidPotion"},{"floor":6,"key":"Regen Potion"},{"floor":10,"key":"AttackPotion"},{"floor":13,"key":"Block Potion"},{"floor":18,"key":"Strength Potion"}],"is_trial":false,"path_per_floor":["M","?","?","$","M","E","R","M","T","E","M","R","E","?","R","B",null,"M","?","?","$","M","E"],"character_chosen":"THE_SILENT","items_purchased":["Omamori","Noxious Fumes","DollysMirror","Backflip"],"campfire_rested":0,"item_purchase_floors":[4,21,21,21],"current_hp_per_floor":[59,59,59,59,59,59,59,59,59,47,40,40,40,40,40,22,55,49,49,49,49,48,0],"gold":99,"neow_bonus":"THREE_ENEMY_KILL","is_prod":false,"is_daily":false,"chose_seed":false,"campfire_upgraded":3,"win_rate":0,"timestamp":1548197512,"path_taken":["M","?","?","$","M","E","R","M","T","E","M","R","E","?","R","BOSS","M","?","?","$","M","E"],"build_version":"2019-01-17v2","purchased_purges":2,"victory":false,"max_hp_per_floor":[66,66,66,66,66,66,66,66,66,66,66,66,66,66,66,66,66,66,66,66,66,66,66],"card_choices":[{"not_picked":["Sucker Punch","Deflect"],"picked":"Predator","floor":1},{"not_picked":["Finisher","Underhanded Strike","Catalyst"],"picked":"SKIP","floor":5},{"not_picked":["Outmaneuver","Crippling Poison"],"picked":"Deadly Poison","floor":6},{"not_picked":["Eviscerate","Sucker Punch","Heel Hook"],"picked":"SKIP","floor":8},{"not_picked":["Outmaneuver","All Out Attack"],"picked":"PiercingWail","floor":10},{"not_picked":["Masterful Stab","Slice","Accuracy"],"picked":"SKIP","floor":11},{"not_picked":["Dash","Blade Dance"],"picked":"Envenom","floor":13},{"not_picked":["Underhanded Strike","Outmaneuver+1"],"picked":"Acrobatics+1","floor":18},{"not_picked":["Sucker Punch","Concentrate","Reflex+1"],"picked":"SKIP","floor":22}],"player_experience":975189,"relics_obtained":[{"floor":6,"key":"Torii"},{"floor":9,"key":"Mercury Hourglass"},{"floor":10,"key":"PreservedInsect"},{"floor":13,"key":"Regal Pillow"}],"event_choices":[{"damage_healed":0,"gold_gain":0,"player_choice":"Leave","damage_taken":0,"max_hp_gain":0,"max_hp_loss":0,"event_name":"The Cleric","floor":2,"gold_loss":0},{"damage_healed":0,"gold_gain":150,"player_choice":"AGREE","damage_taken":0,"max_hp_gain":0,"max_hp_loss":0,"event_name":"Liars Game","floor":3,"gold_loss":0,"cards_obtained":["Doubt"]},{"damage_healed":0,"gold_gain":0,"player_choice":"Grow","damage_taken":0,"max_hp_gain":0,"max_hp_loss":0,"event_name":"Living Wall","floor":14,"gold_loss":0,"cards_upgraded":["Envenom"]},{"damage_healed":0,"gold_gain":0,"player_choice":"Smashed Altar","damage_taken":0,"max_hp_gain":0,"max_hp_loss":0,"event_name":"Forgotten Altar","floor":19,"gold_loss":0,"cards_obtained":["Decay"]},{"damage_healed":0,"gold_gain":275,"player_choice":"Desecrate","damage_taken":0,"max_hp_gain":0,"max_hp_loss":0,"event_name":"Golden Shrine","floor":20,"gold_loss":0,"cards_obtained":["Regret"]}],"is_beta":false,"boss_relics":[{"not_picked":["Runic Dome","Eternal Feather"],"picked":"WristBlade"}],"items_purged_floors":[4,21],"is_endless":false,"potions_floor_spawned":[5,6,10,13,18],"killed_by":"Book of Stabbing","ascension_level":20}