{"gold_per_floor":[119,119,39,55,75,75,116,130,187,208,208,249,10,53,53,147,147,161,161,184,234,257,257,296,296,296,296,312,312,325,338,338,338],"floor_reached":33,"playtime":2311,"items_purged":["Strike_G"],"score":574,"play_id":"c8b6cb9f-0d84-4535-be70-0fc1fffb83e8","local_time":"20190121234831","is_ascension_mode":true,"campfire_choices":[{"data":"Predator","floor":6,"key":"SMITH"},{"floor":11,"key":"REST"},{"floor":15,"key":"REST"},{"floor":23,"key":"REST"},{"floor":25,"key":"REST"},{"data":"Bouncing Flask","floor":27,"key":"SMITH"},{"data":"PiercingWail","floor":29,"key":"SMITH"},{"floor":32,"key":"REST"}],"neow_cost":"NONE","seed_source_timestamp":1056905968139199,"circlet_count":0,"master_deck":["AscendersBane","Defend_G","Defend_G","Defend_G","Defend_G","Defend_G","Strike_G","Strike_G","Survivor","Neutralize+1","Deadly Poison","Predator+1","All Out Attack","Bouncing Flask+1","Leg Sweep","Backflip","Adrenaline","Deflect","Caltrops","Blur","Noxious Fumes+1","Writhe","PiercingWail+1","Deflect+1","Acrobatics+1"],"relics":["Ring of the Snake","Golden Idol","Art of War","Tiny Chest","Regal Pillow","Strawberry","Question Card","Cursed Key","Juzu Bracelet","Darkstone Periapt"],"potions_floor_usage":[16,20,22,24,33],"damage_taken":[{"damage":7,"enemies":"Jaw Worm","floor":1,"turns":9},{"damage":0,"enemies":"2 Louse","floor":4,"turns":3},{"damage":0,"enemies":"Cultist","floor":5,"turns":3},{"damage":17,"enemies":"3 Sentries","floor":7,"turns":6},{"damage":4,"enemies":"3 Louse","floor":8,"turns":3},{"damage":10,"enemies":"Exordium Thugs","floor":10,"turns":6},{"damage":21,"enemies":"Lagavulin","floor":12,"turns":6},{"damage":24,"enemies":"Gremlin Nob","floor":14,"turns":4},{"damage":28,"enemies":"Hexaghost","floor":16,"turns":11},{"damage":8,"enemies":"3 Byrds","floor":18,"turns":6},{"damage":8,"enemies":"Chosen","floor":20,"turns":6},{"damage":16,"enemies":"Centurion and Healer","floor":22,"turns":13},{"damage":40,"enemies":"Book of Stabbing","floor":24,"turns":6},{"damage":10,"enemies":"Snake Plant","floor":28,"turns":4},{"damage":10,"enemies":"Shelled Parasite and Fungi","floor":30,"turns":7},{"damage":20,"enemies":"Snecko","floor":31,"turns":7},{"damage":56,"enemies":"Champ","floor":33,"turns":11}],"seed_played":"-2938144203588682297","potions_obtained":[{"floor":1,"key":"Swift Potion"},{"floor":4,"key":"Weak Potion"},{"floor":10,"key":"Explosive Potion"},{"floor":14,"key":"Poison Potion"},{"floor":16,"key":"Swift Potion"},{"floor":20,"key":"Energy Potion"},{"floor":24,"key":"SpeedPotion"}],"is_trial":false,"path_per_floor":["M","?","$","M","M","R","E","M","T","M","R","E","$","E","R","B",null,"M","?","M","?","M","R","E","R","T","R","M","R","M","M","R","B"],"character_chosen":"THE_SILENT","items_purchased":["Predator","Strawberry"],"campfire_rested":5,"item_purchase_floors":[3,13],"current_hp_per_floor":[52,52,52,52,52,52,35,31,31,21,39,18,25,1,36,8,52,44,44,36,36,20,55,15,50,50,50,40,40,30,10,45,0],"gold":338,"neow_bonus":"UPGRADE_CARD","is_prod":false,"is_daily":false,"chose_seed":false,"campfire_upgraded":3,"win_rate":0,"timestamp":1548114511,"path_taken":["M","?","$","M","M","R","E","M","T","M","R","E","?","E","R","BOSS","M","?","M","?","?","R","E","R","T","R","M","R","M","M","R","BOSS"],"build_version":"2019-01-17v2","purchased_purges":1,"victory":false,"max_hp_per_floor":[66,60,60,60,60,60,60,60,60,60,60,60,67,67,67,67,67,67,67,67,67,67,67,67,67,67,67,67,67,67,67,67,67],"card_choices":[{"not_picked":["Finisher","Acrobatics"],"picked":"Deadly Poison","floor":1},{"not_picked":["Acrobatics","Flying Knee"],"picked":"All Out Attack","floor":4},{"not_picked":["Deflect","Quick Slash","Predator"],"picked":"SKIP","floor":5},{"not_picked":["Flying Knee","PiercingWail"],"picked":"Bouncing Flask","floor":7},{"not_picked":["Eviscerate","Accuracy"],"picked":"Leg Sweep","floor":8},{"not_picked":["Endless Agony","Underhanded Strike","Bane"],"picked":"SKIP","floor":10},{"not_picked":["Choke","Heel Hook","Eviscerate"],"picked":"SKIP","floor":12},{"not_picked":["Poisoned Stab","Tactician"],"picked":"Backflip","floor":14},{"not_picked":["Doppelganger","Storm of Steel","Grand Finale"],"picked":"Adrenaline","floor":16},{"not_picked":["Deflect","Distraction+1","Poisoned Stab+1","Outmaneuver"],"picked":"SKIP","floor":18},{"not_picked":["Bouncing Flask","Setup","Leg Sweep","Endless Agony"],"picked":"SKIP","floor":20},{"not_picked":["Deadly Poison","Cloak And Dagger","Infinite Blades"],"picked":"Blur","floor":22},{"not_picked":["Caltrops","Eviscerate","Flying Knee+1"],"picked":"Noxious Fumes+1","floor":24},{"not_picked":["Underhanded Strike","Well Laid Plans","Calculated Gamble"],"picked":"PiercingWail","floor":28},{"not_picked":["Dagger Throw","Prepared","Bane"],"picked":"Deflect+1","floor":30},{"not_picked":["Backflip","PiercingWail+1","Corpse Explosion"],"picked":"Acrobatics+1","floor":31}],"player_experience":964085,"relics_obtained":[{"floor":7,"key":"Art of War"},{"floor":9,"key":"Tiny Chest"},{"floor":12,"key":"Regal Pillow"},{"floor":14,"key":"Question Card"},{"floor":24,"key":"Juzu Bracelet"},{"floor":26,"key":"Darkstone Periapt"}],"event_choices":[{"damage_healed":0,"gold_gain":0,"player_choice":"Lose Max HP","damage_taken":0,"relics_obtained":["Golden Idol"],"max_hp_gain":0,"max_hp_loss":6,"event_name":"Golden Idol","floor":2,"gold_loss":0},{"damage_healed":0,"gold_gain":0,"cards_transformed":["Strike_G","Strike_G"],"player_choice":"Became Test Subject","damage_taken":0,"max_hp_gain":0,"max_hp_loss":0,"event_name":"Drug Dealer","floor":19,"gold_loss":0,"cards_obtained":["Deflect","Caltrops"]},{"damage_healed":0,"gold_gain":100,"player_choice":"Bet on Murderer","damage_taken":0,"max_hp_gain":0,"max_hp_loss":0,"event_name":"The Joust","floor":21,"gold_loss":50}],"is_beta":false,"boss_relics":[{"not_picked":["Sozu","Runic Dome"],"picked":"Cursed Key"}],"items_purged_floors":[13],"is_endless":false,"potions_floor_spawned":[1,4,10,14,16,20,24],"killed_by":"Champ","ascension_level":20}