{"gold_per_floor":[119,119,39,39,58,85,85,102,147,167,195,195,195,221,221,295,295,235,235,235,235,235],"floor_reached":22,"playtime":1261,"items_purged":[],"score":458,"play_id":"1d994125-795a-428d-abbd-a48830bb11d5","local_time":"20190120192102","is_ascension_mode":true,"campfire_choices":[{"data":"Dagger Spray","floor":7,"key":"SMITH"},{"floor":13,"key":"REST"},{"data":"Footwork","floor":15,"key":"SMITH"}],"neow_cost":"NONE","seed_source_timestamp":955506909963943,"circlet_count":0,"master_deck":["AscendersBane","Defend_G","Defend_G","Defend_G","Defend_G","Defend_G","Strike_G","Strike_G","Strike_G","Survivor","Neutralize+1","Dagger Spray+1","Footwork+1","Quick Slash","Backstab","All Out Attack+1","Terror","Dodge and Roll","Die Die Die"],"relics":["Ring of the Snake","NeowsBlessing","Regal Pillow","Orichalcum","Omamori","Incense Burner","Ectoplasm"],"potions_floor_usage":[11,16,18,20],"damage_taken":[{"damage":0,"enemies":"Jaw Worm","floor":1,"turns":1},{"damage":0,"enemies":"Small Slimes","floor":5,"turns":1},{"damage":0,"enemies":"3 Sentries","floor":6,"turns":2},{"damage":0,"enemies":"Cultist","floor":8,"turns":4},{"damage":13,"enemies":"Gremlin Gang","floor":10,"turns":3},{"damage":22,"enemies":"Lagavulin","floor":11,"turns":6},{"damage":10,"enemies":"3 Sentries","floor":14,"turns":8},{"damage":6,"enemies":"The Guardian","floor":16,"turns":13},{"damage":8,"enemies":"2 Thieves","floor":18,"turns":4},{"damage":5,"enemies":"3 Byrds","floor":19,"turns":6},{"damage":22,"enemies":"Snecko","floor":20,"turns":7},{"damage":31,"enemies":"Shelled Parasite and Fungi","floor":22,"turns":5}],"seed_played":"-6852946843760021549","potions_obtained":[{"floor":8,"key":"SpeedPotion"},{"floor":10,"key":"Weak Potion"},{"floor":11,"key":"AttackPotion"},{"floor":18,"key":"Fruit Juice"}],"is_trial":false,"path_per_floor":["M","?","$","?","M","E","R","M","T","M","E","?","R","E","R","B",null,"M","M","M","?","M"],"character_chosen":"THE_SILENT","items_purchased":["Footwork"],"campfire_rested":1,"item_purchase_floors":[3],"current_hp_per_floor":[59,59,59,59,59,59,59,59,59,46,24,17,51,41,41,35,58,55,50,28,28,0],"gold":235,"neow_bonus":"THREE_ENEMY_KILL","is_prod":false,"is_daily":false,"chose_seed":false,"campfire_upgraded":2,"win_rate":0,"timestamp":1548012062,"path_taken":["M","?","$","?","?","E","R","?","T","M","E","?","R","E","R","BOSS","M","M","M","?","?"],"build_version":"2019-01-17v2","purchased_purges":0,"victory":false,"max_hp_per_floor":[66,66,66,66,66,66,66,66,66,66,66,66,66,66,66,66,66,71,71,71,71,71],"card_choices":[{"not_picked":["Cloak And Dagger","Dodge and Roll"],"picked":"Dagger Spray","floor":1},{"not_picked":["Heel Hook","Eviscerate"],"picked":"Quick Slash","floor":5},{"not_picked":["Dodge and Roll","PiercingWail"],"picked":"Backstab","floor":6},{"not_picked":["Flying Knee","Underhanded Strike"],"picked":"All Out Attack","floor":8},{"not_picked":["Dagger Throw","Blade Dance"],"picked":"Terror","floor":10},{"not_picked":["Underhanded Strike","Slice","Quick Slash"],"picked":"SKIP","floor":11},{"not_picked":["Dagger Spray","Glass Knife"],"picked":"Dodge and Roll","floor":14},{"not_picked":["Unload","Night Terror"],"picked":"Die Die Die","floor":16},{"not_picked":["Poisoned Stab","Calculated Gamble","Bouncing Flask"],"picked":"SKIP","floor":18},{"not_picked":["Acrobatics","Flying Knee+1","Terror+1"],"picked":"SKIP","floor":19},{"not_picked":["Distraction","Cloak And Dagger","Endless Agony"],"picked":"SKIP","floor":20}],"player_experience":957754,"relics_obtained":[{"floor":6,"key":"Regal Pillow"},{"floor":9,"key":"Orichalcum"},{"floor":11,"key":"Omamori"},{"floor":14,"key":"Incense Burner"}],"event_choices":[{"damage_healed":0,"gold_gain":0,"player_choice":"Grow","damage_taken":0,"max_hp_gain":0,"max_hp_loss":0,"event_name":"Living Wall","floor":2,"gold_loss":0,"cards_upgraded":["Neutralize"]},{"cards_removed":["Strike_G"],"damage_healed":0,"gold_gain":0,"player_choice":"Offered Basic","damage_taken":0,"max_hp_gain":0,"max_hp_loss":0,"event_name":"Bonfire Elementals","floor":4,"gold_loss":0},{"cards_removed":["Strike_G"],"damage_healed":0,"gold_gain":0,"player_choice":"Card Removal","damage_taken":7,"max_hp_gain":0,"max_hp_loss":0,"event_name":"Golden Wing","floor":12,"gold_loss":0},{"damage_healed":0,"gold_gain":0,"player_choice":"Upgraded","damage_taken":0,"max_hp_gain":0,"max_hp_loss":0,"event_name":"Upgrade Shrine","floor":21,"gold_loss":0,"cards_upgraded":["All Out Attack"]}],"is_beta":false,"boss_relics":[{"not_picked":["Calling Bell","White Beast Statue"],"picked":"Ectoplasm"}],"items_purged_floors":[],"is_endless":false,"potions_floor_spawned":[8,10,11,14,18],"killed_by":"Shelled Parasite and Fungi","ascension_level":20}