{"gold_per_floor":[113,113,125,125,50,78,78,93,93,243,254,2,2,27,27,105,105,118,14,14,33,47,47,67,98,98,48,61,61,76,76,76,76],"floor_reached":33,"playtime":3071,"items_purged":["Doubt","Strike_G","Doubt"],"score":650,"play_id":"c6945d0f-507c-4260-822a-d42f4c94e747","local_time":"20190122012827","is_ascension_mode":true,"campfire_choices":[{"data":"Envenom","floor":7,"key":"SMITH"},{"data":"Dagger Spray","floor":13,"key":"SMITH"},{"data":"Footwork","floor":15,"key":"SMITH"},{"floor":23,"key":"REST"},{"floor":29,"key":"DIG"},{"floor":32,"key":"DIG"}],"neow_cost":"NONE","seed_source_timestamp":1062142723094550,"circlet_count":0,"master_deck":["AscendersBane","Defend_G+1","Defend_G","Defend_G+1","Defend_G","Defend_G","Strike_G","Strike_G","Strike_G","Strike_G","Survivor+1","Neutralize+1","Dagger Spray+1","Caltrops","Footwork+1","Envenom+1","Dodge and Roll+1","Dagger Spray+1","Well Laid Plans","Die Die Die","Malaise+1","Backflip+1","Dodge and Roll+1","Cloak And Dagger+1","Cloak And Dagger+1","Backflip+1","Cloak And Dagger+1","After Image"],"relics":["Ring of the Snake","NeowsBlessing","Ninja Scroll","Smiling Mask","Toxic Egg 2","Cursed Key","Shovel","Bird Faced Urn","War Paint","Unceasing Top"],"potions_floor_usage":[16,16,33,33],"damage_taken":[{"damage":0,"enemies":"Jaw Worm","floor":1,"turns":1},{"damage":0,"enemies":"2 Louse","floor":3,"turns":1},{"damage":0,"enemies":"3 Sentries","floor":6,"turns":1},{"damage":2,"enemies":"Small Slimes","floor":8,"turns":3},{"damage":0,"enemies":"3 Louse","floor":11,"turns":2},{"damage":0,"enemies":"Gremlin Nob","floor":14,"turns":3},{"damage":14,"enemies":"Slime Boss","floor":16,"turns":9},{"damage":23,"enemies":"Shell Parasite","floor":18,"turns":5},{"damage":3,"enemies":"2 Thieves","floor":21,"turns":4},{"damage":0,"enemies":"Centurion and Healer","floor":22,"turns":8},{"damage":6,"enemies":"Snake Plant","floor":24,"turns":5},{"damage":2,"enemies":"Book of Stabbing","floor":25,"turns":7},{"damage":0,"enemies":"Cultist and Chosen","floor":28,"turns":9},{"damage":0,"enemies":"Centurion and Healer","floor":30,"turns":9},{"damage":75,"enemies":"Champ","floor":33,"turns":20}],"seed_played":"-4672342107505181666","potions_obtained":[{"floor":1,"key":"Weak Potion"},{"floor":3,"key":"Strength Potion"},{"floor":11,"key":"Poison Potion"},{"floor":16,"key":"SpeedPotion"},{"floor":18,"key":"Block Potion"},{"floor":28,"key":"LiquidBronze"},{"floor":30,"key":"Regen Potion"}],"is_trial":false,"path_per_floor":["M","?","M","?","$","E","R","M","T","?","M","$","R","E","R","B",null,"M","$","?","M","M","R","M","E","T","$","M","R","M","?","R","B"],"character_chosen":"THE_SILENT","items_purchased":["Footwork","Well Laid Plans","Die Die Die","Dodge and Roll+1"],"campfire_rested":1,"item_purchase_floors":[5,12,12,19],"current_hp_per_floor":[59,59,59,39,39,39,39,37,37,37,37,37,37,37,37,23,55,32,32,32,29,29,48,42,40,40,40,46,46,54,36,36,0],"gold":76,"neow_bonus":"THREE_ENEMY_KILL","is_prod":false,"is_daily":false,"chose_seed":false,"campfire_upgraded":3,"win_rate":0,"timestamp":1548120507,"path_taken":["M","?","M","?","$","E","R","M","T","?","M","$","R","E","R","BOSS","M","$","?","M","M","R","?","E","T","$","M","R","M","?","R","BOSS"],"build_version":"2019-01-17v2","purchased_purges":3,"victory":false,"max_hp_per_floor":[66,66,66,66,66,66,66,66,66,66,66,66,66,66,66,66,66,66,66,66,66,66,66,66,66,66,66,66,66,66,71,71,71],"card_choices":[{"not_picked":["Bouncing Flask","Heel Hook"],"picked":"Dagger Spray","floor":1},{"not_picked":["Outmaneuver","Deflect"],"picked":"Caltrops","floor":3},{"not_picked":["Bane","Outmaneuver"],"picked":"Envenom","floor":6},{"not_picked":["Setup","Reflex"],"picked":"Dodge and Roll","floor":8},{"not_picked":["Expertise","Slice"],"picked":"Dagger Spray","floor":11},{"not_picked":["Dagger Throw","Underhanded Strike","Riddle With Holes"],"picked":"SKIP","floor":14},{"not_picked":["Adrenaline+1","Tools of the Trade"],"picked":"Malaise+1","floor":16},{"not_picked":["Endless Agony","Distraction+1"],"picked":"Backflip+1","floor":18},{"not_picked":["Blade Dance+1","Underhanded Strike+1"],"picked":"Cloak And Dagger+1","floor":21},{"not_picked":["Outmaneuver+1","All Out Attack","Underhanded Strike"],"picked":"SKIP","floor":22},{"not_picked":["Backflip+1","Prepared+1"],"picked":"Cloak And Dagger+1","floor":24},{"not_picked":["Sucker Punch","Underhanded Strike"],"picked":"Backflip+1","floor":25},{"not_picked":["Expertise+1","Quick Slash"],"picked":"Cloak And Dagger+1","floor":28},{"not_picked":["Calculated Gamble+1","Slice"],"picked":"After Image","floor":30}],"player_experience":968756,"relics_obtained":[{"floor":6,"key":"Ninja Scroll"},{"floor":9,"key":"Smiling Mask"},{"floor":14,"key":"Toxic Egg 2"},{"floor":25,"key":"Shovel"},{"floor":26,"key":"Bird Faced Urn"},{"floor":29,"key":"War Paint"},{"floor":32,"key":"Unceasing Top"}],"event_choices":[{"damage_healed":0,"gold_gain":0,"player_choice":"Grow","damage_taken":0,"max_hp_gain":0,"max_hp_loss":0,"event_name":"Living Wall","floor":2,"gold_loss":0,"cards_upgraded":["Dagger Spray"]},{"damage_healed":0,"gold_gain":0,"player_choice":"Entered Light","damage_taken":20,"max_hp_gain":0,"max_hp_loss":0,"event_name":"Shining Light","floor":4,"gold_loss":0,"cards_upgraded":["Defend_G","Survivor"]},{"damage_healed":0,"gold_gain":150,"player_choice":"AGREE","damage_taken":0,"max_hp_gain":0,"max_hp_loss":0,"event_name":"Liars Game","floor":10,"gold_loss":0,"cards_obtained":["Doubt"]},{"damage_healed":0,"gold_gain":0,"player_choice":"Upgraded","damage_taken":0,"max_hp_gain":0,"max_hp_loss":0,"event_name":"Upgrade Shrine","floor":20,"gold_loss":0,"cards_upgraded":["Neutralize"]},{"damage_healed":0,"gold_gain":0,"player_choice":"Shed Blood","damage_taken":23,"max_hp_gain":5,"max_hp_loss":0,"event_name":"Forgotten Altar","floor":31,"gold_loss":0}],"is_beta":false,"boss_relics":[{"not_picked":["Busted Crown","WristBlade"],"picked":"Cursed Key"}],"items_purged_floors":[12,19,27],"is_endless":false,"potions_floor_spawned":[1,3,11,16,18,25,28,30],"killed_by":"Champ","ascension_level":20}