{"gold_per_floor":[113,113,11,32,50,50,90,90,90,113,152,175,208,223,223,322,322,340,364,378,18,18,18,52,52,52,95,95,108,152,152,152,245,245,264,285,298,55,79,79,99,120,120,120,143,176,176,30,30,30,30],"floor_reached":52,"playtime":4057,"items_purged":[],"score":2153,"play_id":"ef693197-4454-4c8f-9807-36f35fceb091","local_time":"20190124005109","is_ascension_mode":true,"campfire_choices":[{"floor":6,"key":"REST"},{"floor":8,"key":"REST"},{"data":"Noxious Fumes","floor":15,"key":"SMITH"},{"floor":23,"key":"REST"},{"floor":25,"key":"REST"},{"data":"Venomology","floor":28,"key":"SMITH"},{"data":"Catalyst","floor":32,"key":"SMITH"},{"floor":40,"key":"REST"},{"floor":47,"key":"REST"},{"data":"Footwork","floor":49,"key":"SMITH"}],"neow_cost":"NONE","seed_source_timestamp":1231705644838797,"circlet_count":0,"master_deck":["AscendersBane","Survivor+1","Neutralize+1","Endless Agony+1","Noxious Fumes+1","Flying Knee+1","Dagger Spray+1","Cloak And Dagger+1","Finisher+1","Corpse Explosion+1","PiercingWail+1","Leg Sweep+1","Wraith Form v2+1","Backstab+1","Sucker Punch+1","Well Laid Plans+1","Doppelganger+1","Catalyst+1","Leg Sweep+1","Catalyst+1","Blade Dance+1","Escape Plan+1","Dodge and Roll+1","Blur+1","Catalyst+1","Venomology+1","Calculated Gamble+1","Prepared+1","Ghostly+1","Ghostly+1","Ghostly+1","After Image+1","Backflip+1","Footwork+1","Footwork+1","Dodge and Roll+1","Deflect+1","Footwork+1","Backflip"],"relics":["Ring of the Snake","Golden Idol","Bottled Flame","Sundial","Bag of Marbles","Nunchaku","Pandora\u0027s Box","Letter Opener","Nilry\u0027s Codex","Dead Branch","Mercury Hourglass","Bottled Lightning","The Courier","Velvet Choker","OrangePellets","Singing Bowl","Mark of the Bloom","Whetstone"],"potions_floor_usage":[4,7,11,11,11,13,16,24,27,29,30,33,35,35,36,37,39,39,41,41,42,45,45,46,50,50,51,51,51],"damage_taken":[{"damage":8,"enemies":"Small Slimes","floor":1,"turns":4},{"damage":9,"enemies":"2 Louse","floor":4,"turns":4},{"damage":7,"enemies":"Jaw Worm","floor":5,"turns":4},{"damage":12,"enemies":"3 Sentries","floor":7,"turns":6},{"damage":5,"enemies":"Looter","floor":10,"turns":4},{"damage":12,"enemies":"Lagavulin","floor":11,"turns":5},{"damage":0,"enemies":"3 Louse","floor":12,"turns":1},{"damage":8,"enemies":"Gremlin Nob","floor":13,"turns":3},{"damage":0,"enemies":"Lots of Slimes","floor":14,"turns":1},{"damage":20,"enemies":"The Guardian","floor":16,"turns":10},{"damage":4,"enemies":"Spheric Guardian","floor":18,"turns":4},{"damage":7,"enemies":"Chosen","floor":19,"turns":6},{"damage":1,"enemies":"Snecko","floor":20,"turns":4},{"damage":15,"enemies":"Book of Stabbing","floor":24,"turns":5},{"damage":3,"enemies":"Slavers","floor":27,"turns":2},{"damage":0,"enemies":"Snake Plant","floor":29,"turns":2},{"damage":8,"enemies":"Gremlin Leader","floor":30,"turns":3},{"damage":5,"enemies":"Champ","floor":33,"turns":7},{"damage":26,"enemies":"3 Darklings","floor":35,"turns":3},{"damage":0,"enemies":"Orb Walker","floor":36,"turns":3},{"damage":0,"enemies":"Transient","floor":37,"turns":6},{"damage":6,"enemies":"Writhing Mass","floor":39,"turns":3},{"damage":0,"enemies":"Maw","floor":41,"turns":7},{"damage":0,"enemies":"Sphere and 2 Shapes","floor":42,"turns":3},{"damage":3,"enemies":"Jaw Worm Horde","floor":45,"turns":4},{"damage":0,"enemies":"Giant Head","floor":46,"turns":8},{"damage":0,"enemies":"Time Eater","floor":50,"turns":10},{"damage":0,"enemies":"Donu and Deca","floor":51,"turns":7}],"seed_played":"3410990258286250203","potions_obtained":[{"floor":0,"key":"Strength Potion"},{"floor":0,"key":"Regen Potion"},{"floor":10,"key":"EntropicBrew"},{"floor":12,"key":"Fire Potion"},{"floor":14,"key":"Poison Potion"},{"floor":20,"key":"FearPotion"},{"floor":24,"key":"Fire Potion"},{"floor":27,"key":"Explosive Potion"},{"floor":29,"key":"EssenceOfSteel"},{"floor":30,"key":"AttackPotion"},{"floor":35,"key":"Fruit Juice"},{"floor":37,"key":"GhostInAJar"},{"floor":39,"key":"Strength Potion"},{"floor":42,"key":"GhostInAJar"},{"floor":46,"key":"GhostInAJar"}],"is_trial":false,"path_per_floor":["M","?","$","M","M","R","E","R","T","M","E","M","E","M","R","B",null,"M","M","M","$","?","R","E","R","T","E","R","M","E","?","R","B",null,"M","M","M","$","M","R","M","M","T","?","M","E","R","$","R","B","B",null],"character_chosen":"THE_SILENT","items_purchased":["Noxious Fumes","Flying Knee","GhostInAJar","Letter Opener","OrangePellets","Footwork","Footwork","Backflip","PowerPotion"],"campfire_rested":6,"item_purchase_floors":[3,3,21,21,38,38,48,48,48],"current_hp_per_floor":[51,28,28,33,26,45,33,52,52,47,35,35,27,27,27,7,51,47,40,39,39,18,37,22,41,41,38,38,38,30,30,30,25,31,10,22,22,22,16,27,27,27,27,27,24,24,24,24,24,24,24],"gold":30,"neow_bonus":"THREE_SMALL_POTIONS","is_prod":false,"is_daily":false,"chose_seed":false,"campfire_upgraded":4,"win_rate":0,"timestamp":1548291069,"path_taken":["M","?","$","M","M","R","E","R","T","M","E","M","E","M","R","BOSS","M","M","M","$","?","R","E","R","T","E","R","M","E","?","R","BOSS","M","M","M","$","M","R","M","M","T","?","M","E","R","$","R","BOSS","BOSS"],"build_version":"2019-01-23","purchased_purges":0,"victory":true,"max_hp_per_floor":[66,66,66,66,66,66,66,66,66,66,66,66,66,66,66,66,66,66,66,66,66,66,66,66,66,66,66,66,66,66,33,33,33,33,38,38,38,38,38,38,38,38,38,38,38,40,40,40,40,40,40],"card_choices":[{"not_picked":["Backflip","Sucker Punch"],"picked":"Endless Agony","floor":1},{"not_picked":["Sucker Punch","Dagger Throw"],"picked":"Dagger Spray","floor":4},{"not_picked":["Catalyst","Slice"],"picked":"Cloak And Dagger","floor":5},{"not_picked":["Concentrate","Endless Agony","Bane"],"picked":"SKIP","floor":7},{"not_picked":["Distraction","Outmaneuver"],"picked":"Finisher","floor":10},{"not_picked":["Deadly Poison","Dagger Spray"],"picked":"Corpse Explosion","floor":11},{"not_picked":["Flying Knee","Prepared"],"picked":"PiercingWail","floor":12},{"not_picked":["Blur","PiercingWail"],"picked":"Leg Sweep","floor":13},{"not_picked":["Heel Hook","Bane","Dagger Spray"],"picked":"SKIP","floor":14},{"not_picked":["Corpse Explosion","After Image"],"picked":"Wraith Form v2","floor":16},{"not_picked":["Slice","Flechettes","Leg Sweep+1"],"picked":"SKIP","floor":18},{"not_picked":["Quick Slash","Eviscerate"],"picked":"Blur+1","floor":19},{"not_picked":["Caltrops","Backstab"],"picked":"Catalyst","floor":20},{"not_picked":["Eviscerate","Poisoned Stab","Skewer"],"picked":"SKIP","floor":24},{"not_picked":["Endless Agony","Underhanded Strike"],"picked":"Venomology","floor":27},{"not_picked":["Predator","Choke"],"picked":"Calculated Gamble","floor":29},{"not_picked":["Well Laid Plans","Sucker Punch"],"picked":"Prepared+1","floor":30},{"not_picked":["Glass Knife","Die Die Die"],"picked":"After Image","floor":33},{"not_picked":["Poisoned Stab","Blade Dance","Quick Slash"],"picked":"SKIP","floor":35},{"not_picked":["Dagger Spray+1","Dagger Throw"],"picked":"Backflip+1","floor":36},{"not_picked":["Dagger Throw","Underhanded Strike","Prepared"],"picked":"SKIP","floor":37},{"not_picked":["Acrobatics","Glass Knife"],"picked":"Footwork","floor":39},{"not_picked":["Deflect","Choke+1","Bane"],"picked":"SKIP","floor":41},{"not_picked":["Cloak And Dagger+1","Outmaneuver"],"picked":"Dodge and Roll","floor":42},{"not_picked":["Quick Slash","A Thousand Cuts"],"picked":"Deflect+1","floor":45},{"not_picked":["Sucker Punch","Dodge and Roll","Skewer"],"picked":"Singing Bowl","floor":46}],"player_experience":983889,"relics_obtained":[{"floor":7,"key":"Bottled Flame"},{"floor":9,"key":"Sundial"},{"floor":11,"key":"Bag of Marbles"},{"floor":13,"key":"Nunchaku"},{"floor":22,"key":"Nilry\u0027s Codex"},{"floor":24,"key":"Dead Branch"},{"floor":26,"key":"Mercury Hourglass"},{"floor":27,"key":"Bottled Lightning"},{"floor":30,"key":"The Courier"},{"floor":43,"key":"Singing Bowl"},{"floor":46,"key":"Whetstone"}],"event_choices":[{"damage_healed":0,"gold_gain":0,"player_choice":"Take Damage","damage_taken":23,"relics_obtained":["Golden Idol"],"max_hp_gain":0,"max_hp_loss":0,"event_name":"Golden Idol","floor":2,"gold_loss":0},{"damage_healed":0,"gold_gain":0,"player_choice":"Obtained Book","damage_taken":21,"max_hp_gain":0,"max_hp_loss":0,"event_name":"Cursed Tome","floor":22,"gold_loss":0},{"damage_healed":0,"gold_gain":0,"player_choice":"Became a Ghost","damage_taken":0,"max_hp_gain":0,"max_hp_loss":33,"event_name":"Ghosts","floor":31,"gold_loss":0,"cards_obtained":["Ghostly","Ghostly","Ghostly"]},{"damage_healed":0,"gold_gain":0,"player_choice":"Upgrade","damage_taken":0,"relics_obtained":["Mark of the Bloom"],"max_hp_gain":0,"max_hp_loss":0,"event_name":"MindBloom","floor":44,"gold_loss":0,"cards_upgraded":["Survivor","Neutralize","Endless Agony","Flying Knee","Dagger Spray","Cloak And Dagger","Finisher","Corpse Explosion","PiercingWail","Leg Sweep","Wraith Form v2","Backstab","Sucker Punch","Well Laid Plans","Doppelganger","Leg Sweep","Catalyst","Blade Dance","Escape Plan","Dodge and Roll","Catalyst","Calculated Gamble","Ghostly","Ghostly","Ghostly","After Image","Footwork","Footwork","Dodge and Roll"]}],"is_beta":false,"boss_relics":[{"not_picked":["Calling Bell","WristBlade"],"picked":"Pandora\u0027s Box"},{"not_picked":["Ring of the Serpent","Runic Dome"],"picked":"Velvet Choker"}],"items_purged_floors":[],"is_endless":false,"potions_floor_spawned":[1,10,12,14,20,24,27,29,30,35,37,39,42,46],"ascension_level":20}