{"gold_per_floor":[114,114,7,20,20,47,47,74,86,98,122,146,158,170,182,194],"floor_reached":16,"playtime":744,"items_purged":[],"score":216,"play_id":"a9166895-7679-46b6-af7f-9c2d86b504f7","local_time":"20190120201258","is_ascension_mode":true,"campfire_choices":[{"floor":7,"key":"REST"},{"floor":10,"key":"REST"},{"floor":15,"key":"REST"}],"neow_cost":"NONE","seed_source_timestamp":959140036817234,"circlet_count":0,"master_deck":["AscendersBane","Defend_G","Defend_G","Defend_G","Defend_G+1","Defend_G","Strike_G+1","Strike_G","Strike_G","Survivor","Neutralize","Backstab","Cloak And Dagger","Slice","Riddle With Holes","Dodge and Roll","Backflip","PiercingWail"],"relics":["Ring of the Snake","The Courier","MawBank","Omamori","Golden Idol"],"potions_floor_usage":[6,6,16,16],"damage_taken":[{"damage":7,"enemies":"Jaw Worm","floor":1,"turns":6},{"damage":4,"enemies":"Small Slimes","floor":4,"turns":4},{"damage":5,"enemies":"Gremlin Nob","floor":6,"turns":3},{"damage":47,"enemies":"Lagavulin","floor":8,"turns":9},{"damage":0,"enemies":"Cultist","floor":11,"turns":3},{"damage":3,"enemies":"Blue Slaver","floor":12,"turns":3},{"damage":47,"enemies":"The Guardian","floor":16,"turns":14}],"seed_played":"-2753114811003826505","potions_obtained":[{"floor":1,"key":"GamblersBrew"},{"floor":8,"key":"Swift Potion"},{"floor":11,"key":"Weak Potion"}],"is_trial":false,"path_per_floor":["M","?","$","M","?","E","R","E","T","R","M","M","?","?","R","B"],"character_chosen":"THE_SILENT","items_purchased":["Fire Potion","Fire Potion"],"campfire_rested":3,"item_purchase_floors":[3,3],"current_hp_per_floor":[58,36,36,32,32,27,48,1,1,22,22,19,19,19,40,0],"gold":194,"neow_bonus":"TEN_PERCENT_HP_BONUS","is_prod":false,"is_daily":false,"chose_seed":false,"campfire_upgraded":0,"win_rate":0,"timestamp":1548015178,"path_taken":["M","?","$","M","?","E","R","E","T","R","?","M","?","?","R","BOSS"],"build_version":"2019-01-17v2","purchased_purges":0,"victory":false,"max_hp_per_floor":[72,72,72,72,72,72,72,72,72,72,72,72,72,72,72,72],"card_choices":[{"not_picked":["Concentrate","Escape Plan"],"picked":"Backstab","floor":1},{"not_picked":["Underhanded Strike","Slice"],"picked":"Cloak And Dagger","floor":4},{"not_picked":["Slice","Prepared"],"picked":"Riddle With Holes","floor":6},{"not_picked":["Predator","Underhanded Strike"],"picked":"Dodge and Roll","floor":8},{"not_picked":["Cloak And Dagger","Underhanded Strike"],"picked":"Backflip","floor":11},{"not_picked":["Endless Agony","Sucker Punch"],"picked":"PiercingWail","floor":12}],"player_experience":959494,"relics_obtained":[{"floor":6,"key":"The Courier"},{"floor":8,"key":"MawBank"},{"floor":9,"key":"Omamori"}],"event_choices":[{"damage_healed":0,"gold_gain":0,"player_choice":"Entered Light","damage_taken":22,"max_hp_gain":0,"max_hp_loss":0,"event_name":"Shining Light","floor":2,"gold_loss":0,"cards_upgraded":["Strike_G","Defend_G"]},{"damage_healed":0,"gold_gain":0,"cards_transformed":["Strike_G"],"player_choice":"Transformed","damage_taken":0,"max_hp_gain":0,"max_hp_loss":0,"event_name":"Transmorgrifier","floor":5,"gold_loss":0,"cards_obtained":["Slice"]},{"damage_healed":0,"gold_gain":0,"player_choice":"Take Wound","damage_taken":0,"relics_obtained":["Golden Idol"],"max_hp_gain":0,"max_hp_loss":0,"event_name":"Golden Idol","floor":13,"gold_loss":0,"cards_obtained":["Injury"]},{"cards_removed":["Strike_G"],"damage_healed":0,"gold_gain":0,"player_choice":"Purged","damage_taken":0,"max_hp_gain":0,"max_hp_loss":0,"event_name":"Purifier","floor":14,"gold_loss":0}],"is_beta":false,"boss_relics":[],"items_purged_floors":[],"is_endless":false,"potions_floor_spawned":[1,8,11],"killed_by":"The Guardian","ascension_level":20}