{"gold_per_floor":[119,134,134,209,46,46,9,9,9,9,22,42,42,55,55,134,134,145,70,84,99,99,99,126,141,165,178,191,191,191,211,211,288,288,299,299,37,55,66,66,91,91,91,37,37,67,67],"floor_reached":47,"playtime":3666,"items_purged":["Strike_G"],"score":1040,"play_id":"f1f22433-e837-4940-82ef-7908da4d1c8a","local_time":"20190123230436","is_ascension_mode":true,"campfire_choices":[{"data":"Dagger Spray","floor":6.0,"key":"SMITH"},{"floor":10.0,"key":"REST"},{"data":"Dagger Spray","floor":13.0,"key":"SMITH"},{"data":"Footwork","floor":15.0,"key":"SMITH"},{"floor":23.0,"key":"REST"},{"data":"A Thousand Cuts","floor":30.0,"key":"SMITH"},{"floor":32.0,"key":"REST"},{"floor":40,"key":"REST"},{"floor":45,"key":"REST"}],"neow_cost":"NONE","seed_source_timestamp":0,"circlet_count":0,"master_deck":["AscendersBane","Defend_G","Defend_G","Defend_G","Defend_G","Defend_G","Strike_G","Strike_G","Strike_G","Strike_G","Survivor","Neutralize+1","Leg Sweep","Dagger Spray+1","Dagger Spray+1","Footwork+1","Backflip","Well Laid Plans","Dodge and Roll","Dash","A Thousand Cuts+1","Crippling Poison","Backflip","Dodge and Roll","Bouncing Flask","Noxious Fumes","Escape Plan","Malaise","Caltrops+1","Apotheosis","Underhanded Strike"],"special_seed":0,"relics":["Ring of the Snake","Vajra","Bag of Marbles","Snecko Eye","Pocketwatch","Orichalcum","HoveringKite","Boot","Mercury Hourglass","PreservedInsect"],"potions_floor_usage":[41,41,46],"damage_taken":[{"damage":3.0,"enemies":"Small Slimes","floor":1.0,"turns":4.0},{"damage":2.0,"enemies":"Jaw Worm","floor":2.0,"turns":7.0},{"damage":0.0,"enemies":"2 Louse","floor":11.0,"turns":1.0},{"damage":0.0,"enemies":"Blue Slaver","floor":12.0,"turns":4.0},{"damage":0.0,"enemies":"Looter","floor":14.0,"turns":3.0},{"damage":7.0,"enemies":"Slime Boss","floor":16.0,"turns":10.0},{"damage":6.0,"enemies":"Spheric Guardian","floor":18.0,"turns":8.0},{"damage":4.0,"enemies":"Shell Parasite","floor":20.0,"turns":6.0},{"damage":5.0,"enemies":"Centurion and Healer","floor":21.0,"turns":11.0},{"damage":0.0,"enemies":"Gremlin Leader","floor":24.0,"turns":6.0},{"damage":2.0,"enemies":"3 Cultists","floor":25.0,"turns":4.0},{"damage":21.0,"enemies":"Shelled Parasite and Fungi","floor":27.0,"turns":7.0},{"damage":0.0,"enemies":"Centurion and Healer","floor":28.0,"turns":8.0},{"damage":5.0,"enemies":"Snecko","floor":31.0,"turns":5.0},{"damage":48.0,"enemies":"Champ","floor":33.0,"turns":15.0},{"damage":12,"enemies":"3 Darklings","floor":35,"turns":5},{"damage":0,"enemies":"Orb Walker","floor":38,"turns":4},{"damage":18,"enemies":"Spire Growth","floor":39,"turns":6},{"damage":29,"enemies":"Giant Head","floor":41,"turns":10},{"damage":26,"enemies":"Reptomancer","floor":46,"turns":7},{"damage":15,"enemies":"Writhing Mass","floor":47,"turns":3}],"seed_played":"-3199563716974602888","potions_obtained":[{"floor":1.0,"key":"GamblersBrew"},{"floor":2.0,"key":"EssenceOfSteel"},{"floor":12.0,"key":"SpeedPotion"},{"floor":16.0,"key":"Explosive Potion"},{"floor":24.0,"key":"SteroidPotion"},{"floor":28.0,"key":"Fruit Juice"},{"floor":31.0,"key":"Explosive Potion"},{"floor":39,"key":"Block Potion"}],"is_trial":false,"path_per_floor":["M","M","?","?","$","R","$","?","T","R","M","M","R","M","R","B",null,"M","$","M","M","?","R","E","M","T","M","M","?","R","M","R","B",null,"M","?","$","M","M","R","E","?","T","$","R","E","M"],"character_chosen":"THE_SILENT","items_purchased":["Dagger Spray","Footwork","Backflip","Well Laid Plans","Apotheosis","AttackPotion","Block Potion"],"campfire_rested":5,"item_purchase_floors":[5,5,5,7,37,37,44],"current_hp_per_floor":[56,54,54,43,43,43,43,17,17,36,36,36,36,36,36,29,57,51,51,47,42,42,61,61,59,59,38,43,43,43,38,59,11,56,44,44,44,44,26,46,17,17,17,17,37,11,0],"gold":67,"neow_bonus":"UPGRADE_CARD","is_prod":false,"is_daily":false,"chose_seed":false,"campfire_upgraded":4,"win_rate":0,"timestamp":1548284676,"path_taken":["M","M","?","?","$","R","$","?","T","R","M","M","R","M","R","BOSS","M","$","M","M","?","R","E","M","T","M","M","?","R","M","R","BOSS","M","?","$","M","M","R","E","?","T","$","R","E","?"],"build_version":"2019-01-23","purchased_purges":1,"victory":false,"max_hp_per_floor":[66,66,66,66,66,66,66,66,66,66,66,66,66,66,66,66,66,66,66,66,66,66,66,66,66,66,66,71,71,71,71,71,71,71,71,67,67,67,67,67,67,67,67,67,67,67,67],"card_choices":[{"not_picked":["Choke","Deflect"],"picked":"Leg Sweep","floor":1.0},{"not_picked":["Masterful Stab","Accuracy"],"picked":"Dagger Spray","floor":2.0},{"not_picked":["Quick Slash","All Out Attack"],"picked":"Dodge and Roll","floor":11.0},{"not_picked":["Outmaneuver","Blade Dance"],"picked":"Dash","floor":12.0},{"not_picked":["Deflect","Catalyst","Slice"],"picked":"SKIP","floor":14.0},{"not_picked":["Grand Finale","Venomology"],"picked":"A Thousand Cuts","floor":16.0},{"not_picked":["Infinite Blades","Endless Agony"],"picked":"Crippling Poison","floor":18.0},{"not_picked":["Flechettes","Catalyst+1","Flying Knee"],"picked":"SKIP","floor":20.0},{"not_picked":["Dagger Spray","Cloak And Dagger"],"picked":"Backflip","floor":21.0},{"not_picked":["Acrobatics","Poisoned Stab"],"picked":"Dodge and Roll","floor":24.0},{"not_picked":["Dagger Spray","Bane"],"picked":"Bouncing Flask","floor":25.0},{"not_picked":["Setup","Blade Dance","Dagger Throw"],"picked":"SKIP","floor":27.0},{"not_picked":["Cloak And Dagger","Acrobatics"],"picked":"Noxious Fumes","floor":28.0},{"not_picked":["Cloak And Dagger","Deflect"],"picked":"Escape Plan","floor":31.0},{"not_picked":["Burst","Glass Knife"],"picked":"Malaise","floor":33.0},{"not_picked":["Dagger Throw","Prepared"],"picked":"Caltrops+1","floor":35},{"not_picked":["Eviscerate","Outmaneuver+1","Prepared"],"picked":"SKIP","floor":38},{"not_picked":["Caltrops","Accuracy+1","Underhanded Strike"],"picked":"SKIP","floor":39},{"not_picked":["Escape Plan","Quick Slash"],"picked":"Underhanded Strike","floor":41},{"not_picked":["Slice+1","Deflect","Bane+1"],"picked":"SKIP","floor":46}],"player_experience":978459,"relics_obtained":[{"floor":9.0,"key":"Bag of Marbles"},{"floor":24.0,"key":"Pocketwatch"},{"floor":26.0,"key":"Orichalcum"},{"floor":41,"key":"Boot"},{"floor":43,"key":"Mercury Hourglass"},{"floor":46,"key":"PreservedInsect"}],"event_choices":[{"damage_healed":0.0,"max_hp_gain":0.0,"max_hp_loss":0.0,"gold_gain":0.0,"event_name":"The Cleric","player_choice":"Leave","floor":3.0,"gold_loss":0.0,"damage_taken":0.0},{"damage_healed":0.0,"max_hp_gain":0.0,"max_hp_loss":0.0,"gold_gain":75.0,"event_name":"World of Goop","player_choice":"Gather Gold","floor":4.0,"gold_loss":0.0,"damage_taken":11.0},{"damage_healed":0.0,"max_hp_gain":0.0,"max_hp_loss":0.0,"gold_gain":0.0,"event_name":"Scrap Ooze","player_choice":"Success","floor":8.0,"gold_loss":0.0,"damage_taken":26.0,"relics_obtained":["Vajra"]},{"damage_healed":0.0,"max_hp_gain":0.0,"max_hp_loss":0.0,"gold_gain":0.0,"event_name":"The Mausoleum","player_choice":"Ignored","floor":22.0,"gold_loss":0.0,"damage_taken":0.0},{"damage_healed":0.0,"max_hp_gain":0.0,"max_hp_loss":0.0,"gold_gain":0.0,"event_name":"Vampires","player_choice":"Ignored","floor":29.0,"gold_loss":0.0,"damage_taken":0.0},{"damage_healed":0,"gold_gain":0,"player_choice":"Max HP","damage_taken":0,"max_hp_gain":0,"max_hp_loss":4,"event_name":"Winding Halls","floor":36,"gold_loss":0},{"damage_healed":0,"gold_gain":0,"player_choice":"Leave","damage_taken":0,"max_hp_gain":0,"max_hp_loss":0,"event_name":"FaceTrader","floor":42,"gold_loss":0}],"is_beta":false,"boss_relics":[{"not_picked":["Busted Crown","Runic Pyramid"],"picked":"Snecko Eye"},{"not_picked":["Cursed Key","Calling Bell"],"picked":"HoveringKite"}],"items_purged_floors":[19],"is_endless":false,"potions_floor_spawned":[1,2,12,16,24,27,28,31,39],"killed_by":"Writhing Mass","ascension_level":20}