{"gold_per_floor":[115,115,43,43,62,62,82,82,82,101,101,101,115,115,115,219,219,238,253,253,272,283,298,316,316,361,376,376,224,224,241,241,338,338,357,372,195,207,218,218,236,236,236,236,271,271,282,302,302,302],"floor_reached":51,"playtime":2418,"items_purged":["Strike_G","Strike_G"],"score":700,"play_id":"4b7bca9b-c0a0-43bb-8114-14c683bd8369","local_time":"20190207211230","is_ascension_mode":false,"campfire_choices":[{"data":"Noxious Fumes","floor":6.0,"key":"SMITH"},{"data":"Noxious Fumes","floor":12.0,"key":"SMITH"},{"floor":15.0,"key":"REST"},{"floor":25.0,"key":"REST"},{"floor":28.0,"key":"REST"},{"floor":30.0,"key":"REST"},{"data":"Catalyst","floor":32.0,"key":"SMITH"},{"floor":40.0,"key":"REST"},{"floor":42.0,"key":"REST"},{"data":"Leg Sweep","floor":44.0,"key":"SMITH"},{"data":"After Image","floor":49.0,"key":"SMITH"}],"neow_cost":"NONE","seed_source_timestamp":524607167837268,"circlet_count":0,"master_deck":["Defend_G","Defend_G","Defend_G","Defend_G","Defend_G","Strike_G","Strike_G","Survivor","Neutralize","Noxious Fumes+1","Noxious Fumes+1","Corpse Explosion+1","Crippling Poison+1","Catalyst+1","After Image","Leg Sweep+1","PiercingWail","After Image+1","Crippling Poison","Dodge and Roll+1","Dodge and Roll+1","PiercingWail+1","Doubt","Night Terror","Blur+1"],"special_seed":0,"relics":["Snecko Eye"],"potions_floor_usage":[50,50,50],"damage_taken":[{"damage":0.0,"enemies":"Small Slimes","floor":1.0,"turns":3.0},{"damage":2.0,"enemies":"Jaw Worm","floor":5.0,"turns":4.0},{"damage":0.0,"enemies":"2 Louse","floor":7.0,"turns":4.0},{"damage":14.0,"enemies":"Exordium Wildlife","floor":10.0,"turns":6.0},{"damage":18.0,"enemies":"Gremlin Gang","floor":13.0,"turns":5.0},{"damage":37.0,"enemies":"The Guardian","floor":16.0,"turns":9.0},{"damage":20.0,"enemies":"3 Byrds","floor":18.0,"turns":4.0},{"damage":17.0,"enemies":"2 Thieves","floor":19.0,"turns":4.0},{"damage":0.0,"enemies":"3 Cultists","floor":21.0,"turns":3.0},{"damage":12.0,"enemies":"Shelled Parasite and Fungi","floor":22.0,"turns":4.0},{"damage":2.0,"enemies":"Chosen and Byrds","floor":23.0,"turns":5.0},{"damage":16.0,"enemies":"Centurion and Healer","floor":24.0,"turns":4.0},{"damage":20.0,"enemies":"Sentry and Sphere","floor":27.0,"turns":4.0},{"damage":11.0,"enemies":"Chosen and Byrds","floor":31.0,"turns":5.0},{"damage":26.0,"enemies":"Champ","floor":33.0,"turns":10.0},{"damage":0.0,"enemies":"3 Darklings","floor":35.0,"turns":3.0},{"damage":14.0,"enemies":"Orb Walker","floor":36.0,"turns":4.0},{"damage":8.0,"enemies":"3 Darklings","floor":38.0,"turns":3.0},{"damage":17.0,"enemies":"Maw","floor":39.0,"turns":6.0},{"damage":4.0,"enemies":"Sphere and 2 Shapes","floor":41.0,"turns":5.0},{"damage":33.0,"enemies":"Giant Head","floor":45.0,"turns":10.0},{"damage":0.0,"enemies":"Transient","floor":47.0,"turns":5.0},{"damage":3.0,"enemies":"Jaw Worm Horde","floor":48.0,"turns":2.0},{"damage":22,"enemies":"Donu and Deca","floor":50,"turns":9}],"seed_played":"-1781035662508117186","potions_obtained":[{"floor":1.0,"key":"Weak Potion"},{"floor":5.0,"key":"Poison Potion"},{"floor":16.0,"key":"SneckoOil"},{"floor":21.0,"key":"Ancient Potion"},{"floor":27.0,"key":"Regen Potion"},{"floor":36.0,"key":"Weak Potion"},{"floor":38.0,"key":"AttackPotion"},{"floor":41.0,"key":"GamblersBrew"},{"floor":48.0,"key":"Fire Potion"}],"is_trial":false,"path_per_floor":["M","?","$","?","M","R","M","$","T","M","?","R","M","?","R","B",null,"M","M","?","M","M","M","M","R","T","M","R","$","R","M","R","B",null,"M","M","$","M","M","R","M","R","T","R","E","?","M","M","R","B",null],"character_chosen":"THE_SILENT","items_purchased":["Noxious Fumes","Regen Potion","Crippling Poison"],"campfire_rested":6,"item_purchase_floors":[3,29,37],"current_hp_per_floor":[70,70,70,70,68,68,68,68,68,54,54,54,36,41,63,26,75,55,38,38,38,26,24,8,30,30,10,32,32,54,43,43,60,75,75,61,61,53,36,58,54,75,75,75,42,75,75,72,72,50],"gold":302,"neow_bonus":"BOSS_RELIC","is_prod":false,"is_daily":false,"chose_seed":false,"campfire_upgraded":5,"win_rate":0,"timestamp":1549573950,"path_taken":["M","?","$","?","M","R","M","$","T","M","?","R","M","?","R","BOSS","M","M","?","M","?","M","M","R","T","M","R","?","R","M","R","BOSS","M","M","$","M","M","R","M","R","T","R","E","?","M","M","R","BOSS"],"build_version":"2019-01-23","purchased_purges":2,"victory":true,"max_hp_per_floor":[70,70,70,70,70,70,70,70,70,70,70,70,70,75,75,75,75,75,75,75,75,75,75,75,75,75,75,75,75,75,75,75,75,75,75,75,75,75,75,75,75,75,75,75,75,75,75,75,75,75],"card_choices":[{"not_picked":["Outmaneuver","Flying Knee","Underhanded Strike"],"picked":"SKIP","floor":1.0},{"not_picked":["Slice","Setup","Backstab"],"picked":"SKIP","floor":5.0},{"not_picked":["Prepared","Poisoned Stab"],"picked":"Noxious Fumes","floor":7.0},{"not_picked":["Blade Dance","Dodge and Roll","Underhanded Strike"],"picked":"SKIP","floor":10.0},{"not_picked":["Well Laid Plans","Deadly Poison","Calculated Gamble"],"picked":"SKIP","floor":13.0},{"not_picked":["Tools of the Trade","Burst"],"picked":"Corpse Explosion","floor":16.0},{"not_picked":["Outmaneuver","Masterful Stab+1","Poisoned Stab"],"picked":"SKIP","floor":18.0},{"not_picked":["PiercingWail","Bane"],"picked":"Crippling Poison+1","floor":19.0},{"not_picked":["PiercingWail","Deadly Poison"],"picked":"Catalyst","floor":21.0},{"not_picked":["Dagger Spray","Deflect"],"picked":"After Image","floor":22.0},{"not_picked":["Slice","Reflex","Dodge and Roll"],"picked":"SKIP","floor":23.0},{"not_picked":["Sucker Punch","Deadly Poison","Underhanded Strike"],"picked":"SKIP","floor":24.0},{"not_picked":["PiercingWail","Noxious Fumes+1"],"picked":"Leg Sweep","floor":27.0},{"not_picked":["Deadly Poison","Choke"],"picked":"PiercingWail","floor":31.0},{"not_picked":["A Thousand Cuts","Phantasmal Killer"],"picked":"After Image","floor":33.0},{"not_picked":["Deadly Poison","Blade Dance+1","Poisoned Stab+1"],"picked":"SKIP","floor":35.0},{"not_picked":["Tactician","Setup","Deadly Poison"],"picked":"SKIP","floor":36.0},{"not_picked":["Dagger Throw+1","Finisher"],"picked":"Dodge and Roll+1","floor":38.0},{"not_picked":["Backstab+1","Dagger Throw+1"],"picked":"Dodge and Roll+1","floor":39.0},{"not_picked":["Sucker Punch","Bane+1","Quick Slash+1"],"picked":"SKIP","floor":41.0},{"not_picked":["Dodge and Roll","Slice"],"picked":"PiercingWail+1","floor":45.0},{"not_picked":["Well Laid Plans+1","Dodge and Roll"],"picked":"Night Terror","floor":47.0},{"not_picked":["Flying Knee","Escape Plan"],"picked":"Blur+1","floor":48.0}],"player_experience":1105776,"relics_obtained":[],"event_choices":[{"cards_removed":["Strike_G"],"damage_healed":0.0,"max_hp_gain":0.0,"max_hp_loss":0.0,"gold_gain":0.0,"event_name":"Living Wall","player_choice":"Forget","floor":2.0,"gold_loss":0.0,"damage_taken":0.0},{"damage_healed":0.0,"max_hp_gain":0.0,"max_hp_loss":0.0,"gold_gain":0.0,"event_name":"The Cleric","player_choice":"Leave","floor":4.0,"gold_loss":0.0,"damage_taken":0.0},{"damage_healed":0.0,"max_hp_gain":0.0,"max_hp_loss":0.0,"gold_gain":0.0,"event_name":"Liars Game","player_choice":"Ignored","floor":11.0,"gold_loss":0.0,"damage_taken":0.0},{"damage_healed":0.0,"max_hp_gain":5.0,"max_hp_loss":0.0,"gold_gain":0.0,"event_name":"Big Fish","player_choice":"Donut","floor":14.0,"gold_loss":0.0,"damage_taken":0.0},{"damage_healed":0.0,"max_hp_gain":0.0,"max_hp_loss":0.0,"gold_gain":0.0,"event_name":"Accursed Blacksmith","player_choice":"Forge","floor":20.0,"gold_loss":0.0,"damage_taken":0.0,"cards_upgraded":["Corpse Explosion"]},{"damage_healed":33.0,"max_hp_gain":0.0,"max_hp_loss":0.0,"gold_gain":0.0,"event_name":"MindBloom","player_choice":"Heal","floor":46.0,"gold_loss":0.0,"damage_taken":0.0,"cards_obtained":["Doubt"]}],"is_beta":false,"boss_relics":[{"not_picked":["Eternal Feather","Lizard Tail","Empty Cage"]},{"not_picked":["Philosopher\u0027s Stone","Fusion Hammer","Calling Bell"]}],"items_purged_floors":[29,37],"is_endless":false,"potions_floor_spawned":[1,5,16,21,22,27,31,36,38,41,48],"ascension_level":0}