{"gold_per_floor":[115,115,115,129,149,149,169,183,183,183,39,39,39,52,52,152,152,170,190,190],"floor_reached":20,"playtime":1040,"items_purged":["Strike_G"],"score":168,"play_id":"7b823801-a2d4-431f-8ca3-49c6c9e12418","local_time":"20190207202925","is_ascension_mode":false,"campfire_choices":[{"data":"Skewer","floor":6,"key":"SMITH"},{"data":"Neutralize","floor":10,"key":"SMITH"},{"data":"Leg Sweep","floor":13,"key":"SMITH"},{"data":"Survivor","floor":15,"key":"SMITH"}],"neow_cost":"NONE","seed_source_timestamp":523552397965666,"circlet_count":0,"master_deck":["Defend_G","Defend_G","Defend_G","Defend_G","Defend_G","Strike_G","Strike_G","Strike_G","Strike_G","Survivor+1","Neutralize+1","Dash","Skewer+1","Dagger Spray+1","Leg Sweep+1","Escape Plan+1","Footwork"],"relics":["Lizard Tail"],"potions_floor_usage":[16,16,20],"damage_taken":[{"damage":2,"enemies":"Small Slimes","floor":1,"turns":4},{"damage":4,"enemies":"Cultist","floor":4,"turns":4},{"damage":3,"enemies":"Jaw Worm","floor":5,"turns":4},{"damage":8,"enemies":"Gremlin Gang","floor":7,"turns":7},{"damage":1,"enemies":"Exordium Thugs","floor":8,"turns":3},{"damage":0,"enemies":"Blue Slaver","floor":14,"turns":4},{"damage":7,"enemies":"Slime Boss","floor":16,"turns":9},{"damage":31,"enemies":"Spheric Guardian","floor":18,"turns":14},{"damage":6,"enemies":"Shell Parasite","floor":19,"turns":8},{"damage":40,"enemies":"Cultist and Chosen","floor":20,"turns":12}],"seed_played":"3912797059011712673","potions_obtained":[{"floor":3,"key":"Fire Potion"},{"floor":3,"key":"LiquidBronze"},{"floor":3,"key":"Weak Potion"},{"floor":7,"key":"Fire Potion"},{"floor":16,"key":"Swift Potion"},{"floor":18,"key":"Energy Potion"},{"floor":19,"key":"AttackPotion"}],"is_trial":false,"path_per_floor":["M","?","?","M","M","R","M","M","T","R","$","?","R","M","R","B",null,"M","M","M"],"character_chosen":"THE_SILENT","items_purchased":["Leg Sweep"],"campfire_rested":0,"item_purchase_floors":[11],"current_hp_per_floor":[68,68,68,64,61,61,53,52,52,52,52,52,52,52,52,45,70,39,33,35],"gold":190,"neow_bonus":"BOSS_RELIC","is_prod":false,"is_daily":false,"chose_seed":false,"campfire_upgraded":4,"win_rate":0,"timestamp":1549571365,"path_taken":["M","?","?","?","M","R","M","M","T","R","$","?","R","M","R","BOSS","M","?","M"],"build_version":"2019-01-23","purchased_purges":1,"victory":false,"max_hp_per_floor":[70,70,70,70,70,70,70,70,70,70,70,70,70,70,70,70,70,70,70,70],"card_choices":[{"not_picked":["Flying Knee","Bane","Backflip"],"picked":"SKIP","floor":1},{"not_picked":["Flying Knee","Quick Slash"],"picked":"Dash","floor":4},{"not_picked":["Well Laid Plans","Cloak And Dagger"],"picked":"Skewer","floor":5},{"not_picked":["Infinite Blades","Outmaneuver","Prepared"],"picked":"SKIP","floor":7},{"not_picked":["Endless Agony","Predator"],"picked":"Dagger Spray","floor":8},{"not_picked":["Sucker Punch","Crippling Poison","Dagger Throw"],"picked":"SKIP","floor":14},{"not_picked":["Deflect","Dagger Throw"],"picked":"Escape Plan+1","floor":18},{"not_picked":["Catalyst","Quick Slash"],"picked":"Footwork","floor":19}],"player_experience":1104736,"relics_obtained":[],"event_choices":[{"damage_healed":0,"gold_gain":0,"player_choice":"Fled","damage_taken":0,"max_hp_gain":0,"max_hp_loss":0,"event_name":"Scrap Ooze","floor":2,"gold_loss":0},{"damage_healed":0,"gold_gain":0,"player_choice":"Got Potions","damage_taken":0,"max_hp_gain":0,"max_hp_loss":0,"event_name":"Lab","floor":3,"gold_loss":0},{"damage_healed":0,"gold_gain":0,"player_choice":"Forge","damage_taken":0,"max_hp_gain":0,"max_hp_loss":0,"event_name":"Accursed Blacksmith","floor":12,"gold_loss":0,"cards_upgraded":["Dagger Spray"]}],"is_beta":false,"boss_relics":[{"not_picked":["Ectoplasm","Runic Dome","Orrery"]}],"items_purged_floors":[11],"is_endless":false,"potions_floor_spawned":[7,14,16,18,19],"killed_by":"Cultist and Chosen","ascension_level":0}