{"gold_per_floor":[117,192,367,175,140,140,159,192,192,192,92,122,134,145,145,240,240,258,358,376,251,261,272,272,286,311,82,92,92,7],"floor_reached":30,"playtime":1105,"items_purged":["Doubt","Strike_G","Strike_G","Defend_G"],"score":230,"play_id":"d7d36ebb-4cfb-4795-8525-5a045d7f4fa7","local_time":"20190207201107","is_ascension_mode":false,"campfire_choices":[{"floor":6,"key":"REST"},{"floor":10,"key":"REST"},{"floor":15,"key":"REST"},{"floor":24,"key":"REST"},{"floor":29,"key":"REST"}],"neow_cost":"NONE","seed_source_timestamp":522388761681461,"circlet_count":0,"master_deck":["Defend_G","Defend_G","Defend_G","Defend_G","Strike_G","Strike_G","Strike_G","Survivor","Neutralize","Dagger Spray","Backstab","Caltrops","Dagger Spray","Backflip","Envenom","All Out Attack+1","Footwork","Noxious Fumes+1","Well Laid Plans"],"relics":["Fusion Hammer","Question Card"],"potions_floor_usage":[16,16,22,28],"damage_taken":[{"damage":6,"enemies":"Jaw Worm","floor":1,"turns":5},{"damage":1,"enemies":"2 Louse","floor":7,"turns":2},{"damage":13,"enemies":"3 Sentries","floor":8,"turns":7},{"damage":4,"enemies":"The Mushroom Lair","floor":12,"turns":3},{"damage":0,"enemies":"Small Slimes","floor":13,"turns":3},{"damage":0,"enemies":"3 Louse","floor":14,"turns":2},{"damage":32,"enemies":"Slime Boss","floor":16,"turns":10},{"damage":3,"enemies":"3 Byrds","floor":18,"turns":4},{"damage":17,"enemies":"Shell Parasite","floor":20,"turns":7},{"damage":34,"enemies":"Sentry and Sphere","floor":22,"turns":6},{"damage":13,"enemies":"3 Cultists","floor":23,"turns":6},{"damage":5,"enemies":"Centurion and Healer","floor":25,"turns":6},{"damage":15,"enemies":"Snake Plant","floor":28,"turns":5}],"seed_played":"2779897574922774626","potions_obtained":[{"floor":8,"key":"Swift Potion"},{"floor":13,"key":"Ancient Potion"},{"floor":14,"key":"Strength Potion"},{"floor":16,"key":"Fire Potion"},{"floor":18,"key":"GhostInAJar"},{"floor":23,"key":"Energy Potion"},{"floor":28,"key":"LiquidBronze"}],"is_trial":false,"path_per_floor":["M","?","?","$","?","R","M","E","T","R","$","?","M","M","R","B",null,"M","?","M","$","M","M","R","M","T","$","M","R","?"],"character_chosen":"THE_SILENT","items_purchased":["Backstab","Caltrops","Well Laid Plans"],"campfire_rested":5,"item_purchase_floors":[4,4,27],"current_hp_per_floor":[64,53,53,53,70,70,69,56,56,70,70,66,66,66,70,38,70,67,67,50,50,16,3,24,19,19,19,4,25,25],"gold":7,"neow_bonus":"BOSS_RELIC","is_prod":false,"is_daily":false,"chose_seed":false,"campfire_upgraded":0,"win_rate":0,"timestamp":1549570267,"path_taken":["M","?","?","$","?","R","M","E","T","R","$","?","M","M","R","BOSS","M","?","M","$","M","?","R","M","T","$","M","R","?"],"build_version":"2019-01-23","purchased_purges":4,"victory":false,"max_hp_per_floor":[70,70,70,70,70,70,70,70,70,70,70,70,70,70,70,70,70,70,70,70,70,70,70,70,70,70,70,70,70,70],"card_choices":[{"not_picked":["Dodge and Roll","Acrobatics"],"picked":"Dagger Spray","floor":1},{"not_picked":["Escape Plan","Choke"],"picked":"Dagger Spray","floor":7},{"not_picked":["Prepared","Acrobatics"],"picked":"Backflip","floor":8},{"not_picked":["Blade Dance","Poisoned Stab","Flechettes"],"picked":"SKIP","floor":13},{"not_picked":["Acrobatics","Cloak And Dagger","Dagger Spray"],"picked":"SKIP","floor":14},{"not_picked":["Malaise","Doppelganger"],"picked":"Envenom","floor":16},{"not_picked":["Deadly Poison","Prepared","Backflip"],"picked":"SKIP","floor":18},{"not_picked":["Slice","Dagger Throw+1"],"picked":"All Out Attack+1","floor":20},{"not_picked":["Well Laid Plans","Deflect"],"picked":"Footwork","floor":22},{"not_picked":["Poisoned Stab","Well Laid Plans"],"picked":"Noxious Fumes+1","floor":23},{"not_picked":["All Out Attack","Reflex+1","Glass Knife"],"picked":"SKIP","floor":25},{"not_picked":["Dagger Spray","Dash","Cloak And Dagger"],"picked":"SKIP","floor":28}],"player_experience":1103631,"relics_obtained":[],"event_choices":[{"damage_healed":0,"gold_gain":75,"player_choice":"Gather Gold","damage_taken":11,"max_hp_gain":0,"max_hp_loss":0,"event_name":"World of Goop","floor":2,"gold_loss":0},{"damage_healed":0,"gold_gain":175,"player_choice":"AGREE","damage_taken":0,"max_hp_gain":0,"max_hp_loss":0,"event_name":"Liars Game","floor":3,"gold_loss":0,"cards_obtained":["Doubt"]},{"damage_healed":17,"gold_gain":0,"player_choice":"Healed","damage_taken":0,"max_hp_gain":0,"max_hp_loss":0,"event_name":"The Cleric","floor":5,"gold_loss":35},{"damage_healed":0,"gold_gain":0,"player_choice":"Fought Mushrooms","damage_taken":0,"max_hp_gain":0,"max_hp_loss":0,"event_name":"Mushrooms","floor":12,"gold_loss":0},{"damage_healed":0,"gold_gain":100,"player_choice":"Pray","damage_taken":0,"max_hp_gain":0,"max_hp_loss":0,"event_name":"Golden Shrine","floor":19,"gold_loss":0},{"damage_healed":0,"gold_gain":0,"player_choice":"Obtained Relic","damage_taken":0,"relics_obtained":["Question Card"],"max_hp_gain":0,"max_hp_loss":0,"event_name":"Addict","floor":30,"gold_loss":85}],"is_beta":false,"boss_relics":[{"not_picked":["Busted Crown","Sozu","Calling Bell"]}],"items_purged_floors":[4,11,21,27],"is_endless":false,"potions_floor_spawned":[8,13,14,16,18,23,28],"ascension_level":0}