{"gold_per_floor":[112,127,127,141,161,190,60,60,86,118,118],"floor_reached":11,"playtime":578,"items_purged":["Strike_G"],"score":166,"play_id":"8395ffe9-078d-467d-98c5-3df2b3e74781","local_time":"20190225220614","is_ascension_mode":true,"campfire_choices":[{"floor":8,"key":"REST"}],"neow_cost":"NONE","seed_source_timestamp":1052119916690112,"circlet_count":0,"master_deck":["AscendersBane","Defend_G","Defend_G","Defend_G","Defend_G","Defend_G","Strike_G","Strike_G","Strike_G","Strike_G","Survivor","Neutralize","Dagger Throw","Dagger Spray","Deadly Poison","Backstab","Poisoned Stab"],"relics":["Ring of the Snake","Centennial Puzzle","Strawberry","Bag of Preparation"],"potions_floor_usage":[5,6,6,10],"damage_taken":[{"damage":2,"enemies":"Small Slimes","floor":1,"turns":6},{"damage":3,"enemies":"Jaw Worm","floor":2,"turns":5},{"damage":2,"enemies":"2 Louse","floor":4,"turns":3},{"damage":4,"enemies":"Large Slime","floor":5,"turns":10},{"damage":39,"enemies":"Gremlin Nob","floor":6,"turns":5},{"damage":32,"enemies":"Lagavulin","floor":10,"turns":6},{"damage":9,"enemies":"Blue Slaver","floor":11,"turns":2}],"seed_played":"-1379924724093833263","potions_obtained":[{"floor":0,"key":"Block Potion"},{"floor":0,"key":"Block Potion"},{"floor":5,"key":"Explosive Potion"},{"floor":10,"key":"Dexterity Potion"}],"is_trial":false,"path_per_floor":["M","M","$","M","M","E","$","R","T","E","M"],"character_chosen":"THE_SILENT","items_purchased":["Dexterity Potion"],"campfire_rested":1,"item_purchase_floors":[7],"current_hp_per_floor":[57,54,54,52,48,9,9,28,35,3,0],"gold":118,"neow_bonus":"THREE_SMALL_POTIONS","is_prod":false,"is_daily":false,"chose_seed":false,"campfire_upgraded":0,"win_rate":0,"timestamp":1551132374,"path_taken":["M","M","$","M","M","E","$","R","T","E","M"],"build_version":"2019-01-23","purchased_purges":1,"victory":false,"max_hp_per_floor":[66,66,66,66,66,66,66,66,73,73,73],"card_choices":[{"not_picked":["Underhanded Strike","Blur"],"picked":"Dagger Throw","floor":1},{"not_picked":["Tools of the Trade","Cloak And Dagger"],"picked":"Dagger Spray","floor":2},{"not_picked":["Slice","Deflect","Backflip"],"picked":"SKIP","floor":4},{"not_picked":["All Out Attack","Terror"],"picked":"Deadly Poison","floor":5},{"not_picked":["Deflect","Tactician"],"picked":"Backstab","floor":6},{"not_picked":["Skewer","Deflect"],"picked":"Poisoned Stab","floor":10}],"player_experience":1207541,"relics_obtained":[{"floor":6,"key":"Centennial Puzzle"},{"floor":9,"key":"Strawberry"},{"floor":10,"key":"Bag of Preparation"}],"event_choices":[],"is_beta":false,"boss_relics":[],"items_purged_floors":[7],"is_endless":false,"potions_floor_spawned":[5,10],"killed_by":"Blue Slaver","ascension_level":20}