{"gold_per_floor":[114,189,55,66,66,66,76,94,94,94,122,122,122,141],"floor_reached":14,"playtime":468,"items_purged":[],"score":180,"play_id":"d11ce2ca-b85f-44de-b269-d26c30889d40","local_time":"20190227232646","is_ascension_mode":true,"campfire_choices":[{"data":"Neutralize","floor":6,"key":"SMITH"},{"data":"Backflip","floor":10,"key":"SMITH"},{"floor":12,"key":"REST"}],"neow_cost":"","seed_source_timestamp":0,"circlet_count":0,"master_deck":["AscendersBane","Defend_G","Defend_G","Defend_G","Defend_G","Defend_G","Strike_G","Strike_G","Strike_G","Strike_G","Survivor","Neutralize+1","Backstab","Infinite Blades","Dagger Throw","Dagger Spray+1","Backflip+1","Well Laid Plans","All Out Attack"],"relics":["Ring of the Snake","Shuriken","Kunai"],"potions_floor_usage":[11],"damage_taken":[{"damage":5,"enemies":"Small Slimes","floor":1,"turns":6},{"damage":0,"enemies":"Cultist","floor":4,"turns":4},{"damage":0,"enemies":"2 Louse","floor":7,"turns":3},{"damage":10,"enemies":"Lots of Slimes","floor":8,"turns":4},{"damage":24,"enemies":"Lagavulin","floor":11,"turns":6},{"damage":1,"enemies":"Gremlin Gang","floor":14,"turns":4}],"seed_played":"7251385029003509894","potions_obtained":[{"floor":1,"key":"Block Potion"},{"floor":4,"key":"Energy Potion"}],"is_trial":true,"path_per_floor":["M","?","$","M","?","R","M","M","T","R","E","R","?","M"],"character_chosen":"THE_SILENT","items_purchased":["Infinite Blades","Dagger Throw"],"campfire_rested":1,"item_purchase_floors":[3,3],"current_hp_per_floor":[54,43,43,43,43,43,43,33,33,33,9,28,28,27],"gold":141,"neow_bonus":"","is_prod":false,"is_daily":false,"chose_seed":true,"campfire_upgraded":2,"win_rate":0,"timestamp":1551310006,"path_taken":["M","?","$","M","?","R","M","?","T","R","E","R","?","M"],"build_version":"2019-01-23","purchased_purges":0,"victory":false,"max_hp_per_floor":[66,66,66,66,66,66,66,66,66,66,66,66,66,66],"card_choices":[{"not_picked":["Prepared","Accuracy"],"picked":"Backstab","floor":1},{"not_picked":["Bane","Prepared"],"picked":"Dagger Spray","floor":4},{"not_picked":["Quick Slash","Deadly Poison"],"picked":"Backflip","floor":7},{"not_picked":["Eviscerate","Flying Knee"],"picked":"Well Laid Plans","floor":8},{"not_picked":["Burst","Dagger Throw","Bouncing Flask"],"picked":"SKIP","floor":11},{"not_picked":["Flying Knee","Riddle With Holes"],"picked":"All Out Attack","floor":14}],"player_experience":1221288,"relics_obtained":[{"floor":9,"key":"Shuriken"},{"floor":11,"key":"Kunai"}],"event_choices":[{"damage_healed":0,"gold_gain":75,"player_choice":"Gather Gold","damage_taken":11,"max_hp_gain":0,"max_hp_loss":0,"event_name":"World of Goop","floor":2,"gold_loss":0},{"damage_healed":0,"gold_gain":0,"player_choice":"Upgraded","damage_taken":0,"max_hp_gain":0,"max_hp_loss":0,"event_name":"Upgrade Shrine","floor":5,"gold_loss":0,"cards_upgraded":["Dagger Spray"]},{"cards_removed":["Strike_G"],"damage_healed":0,"gold_gain":0,"player_choice":"Offered Basic","damage_taken":0,"max_hp_gain":0,"max_hp_loss":0,"event_name":"Bonfire Elementals","floor":13,"gold_loss":0}],"is_beta":false,"boss_relics":[],"items_purged_floors":[],"is_endless":false,"potions_floor_spawned":[1,4],"killed_by":"Gremlin Gang","ascension_level":20}