{"gold_per_floor":[212,224,72,87,62,94,94,129,154,154,166,198,245,256,256,256],"floor_reached":16,"playtime":1591,"items_purged":[],"score":240,"play_id":"3bb5b183-c184-4a3a-852d-e1867c6ad868","local_time":"20190303115544","is_ascension_mode":true,"campfire_choices":[{"data":"Neutralize","floor":7,"key":"SMITH"},{"floor":10,"key":"REST"},{"floor":15,"key":"REST"}],"neow_cost":"NONE","seed_source_timestamp":1532845036158819,"circlet_count":0,"master_deck":["AscendersBane","Defend_G+1","Defend_G","Defend_G","Defend_G","Defend_G+1","Strike_G","Strike_G","Strike_G","Strike_G","Strike_G","Survivor","Neutralize+1","Sucker Punch","Flying Knee","Terror","Die Die Die","PiercingWail","PiercingWail","Footwork","Dodge and Roll","Leg Sweep"],"relics":["Ring of the Snake","Potion Belt","War Paint","Omamori","Smiling Mask","Happy Flower"],"potions_floor_usage":[6,6,8,12,16],"damage_taken":[{"damage":3,"enemies":"Cultist","floor":1,"turns":5},{"damage":1,"enemies":"2 Louse","floor":2,"turns":3},{"damage":0,"enemies":"Jaw Worm","floor":4,"turns":4},{"damage":22,"enemies":"Gremlin Nob","floor":6,"turns":4},{"damage":25,"enemies":"3 Sentries","floor":8,"turns":10},{"damage":3,"enemies":"Looter","floor":11,"turns":3},{"damage":6,"enemies":"Gremlin Nob","floor":12,"turns":4},{"damage":2,"enemies":"2 Fungi Beasts","floor":14,"turns":4},{"damage":44,"enemies":"Slime Boss","floor":16,"turns":11}],"seed_played":"-3822546784213550510","potions_obtained":[{"floor":6,"key":"GamblersBrew"},{"floor":8,"key":"PowerPotion"},{"floor":11,"key":"SpeedPotion"}],"is_trial":false,"path_per_floor":["M","M","$","M","$","E","R","E","T","R","M","E","T","M","R","B"],"character_chosen":"THE_SILENT","items_purchased":["AttackPotion","Block Potion","Terror","PiercingWail"],"campfire_rested":2,"item_purchase_floors":[3,3,3,5],"current_hp_per_floor":[56,55,55,55,55,33,33,8,8,27,24,18,18,16,35,0],"gold":256,"neow_bonus":"HUNDRED_GOLD","is_prod":false,"is_daily":false,"chose_seed":false,"campfire_upgraded":1,"win_rate":0,"timestamp":1551614144,"path_taken":["M","M","$","M","?","E","R","E","T","R","?","E","?","M","R","BOSS"],"build_version":"2019-01-23","purchased_purges":0,"victory":false,"max_hp_per_floor":[66,66,66,66,66,66,66,66,66,66,66,66,66,66,66,66],"card_choices":[{"not_picked":["Outmaneuver","Concentrate"],"picked":"Sucker Punch","floor":1},{"not_picked":["Terror","Acrobatics"],"picked":"Flying Knee","floor":2},{"not_picked":["Bane","Setup"],"picked":"Die Die Die","floor":4},{"not_picked":["Reflex","Cloak And Dagger"],"picked":"PiercingWail","floor":6},{"not_picked":["Catalyst","Terror"],"picked":"Footwork","floor":8},{"not_picked":["Terror","Flying Knee","Deadly Poison"],"picked":"SKIP","floor":11},{"not_picked":["Bane","Outmaneuver"],"picked":"Dodge and Roll","floor":12},{"not_picked":["Dodge and Roll","Quick Slash"],"picked":"Leg Sweep","floor":14}],"player_experience":1259431,"relics_obtained":[{"floor":6,"key":"Potion Belt"},{"floor":8,"key":"War Paint"},{"floor":9,"key":"Omamori"},{"floor":12,"key":"Smiling Mask"},{"floor":13,"key":"Happy Flower"}],"event_choices":[],"is_beta":false,"boss_relics":[],"items_purged_floors":[],"is_endless":false,"potions_floor_spawned":[6,8,11],"killed_by":"Slime Boss","ascension_level":20}