{"gold_per_floor":[113,188,207,207,226,226,287,287,312,312],"floor_reached":10,"playtime":407,"items_purged":[],"score":132,"play_id":"2772d7a5-28a8-4068-aa87-21bc36a0fc0b","local_time":"20190303234358","is_ascension_mode":true,"campfire_choices":[{"data":"Neutralize","floor":6,"key":"SMITH"},{"data":"Deadly Poison","floor":8,"key":"SMITH"}],"neow_cost":"NONE","seed_source_timestamp":1576555480598076,"circlet_count":0,"master_deck":["AscendersBane","Defend_G","Defend_G","Defend_G","Defend_G","Defend_G","Strike_G","Strike_G","Strike_G","Strike_G","Strike_G","Survivor","Neutralize+1","Flying Knee","PiercingWail","Deadly Poison+1"],"relics":["Ring of the Snake","Tiny Chest"],"potions_floor_usage":[7,7,10],"damage_taken":[{"damage":0,"enemies":"Small Slimes","floor":1,"turns":6},{"damage":0,"enemies":"2 Louse","floor":3,"turns":4},{"damage":0,"enemies":"Cultist","floor":5,"turns":4},{"damage":24,"enemies":"Lagavulin","floor":7,"turns":8},{"damage":48,"enemies":"Gremlin Nob","floor":10,"turns":4}],"seed_played":"388543946647253658","potions_obtained":[{"floor":0,"key":"Regen Potion"},{"floor":0,"key":"FearPotion"},{"floor":5,"key":"AttackPotion"},{"floor":7,"key":"Regen Potion"}],"is_trial":false,"path_per_floor":["M","?","M","?","M","R","E","R","T","E"],"character_chosen":"THE_SILENT","items_purchased":[],"campfire_rested":0,"item_purchase_floors":[],"current_hp_per_floor":[59,48,48,53,53,53,29,29,29,0],"gold":312,"neow_bonus":"THREE_SMALL_POTIONS","is_prod":false,"is_daily":false,"chose_seed":false,"campfire_upgraded":2,"win_rate":0,"timestamp":1551656638,"path_taken":["M","?","M","?","M","R","E","R","T","E"],"build_version":"2019-01-23","purchased_purges":0,"victory":false,"max_hp_per_floor":[66,66,66,71,71,71,71,71,71,71],"card_choices":[{"not_picked":["All Out Attack","Deflect"],"picked":"Flying Knee","floor":1},{"not_picked":["Underhanded Strike","Distraction","Concentrate"],"picked":"SKIP","floor":3},{"not_picked":["Blade Dance","Infinite Blades"],"picked":"PiercingWail","floor":5},{"not_picked":["Acrobatics","Blade Dance"],"picked":"Deadly Poison","floor":7}],"player_experience":1279059,"relics_obtained":[{"floor":7,"key":"Tiny Chest"}],"event_choices":[{"damage_healed":0,"gold_gain":75,"player_choice":"Gather Gold","damage_taken":11,"max_hp_gain":0,"max_hp_loss":0,"event_name":"World of Goop","floor":2,"gold_loss":0},{"damage_healed":0,"gold_gain":0,"player_choice":"Donut","damage_taken":0,"max_hp_gain":5,"max_hp_loss":0,"event_name":"Big Fish","floor":4,"gold_loss":0}],"is_beta":false,"boss_relics":[],"items_purged_floors":[],"is_endless":false,"potions_floor_spawned":[3,5,7],"killed_by":"Gremlin Nob","ascension_level":20}