{"gold_per_floor":[369,349,362,378,263,296,296,321,321,321,321,87,87,122,122,193,193,213,263,281,300,300,300,318,318,387,387,422,437,465,271,271,346,346,366,142,156,156,170,170,204,218,218,3,53,70,81,91,91,91,91],"floor_reached":51,"playtime":3264,"items_purged":["Strike_G"],"score":1445,"play_id":"6ba65fc5-1c6f-430d-9324-349e8b82139e","local_time":"20190228213600","is_ascension_mode":true,"campfire_choices":[{"floor":7.0,"key":"REST"},{"data":"Skewer","floor":10.0,"key":"SMITH"},{"data":"Noxious Fumes","floor":15.0,"key":"SMITH"},{"floor":23.0,"key":"REST"},{"floor":25.0,"key":"REST"},{"floor":27.0,"key":"RECALL"},{"floor":32.0,"key":"REST"},{"floor":40,"key":"REST"},{"floor":49,"key":"REST"}],"neow_cost":"PERCENT_DAMAGE","seed_source_timestamp":1306759452729279,"circlet_count":0,"master_deck":["AscendersBane","Defend_G","Defend_G","Defend_G","Defend_G","Defend_G","Strike_G","Strike_G","Strike_G","Survivor","Neutralize","Dagger Spray","Flying Knee","Leg Sweep","Skewer+1","Noxious Fumes+1","Caltrops","Bouncing Flask","Dash","Wraith Form v2","Crippling Poison","Deadly Poison","Sadistic Nature","Corpse Explosion","Leg Sweep","Metamorphosis","Deadly Poison+1","PiercingWail","Apotheosis","Noxious Fumes+1"],"special_seed":0,"relics":["Ring of the Snake","Thread and Needle","Pocketwatch","Mango","Paper Crane","Potion Belt","Singing Bowl","Fusion Hammer","Mercury Hourglass","Strawberry","Kunai","Velvet Choker","Membership Card","Tough Bandages","OrangePellets"],"potions_floor_usage":[41,50,51,51],"damage_taken":[{"damage":1.0,"enemies":"2 Louse","floor":1.0,"turns":3.0},{"damage":0.0,"enemies":"Cultist","floor":3.0,"turns":4.0},{"damage":4.0,"enemies":"Jaw Worm","floor":4.0,"turns":4.0},{"damage":30.0,"enemies":"Gremlin Nob","floor":6.0,"turns":4.0},{"damage":8.0,"enemies":"Lagavulin","floor":8.0,"turns":8.0},{"damage":15.0,"enemies":"Gremlin Nob","floor":14.0,"turns":4.0},{"damage":6.0,"enemies":"Hexaghost","floor":16.0,"turns":9.0},{"damage":13.0,"enemies":"2 Thieves","floor":18.0,"turns":5.0},{"damage":0.0,"enemies":"Chosen","floor":20.0,"turns":4.0},{"damage":16.0,"enemies":"Shelled Parasite and Fungi","floor":21.0,"turns":7.0},{"damage":5.0,"enemies":"Snecko","floor":24.0,"turns":5.0},{"damage":8.0,"enemies":"Slavers","floor":28.0,"turns":6.0},{"damage":1.0,"enemies":"Centurion and Healer","floor":29.0,"turns":6.0},{"damage":3.0,"enemies":"Book of Stabbing","floor":30.0,"turns":5.0},{"damage":76.0,"enemies":"Champ","floor":33.0,"turns":13.0},{"damage":0.0,"enemies":"3 Darklings","floor":35.0,"turns":3.0},{"damage":5.0,"enemies":"Orb Walker","floor":37.0,"turns":4.0},{"damage":13,"enemies":"Transient","floor":39,"turns":6},{"damage":21,"enemies":"Reptomancer","floor":41,"turns":7},{"damage":0,"enemies":"Maw","floor":42,"turns":8},{"damage":0,"enemies":"3 Darklings","floor":46,"turns":4},{"damage":0,"enemies":"Transient","floor":47,"turns":6},{"damage":0,"enemies":"4 Shapes","floor":48,"turns":3},{"damage":81,"enemies":"Time Eater","floor":50,"turns":13},{"damage":36,"enemies":"Donu and Deca","floor":51,"turns":6}],"seed_played":"-4159501240686950007","potions_obtained":[{"floor":2.0,"key":"Fruit Juice"},{"floor":4.0,"key":"SneckoOil"},{"floor":8.0,"key":"Dexterity Potion"},{"floor":14.0,"key":"Regen Potion"},{"floor":16.0,"key":"GhostInAJar"},{"floor":20.0,"key":"GhostInAJar"},{"floor":21.0,"key":"Energy Potion"},{"floor":28.0,"key":"Poison Potion"},{"floor":33.0,"key":"SkillPotion"},{"floor":37.0,"key":"Fire Potion"}],"is_trial":false,"path_per_floor":["M","?","M","M","$","E","R","E","T","R","T","$","?","E","R","B",null,"M","?","M","M","?","R","M","R","T","R","E","M","E","$","R","B",null,"M","$","M","?","M","R","E","M","T","$","?","M","M","M","R","B","B"],"character_chosen":"THE_SILENT","items_purchased":["Leg Sweep","Skewer","Bouncing Flask","Dash","Sadistic Nature","Membership Card","Apotheosis","OrangePellets"],"campfire_rested":6,"item_purchase_floors":[5,5,12,12,31,36,44,44],"current_hp_per_floor":[43,43,43,39,39,14,35,27,41,41,41,41,36,23,23,32,73,62,62,64,48,48,75,72,93,93,93,94,93,92,92,104,28,85,87,87,82,76,63,96,77,77,77,77,77,77,79,81,115,34,0],"gold":91,"neow_bonus":"TWO_FIFTY_GOLD","is_prod":false,"is_daily":false,"chose_seed":false,"campfire_upgraded":2,"win_rate":0,"timestamp":1551389760,"path_taken":["M","?","?","M","$","E","R","E","T","R","?","?","?","E","R","BOSS","M","?","M","M","?","R","M","R","T","R","E","?","E","$","R","BOSS","M","$","M","?","M","R","E","M","T","?","?","M","?","M","R","BOSS","BOSS"],"build_version":"2019-01-23","purchased_purges":1,"victory":false,"max_hp_per_floor":[66,66,66,66,66,71,71,71,85,85,85,85,85,87,87,87,87,89,89,91,91,91,91,93,93,93,93,102,102,104,104,104,104,104,106,106,106,110,110,110,112,112,112,112,112,112,114,116,116,116,116],"card_choices":[{"not_picked":["Prepared","Blade Dance"],"picked":"Dagger Spray","floor":1.0},{"not_picked":["PiercingWail","Dodge and Roll"],"picked":"Flying Knee","floor":3.0},{"not_picked":["Prepared","Bane","Sucker Punch"],"picked":"SKIP","floor":4.0},{"not_picked":["Quick Slash","Outmaneuver"],"picked":"Noxious Fumes","floor":6.0},{"not_picked":["Expertise","Blade Dance"],"picked":"Caltrops","floor":8.0},{"not_picked":["Deadly Poison","Flying Knee","Envenom"],"picked":"Singing Bowl","floor":14.0},{"not_picked":["A Thousand Cuts","Tools of the Trade"],"picked":"Wraith Form v2","floor":16.0},{"not_picked":["Sucker Punch","Finisher","Bane"],"picked":"Singing Bowl","floor":18.0},{"not_picked":["Sucker Punch","Bane","Predator"],"picked":"Singing Bowl","floor":20.0},{"not_picked":["Concentrate","Dagger Throw"],"picked":"Crippling Poison","floor":21.0},{"not_picked":["Poisoned Stab","Caltrops","Tactician"],"picked":"Singing Bowl","floor":24.0},{"not_picked":["Blade Dance","Riddle With Holes","Accuracy"],"picked":"Singing Bowl","floor":28.0},{"not_picked":["Deflect+1","Backstab"],"picked":"Deadly Poison","floor":29.0},{"not_picked":["Setup","Accuracy","Masterful Stab"],"picked":"Singing Bowl","floor":30.0},{"not_picked":["Venomology","A Thousand Cuts"],"picked":"Corpse Explosion","floor":33.0},{"not_picked":["Poisoned Stab+1","Finisher","Accuracy"],"picked":"Singing Bowl","floor":35.0},{"not_picked":["Sucker Punch","Bouncing Flask"],"picked":"Leg Sweep","floor":37.0},{"not_picked":["Bandage Up","Secret Weapon"],"picked":"Metamorphosis","floor":38},{"not_picked":["Metamorphosis","Forethought","Mayhem"],"picked":"Singing Bowl","floor":38},{"not_picked":["Blind","Impatience","Violence"],"picked":"Singing Bowl","floor":38},{"not_picked":["Dagger Spray","Slice"],"picked":"Deadly Poison+1","floor":39},{"not_picked":["Sucker Punch","Skewer+1","Masterful Stab+1"],"picked":"Singing Bowl","floor":41},{"not_picked":["Sucker Punch","Dagger Throw"],"picked":"PiercingWail","floor":42},{"not_picked":["Bullet Time","Backstab"],"picked":"Noxious Fumes+1","floor":46},{"not_picked":["Underhanded Strike","Deadly Poison","Skewer"],"picked":"Singing Bowl","floor":47},{"not_picked":["Escape Plan+1","Acrobatics+1","Accuracy"],"picked":"Singing Bowl","floor":48}],"player_experience":1228031,"relics_obtained":[{"floor":6.0,"key":"Thread and Needle"},{"floor":8.0,"key":"Pocketwatch"},{"floor":9.0,"key":"Mango"},{"floor":11.0,"key":"Paper Crane"},{"floor":14.0,"key":"Singing Bowl"},{"floor":26.0,"key":"Mercury Hourglass"},{"floor":28.0,"key":"Strawberry"},{"floor":30.0,"key":"Kunai"},{"floor":41,"key":"Tough Bandages"}],"event_choices":[{"damage_healed":0.0,"max_hp_gain":0.0,"max_hp_loss":0.0,"gold_gain":0.0,"event_name":"The Woman in Blue","player_choice":"Bought 1 Potion","floor":2.0,"gold_loss":0.0,"damage_taken":0.0},{"damage_healed":0.0,"max_hp_gain":0.0,"max_hp_loss":0.0,"gold_gain":0.0,"event_name":"Scrap Ooze","player_choice":"Success","floor":13.0,"gold_loss":0.0,"damage_taken":5.0,"relics_obtained":["Potion Belt"]},{"damage_healed":0.0,"max_hp_gain":0.0,"max_hp_loss":0.0,"gold_gain":50.0,"event_name":"Nest","player_choice":"Stole From Cult","floor":19.0,"gold_loss":0.0,"damage_taken":0.0},{"cards_removed":["Strike_G"],"damage_healed":0.0,"max_hp_gain":0.0,"max_hp_loss":0.0,"gold_gain":0.0,"event_name":"Bonfire Elementals","player_choice":"Offered Basic","floor":22.0,"gold_loss":0.0,"damage_taken":0.0},{"damage_healed":0,"gold_gain":0,"player_choice":"Memory 3","damage_taken":10,"max_hp_gain":0,"max_hp_loss":0,"event_name":"SensoryStone","floor":38,"gold_loss":0},{"damage_healed":0,"gold_gain":50,"player_choice":"Pray","damage_taken":0,"max_hp_gain":0,"max_hp_loss":0,"event_name":"Golden Shrine","floor":45,"gold_loss":0}],"is_beta":false,"boss_relics":[{"not_picked":["Busted Crown","Orrery"],"picked":"Fusion Hammer"},{"not_picked":["Philosopher\u0027s Stone","Sozu"],"picked":"Velvet Choker"}],"items_purged_floors":[12],"is_endless":false,"potions_floor_spawned":[4,8,14,16,20,21,28,30,33,37,39],"killed_by":"Donu and Deca","ascension_level":20}