{"gold_per_floor":[109,34,53,63,10,26,38,38,61,75,75,138,138],"floor_reached":13,"playtime":817,"items_purged":["Pain"],"score":154,"play_id":"e48fb5d4-39c8-405a-b60a-23773f04678a","local_time":"20190304234600","is_ascension_mode":true,"campfire_choices":[{"data":"Envenom","floor":8,"key":"SMITH"},{"floor":11,"key":"REST"}],"neow_cost":"CURSE","seed_source_timestamp":1662667586738066,"circlet_count":0,"master_deck":["AscendersBane","Defend_G","Defend_G","Defend_G","Defend_G","Defend_G","Strike_G","Strike_G","Strike_G","Strike_G","Strike_G","Survivor","Neutralize","Dagger Throw","Envenom+1","Dagger Spray","Deadly Poison","Backflip","Glass Knife","Well Laid Plans","Leg Sweep","Dagger Spray"],"relics":["Ring of the Snake","Prayer Wheel","Centennial Puzzle","Ancient Tea Set","Anchor"],"potions_floor_usage":[6,12,12],"damage_taken":[{"damage":20,"enemies":"Cultist","floor":1,"turns":5},{"damage":0,"enemies":"Small Slimes","floor":3,"turns":4},{"damage":0,"enemies":"2 Louse","floor":4,"turns":2},{"damage":17,"enemies":"Lots of Slimes","floor":6,"turns":3},{"damage":4,"enemies":"3 Louse","floor":7,"turns":2},{"damage":10,"enemies":"Exordium Thugs","floor":10,"turns":5},{"damage":25,"enemies":"Lagavulin Event","floor":12,"turns":6},{"damage":33,"enemies":"Gremlin Nob","floor":13,"turns":3}],"seed_played":"-1892230936921789145","potions_obtained":[{"floor":1,"key":"LiquidBronze"},{"floor":7,"key":"Swift Potion"},{"floor":10,"key":"Energy Potion"}],"is_trial":false,"path_per_floor":["M","$","M","M","?","M","M","R","T","M","R","?","E"],"character_chosen":"THE_SILENT","items_purchased":[],"campfire_rested":1,"item_purchase_floors":[],"current_hp_per_floor":[39,39,39,39,39,22,18,18,18,8,27,2,0],"gold":138,"neow_bonus":"ONE_RARE_RELIC","is_prod":false,"is_daily":false,"chose_seed":false,"campfire_upgraded":1,"win_rate":0,"timestamp":1551743160,"path_taken":["M","$","M","M","?","?","M","R","T","M","R","?","E"],"build_version":"2019-01-23","purchased_purges":1,"victory":false,"max_hp_per_floor":[66,66,66,66,66,66,66,66,66,66,66,66,66],"card_choices":[{"not_picked":["Deadly Poison","Heel Hook"],"picked":"Dagger Throw","floor":1},{"not_picked":["Prepared","Backflip","Calculated Gamble"],"picked":"SKIP","floor":1},{"not_picked":["Prepared","Infinite Blades"],"picked":"Envenom","floor":3},{"not_picked":["Noxious Fumes","Caltrops"],"picked":"Dagger Spray","floor":3},{"not_picked":["Heel Hook","Infinite Blades","Bane"],"picked":"SKIP","floor":4},{"not_picked":["Underhanded Strike","Choke","Backflip"],"picked":"SKIP","floor":4},{"not_picked":["Prepared","Caltrops"],"picked":"Deadly Poison","floor":6},{"not_picked":["Flechettes","Tactician"],"picked":"Backflip","floor":6},{"not_picked":["Cloak And Dagger","Underhanded Strike"],"picked":"Glass Knife","floor":7},{"not_picked":["Quick Slash","Outmaneuver","Acrobatics"],"picked":"SKIP","floor":7},{"not_picked":["Quick Slash","Outmaneuver","Acrobatics"],"picked":"SKIP","floor":7},{"not_picked":["Blade Dance","Eviscerate"],"picked":"Well Laid Plans","floor":10},{"not_picked":["Dagger Spray","Quick Slash"],"picked":"Leg Sweep","floor":10},{"not_picked":["Prepared","Cloak And Dagger"],"picked":"Dagger Spray","floor":12}],"player_experience":1285011,"relics_obtained":[{"floor":9,"key":"Ancient Tea Set"},{"floor":12,"key":"Anchor"}],"event_choices":[{"damage_healed":0,"gold_gain":0,"player_choice":"Paid Gold","damage_taken":0,"relics_obtained":["Centennial Puzzle"],"max_hp_gain":0,"max_hp_loss":0,"event_name":"WeMeetAgain","floor":5,"gold_loss":53},{"damage_healed":0,"gold_gain":0,"player_choice":"Searched \u00271\u0027 times","damage_taken":0,"max_hp_gain":0,"max_hp_loss":0,"event_name":"Dead Adventurer","floor":12,"gold_loss":0}],"is_beta":false,"boss_relics":[],"items_purged_floors":[2],"is_endless":false,"potions_floor_spawned":[1,7,10],"killed_by":"Gremlin Nob","ascension_level":20}