{"gold_per_floor":[109,184,198,211,224,224,258,258,336,336,368,368,382,408,408,408],"floor_reached":16,"playtime":775,"items_purged":[],"score":240,"play_id":"720d909b-20e7-4a6b-abf5-5bb371d6ea8b","local_time":"20190307214203","is_ascension_mode":true,"campfire_choices":[{"floor":6,"key":"REST"},{"data":"Deadly Poison","floor":8,"key":"SMITH"},{"floor":10,"key":"REST"},{"floor":15,"key":"REST"}],"neow_cost":"NONE","seed_source_timestamp":1914475679105977,"circlet_count":0,"master_deck":["AscendersBane","Defend_G","Defend_G","Defend_G","Defend_G","Defend_G","Strike_G","Strike_G","Strike_G","Strike_G","Survivor","Neutralize+1","Quick Slash","Deadly Poison+1","Dash","Dash","Catalyst","Escape Plan"],"relics":["Ring of the Snake","WingedGreaves","Ornamental Fan","Smiling Mask","Strawberry"],"potions_floor_usage":[14,16],"damage_taken":[{"damage":3,"enemies":"2 Louse","floor":1,"turns":3},{"damage":1,"enemies":"Small Slimes","floor":3,"turns":3},{"damage":0,"enemies":"Cultist","floor":4,"turns":4},{"damage":16,"enemies":"Large Slime","floor":5,"turns":7},{"damage":25,"enemies":"3 Sentries","floor":7,"turns":11},{"damage":17,"enemies":"Lagavulin","floor":11,"turns":7},{"damage":0,"enemies":"Blue Slaver","floor":13,"turns":4},{"damage":22,"enemies":"3 Sentries","floor":14,"turns":11},{"damage":32,"enemies":"The Guardian","floor":16,"turns":11}],"seed_played":"-1490530558581136691","potions_obtained":[{"floor":1,"key":"FearPotion"},{"floor":3,"key":"GamblersBrew"},{"floor":5,"key":"Strength Potion"}],"is_trial":false,"path_per_floor":["M","?","M","M","M","R","E","R","T","R","E","?","M","E","R","B"],"character_chosen":"THE_SILENT","items_purchased":[],"campfire_rested":3,"item_purchase_floors":[],"current_hp_per_floor":[56,45,44,44,28,47,22,22,22,41,24,24,24,9,30,0],"gold":408,"neow_bonus":"UPGRADE_CARD","is_prod":false,"is_daily":false,"chose_seed":false,"campfire_upgraded":1,"win_rate":0,"timestamp":1551994923,"path_taken":["M","?","M","M","M","R","E","R","T","R","E","?","M","E","R","BOSS"],"build_version":"2019-01-23","purchased_purges":0,"victory":false,"max_hp_per_floor":[66,66,66,66,66,66,66,66,66,66,66,66,66,73,73,73],"card_choices":[{"not_picked":["Flechettes","Backflip"],"picked":"Quick Slash","floor":1},{"not_picked":["Calculated Gamble","Prepared","Reflex"],"picked":"SKIP","floor":3},{"not_picked":["Deflect","Escape Plan"],"picked":"Deadly Poison","floor":4},{"not_picked":["Endless Agony","Crippling Poison"],"picked":"Dash","floor":5},{"not_picked":["Reflex","Underhanded Strike","Flechettes"],"picked":"SKIP","floor":7},{"not_picked":["Predator","Choke"],"picked":"Dash","floor":11},{"not_picked":["Distraction","Infinite Blades"],"picked":"Catalyst","floor":13},{"not_picked":["Terror","Calculated Gamble"],"picked":"Escape Plan","floor":14}],"player_experience":1295951,"relics_obtained":[{"floor":7,"key":"WingedGreaves"},{"floor":9,"key":"Ornamental Fan"},{"floor":11,"key":"Smiling Mask"},{"floor":14,"key":"Strawberry"}],"event_choices":[{"damage_healed":0,"gold_gain":75,"player_choice":"Gather Gold","damage_taken":11,"max_hp_gain":0,"max_hp_loss":0,"event_name":"World of Goop","floor":2,"gold_loss":0},{"cards_removed":["Strike_G"],"damage_healed":0,"gold_gain":0,"player_choice":"Offered Basic","damage_taken":0,"max_hp_gain":0,"max_hp_loss":0,"event_name":"Bonfire Elementals","floor":12,"gold_loss":0}],"is_beta":false,"boss_relics":[],"items_purged_floors":[],"is_endless":false,"potions_floor_spawned":[1,3,5,13],"killed_by":"The Guardian","ascension_level":20}