{"gold_per_floor":[111,123,134,144,12,41,91,91,91,91,91,119,133,151,151,151],"floor_reached":16,"playtime":1148,"items_purged":["Strike_G"],"score":224,"play_id":"d3fa3f2e-c6bc-432c-ae7c-e6b2a91162e3","local_time":"20190303221512","is_ascension_mode":true,"campfire_choices":[{"data":"Neutralize","floor":8,"key":"SMITH"},{"floor":11,"key":"REST"},{"data":"Dash","floor":15,"key":"SMITH"}],"neow_cost":"NONE","seed_source_timestamp":1570460505315100,"circlet_count":0,"master_deck":["AscendersBane","Defend_G","Defend_G","Defend_G","Defend_G","Defend_G","Strike_G","Strike_G","Strike_G","Strike_G","Survivor","Neutralize+1","Dash+1","Poisoned Stab","Well Laid Plans","Quick Slash","PiercingWail","PiercingWail","Footwork"],"special_seed":0,"relics":["Ring of the Snake","Matryoshka","Blood Vial","Pantograph","Peace Pipe"],"potions_floor_usage":[6,12,16],"damage_taken":[{"damage":6.0,"enemies":"Jaw Worm","floor":1.0,"turns":7.0},{"damage":2.0,"enemies":"Cultist","floor":2.0,"turns":4.0},{"damage":3,"enemies":"Small Slimes","floor":3,"turns":5},{"damage":7,"enemies":"3 Louse","floor":4,"turns":4},{"damage":18,"enemies":"Lagavulin","floor":6,"turns":9},{"damage":21,"enemies":"Gremlin Nob","floor":12,"turns":4},{"damage":0,"enemies":"Exordium Wildlife","floor":13,"turns":4},{"damage":6,"enemies":"Large Slime","floor":14,"turns":6},{"damage":57,"enemies":"Hexaghost","floor":16,"turns":14}],"seed_played":"9209341954499032123","potions_obtained":[{"floor":2.0,"key":"SkillPotion"},{"floor":6,"key":"AttackPotion"},{"floor":13,"key":"Strength Potion"}],"is_trial":false,"path_per_floor":["M","M","M","M","$","E","?","R","T","$","R","E","M","M","R","B"],"character_chosen":"THE_SILENT","items_purchased":["PiercingWail"],"campfire_rested":1,"item_purchase_floors":[5],"current_hp_per_floor":[59,57,54,47,47,29,29,29,29,29,50,31,33,29,29,0],"gold":151,"neow_bonus":"TEN_PERCENT_HP_BONUS","is_prod":false,"is_daily":false,"chose_seed":false,"campfire_upgraded":2,"win_rate":0,"timestamp":1551651312,"path_taken":["M","M","M","M","$","E","?","R","T","?","R","E","M","M","R","BOSS"],"build_version":"2019-01-23","purchased_purges":1,"victory":false,"max_hp_per_floor":[72,72,72,72,72,72,72,72,72,72,72,72,72,72,72,72],"card_choices":[{"not_picked":["Poisoned Stab","Deadly Poison"],"picked":"Dash","floor":1.0},{"not_picked":["PiercingWail","Concentrate"],"picked":"Poisoned Stab","floor":2.0},{"not_picked":["Leg Sweep","Infinite Blades"],"picked":"Well Laid Plans","floor":3},{"not_picked":["Sucker Punch","Underhanded Strike"],"picked":"Quick Slash","floor":4},{"not_picked":["Accuracy","Unload"],"picked":"PiercingWail","floor":6},{"not_picked":["Acrobatics","Deflect"],"picked":"Footwork","floor":12},{"not_picked":["Setup","Flying Knee","Dodge and Roll"],"picked":"SKIP","floor":13},{"not_picked":["Prepared","Underhanded Strike","Flying Knee"],"picked":"SKIP","floor":14}],"player_experience":1277085,"relics_obtained":[{"floor":6,"key":"Matryoshka"},{"floor":9,"key":"Blood Vial"},{"floor":9,"key":"Pantograph"},{"floor":12,"key":"Peace Pipe"}],"event_choices":[{"damage_healed":0,"gold_gain":50,"player_choice":"Pray","damage_taken":0,"max_hp_gain":0,"max_hp_loss":0,"event_name":"Golden Shrine","floor":7,"gold_loss":0}],"is_beta":false,"boss_relics":[],"items_purged_floors":[5],"is_endless":false,"potions_floor_spawned":[2,6,13],"killed_by":"Hexaghost","ascension_level":20}