{"gold_per_floor":[362,375,118,193,29,29,48,63,63,63,28,28,28,57,57,134,134,151,151,31],"floor_reached":20,"playtime":854,"items_purged":[],"score":340,"play_id":"eb5197d2-fbd3-4036-95d7-206ff9f49ca7","local_time":"20190226224025","is_ascension_mode":true,"campfire_choices":[{"floor":6,"key":"REST"},{"data":"Noxious Fumes","floor":13,"key":"SMITH"},{"data":"Caltrops","floor":15,"key":"SMITH"}],"neow_cost":"PERCENT_DAMAGE","seed_source_timestamp":1140294705575119,"circlet_count":0,"master_deck":["AscendersBane","Defend_G","Defend_G","Defend_G","Defend_G","Defend_G","Strike_G","Strike_G","Strike_G","Strike_G","Strike_G","Survivor","Neutralize","Backstab","Caltrops+1","Adrenaline","Catalyst","Noxious Fumes+1","Dodge and Roll+1","Wraith Form v2","Dodge and Roll+1","Noxious Fumes+1"],"relics":["Ring of the Snake","Snake Skull","Toxic Egg 2","Bronze Scales","Blood Vial","Black Star"],"potions_floor_usage":[14,16],"damage_taken":[{"damage":1,"enemies":"Small Slimes","floor":1,"turns":3},{"damage":10,"enemies":"2 Louse","floor":2,"turns":4},{"damage":0,"enemies":"Cultist","floor":7,"turns":3},{"damage":10,"enemies":"Gremlin Gang","floor":8,"turns":6},{"damage":15,"enemies":"Lagavulin","floor":14,"turns":6},{"damage":26,"enemies":"The Guardian","floor":16,"turns":10},{"damage":25,"enemies":"Shell Parasite","floor":18,"turns":6},{"damage":47,"enemies":"2 Thieves","floor":20,"turns":3}],"seed_played":"-5224034073945568966","potions_obtained":[{"floor":7,"key":"SpeedPotion"},{"floor":8,"key":"Weak Potion"}],"is_trial":false,"path_per_floor":["M","M","$","?","$","R","M","M","T","?","?","?","R","E","R","B",null,"M","?","M"],"character_chosen":"THE_SILENT","items_purchased":["Snake Skull","Caltrops","Adrenaline"],"campfire_rested":1,"item_purchase_floors":[3,3,5],"current_hp_per_floor":[43,33,33,33,33,52,52,42,42,47,64,59,59,44,44,20,58,35,35,0],"gold":31,"neow_bonus":"TWO_FIFTY_GOLD","is_prod":false,"is_daily":false,"chose_seed":false,"campfire_upgraded":2,"win_rate":0,"timestamp":1551220825,"path_taken":["M","M","$","?","$","R","M","M","T","?","?","?","R","E","R","BOSS","M","?","?"],"build_version":"2019-01-23","purchased_purges":0,"victory":false,"max_hp_per_floor":[66,66,66,66,66,66,66,66,66,71,71,71,71,71,71,71,71,71,71,71],"card_choices":[{"not_picked":["Underhanded Strike","Outmaneuver","Bane"],"picked":"SKIP","floor":1},{"not_picked":["Slice","Outmaneuver"],"picked":"Backstab","floor":2},{"not_picked":["Dagger Spray","Backflip"],"picked":"Catalyst","floor":7},{"not_picked":["Outmaneuver","Escape Plan"],"picked":"Noxious Fumes","floor":8},{"not_picked":["Poisoned Stab","Bullet Time+1"],"picked":"Dodge and Roll+1","floor":14},{"not_picked":["Tools of the Trade","After Image"],"picked":"Wraith Form v2","floor":16},{"not_picked":["Predator","Reflex+1"],"picked":"Dodge and Roll+1","floor":18}],"player_experience":1215510,"relics_obtained":[{"floor":9,"key":"Toxic Egg 2"},{"floor":14,"key":"Blood Vial"}],"event_choices":[{"damage_healed":0,"gold_gain":75,"player_choice":"Gained Gold","damage_taken":0,"max_hp_gain":0,"max_hp_loss":0,"event_name":"Golden Wing","floor":4,"gold_loss":0},{"damage_healed":0,"gold_gain":0,"player_choice":"Donut","damage_taken":0,"max_hp_gain":5,"max_hp_loss":0,"event_name":"Big Fish","floor":10,"gold_loss":0},{"damage_healed":17,"gold_gain":0,"player_choice":"Healed","damage_taken":0,"max_hp_gain":0,"max_hp_loss":0,"event_name":"The Cleric","floor":11,"gold_loss":35},{"damage_healed":0,"gold_gain":0,"player_choice":"Success","damage_taken":5,"relics_obtained":["Bronze Scales"],"max_hp_gain":0,"max_hp_loss":0,"event_name":"Scrap Ooze","floor":12,"gold_loss":0},{"damage_healed":0,"gold_gain":0,"player_choice":"Copied","damage_taken":0,"max_hp_gain":0,"max_hp_loss":0,"event_name":"Duplicator","floor":19,"gold_loss":0,"cards_obtained":["Noxious Fumes"]}],"is_beta":false,"boss_relics":[{"not_picked":["Busted Crown","Snecko Eye"],"picked":"Black Star"}],"items_purged_floors":[],"is_endless":false,"potions_floor_spawned":[7,8],"killed_by":"2 Thieves","ascension_level":20}