{"gold_per_floor":[116,128,30,30,44,44,79,89,170,201,201,217,237,256,256,329,329,340,352,277,293,134,134,134,134,215,242,242,274,274,299,299,376,376,392,53,53,53,0,31,31,31,55,55,68,83,83,102,102,102,102],"floor_reached":51,"playtime":3086,"items_purged":["Strike_G","Regret"],"score":1386,"play_id":"40936dcc-1315-4f6b-b082-dd340f9c9863","local_time":"20190306214829","is_ascension_mode":true,"campfire_choices":[{"data":"Dagger Spray","floor":6.0,"key":"SMITH"},{"floor":11.0,"key":"REST"},{"data":"Noxious Fumes","floor":15.0,"key":"SMITH"},{"data":"Crippling Poison","floor":23,"key":"SMITH"},{"floor":25,"key":"REST"},{"data":"Footwork","floor":28,"key":"SMITH"},{"floor":30,"key":"REST"},{"floor":32,"key":"REST"},{"floor":41,"key":"REST"},{"data":"Caltrops","floor":44,"key":"SMITH"},{"floor":49,"key":"RECALL"}],"neow_cost":"NONE","seed_source_timestamp":0,"circlet_count":0,"master_deck":["AscendersBane","Defend_G","Defend_G","Defend_G","Defend_G","Defend_G","Survivor","Neutralize+1","Dash","Flash of Steel","Dagger Spray+1","Die Die Die","Crippling Poison+1","Backflip","Noxious Fumes+1","Leg Sweep","Escape Plan","Malaise","Dagger Spray+1","Backstab","Footwork+1","Parasite","Escape Plan","Eviscerate+1","Noxious Fumes+1","Outmaneuver+1","Acrobatics","Caltrops+1","Shame","Dodge and Roll","Blur"],"special_seed":0,"relics":["Ring of the Snake","Gambling Chip","Darkstone Periapt","Ancient Tea Set","Cursed Key","Unceasing Top","The Courier","Bronze Scales","Calipers","Oddly Smooth Stone","Astrolabe","Kunai","Red Mask","Happy Flower"],"potions_floor_usage":[31,31,33,50,50],"damage_taken":[{"damage":1.0,"enemies":"Cultist","floor":1.0,"turns":5.0},{"damage":0.0,"enemies":"Small Slimes","floor":2.0,"turns":3.0},{"damage":4.0,"enemies":"Jaw Worm","floor":5.0,"turns":3.0},{"damage":35.0,"enemies":"3 Sentries","floor":7.0,"turns":9.0},{"damage":3.0,"enemies":"Large Slime","floor":8.0,"turns":6.0},{"damage":8.0,"enemies":"Gremlin Nob","floor":10.0,"turns":3.0},{"damage":0.0,"enemies":"Blue Slaver","floor":12.0,"turns":3.0},{"damage":1.0,"enemies":"Looter","floor":13.0,"turns":3.0},{"damage":0.0,"enemies":"2 Fungi Beasts","floor":14.0,"turns":3.0},{"damage":14.0,"enemies":"Hexaghost","floor":16.0,"turns":11.0},{"damage":9,"enemies":"Shell Parasite","floor":18,"turns":7},{"damage":6,"enemies":"Chosen","floor":19,"turns":6},{"damage":13,"enemies":"Shelled Parasite and Fungi","floor":21,"turns":6},{"damage":9,"enemies":"Slavers","floor":27,"turns":4},{"damage":7,"enemies":"Book of Stabbing","floor":29,"turns":5},{"damage":14,"enemies":"Slavers","floor":31,"turns":5},{"damage":67,"enemies":"Champ","floor":33,"turns":17},{"damage":3,"enemies":"3 Shapes","floor":35,"turns":6},{"damage":15,"enemies":"Nemesis","floor":40,"turns":11},{"damage":11,"enemies":"3 Darklings","floor":45,"turns":3},{"damage":40,"enemies":"Spire Growth","floor":46,"turns":8},{"damage":36,"enemies":"Maw","floor":48,"turns":8},{"damage":11,"enemies":"Donu and Deca","floor":50,"turns":9},{"damage":27,"enemies":"Time Eater","floor":51,"turns":3}],"seed_played":"8142208429156569746","potions_obtained":[{"floor":1.0,"key":"Strength Potion"},{"floor":7.0,"key":"Weak Potion"},{"floor":10.0,"key":"Energy Potion"},{"floor":12.0,"key":"GamblersBrew"},{"floor":14.0,"key":"Dexterity Potion"},{"floor":16.0,"key":"FearPotion"},{"floor":18,"key":"PowerPotion"},{"floor":31,"key":"PowerPotion"},{"floor":33,"key":"SpeedPotion"},{"floor":35,"key":"EssenceOfSteel"}],"is_trial":false,"path_per_floor":["M","M","$","?","M","R","E","M","T","E","R","M","M","M","R","B",null,"M","M","?","M","$","R","T","R","T","E","R","E","R","E","R","B",null,"M","$","?","?","?","E","R","$","T","R","M","M","?","M","R","B","B"],"character_chosen":"THE_SILENT","items_purchased":["Flash of Steel","Footwork","Kunai","Caltrops"],"campfire_rested":5,"item_purchase_floors":[3,22,36,36],"current_hp_per_floor":[64,64,64,64,60,60,25,22,22,14,35,35,34,34,34,20,59,50,44,44,31,31,31,37,60,66,57,57,50,75,61,84,17,67,64,64,64,64,64,49,74,74,80,80,69,29,74,38,38,27,0],"gold":102,"neow_bonus":"TEN_PERCENT_HP_BONUS","is_prod":false,"is_daily":false,"chose_seed":false,"campfire_upgraded":5,"win_rate":0,"timestamp":1551908909,"path_taken":["M","M","$","?","M","R","E","M","T","E","R","?","M","M","R","BOSS","M","M","?","M","$","R","?","R","T","E","R","E","R","E","R","BOSS","M","$","?","?","?","E","R","$","T","R","M","M","?","M","R","BOSS","BOSS"],"build_version":"2019-01-23","purchased_purges":2,"victory":false,"max_hp_per_floor":[72,72,72,72,72,72,72,72,72,72,72,72,72,72,72,72,72,72,72,72,72,72,72,78,78,84,84,84,84,84,84,84,84,84,84,84,84,84,84,84,84,84,90,90,90,90,74,74,74,74,74],"card_choices":[{"not_picked":["Catalyst","Cloak And Dagger"],"picked":"Dash","floor":1.0},{"not_picked":["Riddle With Holes","Calculated Gamble","Slice"],"picked":"SKIP","floor":2.0},{"not_picked":["Endless Agony","Setup"],"picked":"Dagger Spray","floor":5.0},{"not_picked":["Underhanded Strike","Bane"],"picked":"Die Die Die","floor":7.0},{"not_picked":["Dodge and Roll","Poisoned Stab"],"picked":"Crippling Poison","floor":8.0},{"not_picked":["Poisoned Stab","Outmaneuver"],"picked":"Backflip","floor":10.0},{"not_picked":["Leg Sweep","Underhanded Strike"],"picked":"Noxious Fumes","floor":12.0},{"not_picked":["Acrobatics","Poisoned Stab"],"picked":"Leg Sweep","floor":13.0},{"not_picked":["Calculated Gamble","Tools of the Trade"],"picked":"Escape Plan","floor":14.0},{"not_picked":["Doppelganger","Unload"],"picked":"Malaise","floor":16.0},{"not_picked":["Setup","PiercingWail"],"picked":"Dagger Spray+1","floor":18},{"not_picked":["Tactician","Outmaneuver+1"],"picked":"Backstab","floor":19},{"not_picked":["Flechettes+1","Expertise","Dodge and Roll"],"picked":"SKIP","floor":21},{"not_picked":["Flechettes","Dash","Poisoned Stab"],"picked":"SKIP","floor":27},{"not_picked":["Die Die Die","Masterful Stab"],"picked":"Escape Plan","floor":29},{"not_picked":["Slice","Underhanded Strike","Skewer"],"picked":"SKIP","floor":31},{"not_picked":["Phantasmal Killer","Die Die Die"],"picked":"Envenom","floor":33},{"not_picked":["Blade Dance","Cloak And Dagger"],"picked":"Acrobatics","floor":35},{"not_picked":["Expertise+1","Dagger Throw","Poisoned Stab"],"picked":"SKIP","floor":40},{"not_picked":["Dagger Spray","Poisoned Stab"],"picked":"Dodge and Roll","floor":45},{"not_picked":["Outmaneuver","Poisoned Stab","Dagger Spray"],"picked":"SKIP","floor":46},{"not_picked":["Deflect","Dash+1"],"picked":"Blur","floor":48}],"player_experience":1288262,"relics_obtained":[{"floor":7.0,"key":"Gambling Chip"},{"floor":9.0,"key":"Darkstone Periapt"},{"floor":10.0,"key":"Ancient Tea Set"},{"floor":24,"key":"Unceasing Top"},{"floor":26,"key":"The Courier"},{"floor":27,"key":"Bronze Scales"},{"floor":29,"key":"Calipers"},{"floor":31,"key":"Oddly Smooth Stone"},{"floor":40,"key":"Happy Flower"}],"event_choices":[{"damage_healed":0.0,"max_hp_gain":0.0,"max_hp_loss":0.0,"gold_gain":0.0,"event_name":"Upgrade Shrine","player_choice":"Upgraded","floor":4.0,"gold_loss":0.0,"damage_taken":0.0,"cards_upgraded":["Neutralize"]},{"cards_removed":["Strike_G"],"damage_healed":0,"gold_gain":0,"player_choice":"Gave Gold","damage_taken":0,"max_hp_gain":0,"max_hp_loss":0,"event_name":"Beggar","floor":20,"gold_loss":75},{"damage_healed":0,"gold_gain":0,"player_choice":"Ignored","damage_taken":0,"max_hp_gain":0,"max_hp_loss":0,"event_name":"Mysterious Sphere","floor":37,"gold_loss":0},{"cards_removed":["Envenom"],"damage_healed":0,"gold_gain":0,"player_choice":"Removed Power","damage_taken":0,"max_hp_gain":0,"max_hp_loss":0,"event_name":"Falling","floor":38,"gold_loss":0},{"damage_healed":0,"gold_gain":0,"player_choice":"Paid","damage_taken":0,"relics_obtained":["Red Mask"],"max_hp_gain":0,"max_hp_loss":0,"event_name":"Tomb of Lord Red Mask","floor":39,"gold_loss":53},{"damage_healed":74,"gold_gain":0,"player_choice":"Heal","damage_taken":0,"max_hp_gain":0,"max_hp_loss":16,"event_name":"The Moai Head","floor":47,"gold_loss":0}],"is_beta":false,"boss_relics":[{"not_picked":["Orrery","Lizard Tail"],"picked":"Cursed Key"},{"not_picked":["Black Star","Eternal Feather"],"picked":"Astrolabe"}],"items_purged_floors":[22,36],"is_endless":false,"potions_floor_spawned":[1,7,10,12,14,16,18,21,29,31,33,35],"killed_by":"Time Eater","ascension_level":20}