{"gold_per_floor":[213,229,5,5,5,5,39,39,39,74,74,100,100,116,116,116],"floor_reached":16,"playtime":1289,"items_purged":[],"score":232,"play_id":"ec91d515-9eca-4325-9bf1-e1f639fee78d","local_time":"20190302124539","is_ascension_mode":true,"campfire_choices":[{"data":"Poisoned Stab","floor":6,"key":"SMITH"},{"floor":8,"key":"REST"},{"data":"All Out Attack","floor":13,"key":"SMITH"},{"data":"Neutralize","floor":15,"key":"SMITH"}],"neow_cost":"NONE","seed_source_timestamp":1449774935731224,"circlet_count":0,"master_deck":["AscendersBane","Defend_G","Defend_G","Defend_G","Defend_G","Defend_G","Strike_G","Strike_G","Strike_G","Strike_G","Strike_G","Survivor","Neutralize+1","Poisoned Stab+1","All Out Attack+1","Deadly Poison"],"relics":["Ring of the Snake","Sling","Bag of Marbles","Dead Branch","Calipers","Ninja Scroll","Torii","Omamori"],"potions_floor_usage":[16],"damage_taken":[{"damage":4,"enemies":"Jaw Worm","floor":1,"turns":6},{"damage":4,"enemies":"Small Slimes","floor":2,"turns":3},{"damage":22,"enemies":"Lagavulin","floor":7,"turns":5},{"damage":12,"enemies":"3 Sentries","floor":10,"turns":5},{"damage":1,"enemies":"Lagavulin","floor":12,"turns":3},{"damage":0,"enemies":"Cultist","floor":14,"turns":2},{"damage":37,"enemies":"Slime Boss","floor":16,"turns":8}],"seed_played":"4921453588440555779","potions_obtained":[{"floor":10,"key":"Ancient Potion"},{"floor":12,"key":"GamblersBrew"},{"floor":14,"key":"SpeedPotion"}],"is_trial":false,"path_per_floor":["M","M","$","?","T","R","E","R","T","E","?","E","R","M","R","B"],"character_chosen":"THE_SILENT","items_purchased":["Sling"],"campfire_rested":1,"item_purchase_floors":[3],"current_hp_per_floor":[55,51,51,56,56,56,34,55,55,43,38,37,37,37,37,0],"gold":116,"neow_bonus":"HUNDRED_GOLD","is_prod":false,"is_daily":false,"chose_seed":false,"campfire_upgraded":3,"win_rate":0,"timestamp":1551530739,"path_taken":["M","M","$","?","?","R","E","R","T","E","?","E","R","M","R","BOSS"],"build_version":"2019-01-23","purchased_purges":0,"victory":false,"max_hp_per_floor":[66,66,66,71,71,71,71,71,71,71,71,71,71,71,71,71],"card_choices":[{"not_picked":["Outmaneuver","Setup"],"picked":"Poisoned Stab","floor":1},{"not_picked":["Sucker Punch","Blade Dance"],"picked":"All Out Attack","floor":2},{"not_picked":["Terror","Accuracy"],"picked":"Deadly Poison","floor":7},{"not_picked":["Reflex","Acrobatics","Accuracy"],"picked":"SKIP","floor":10},{"not_picked":["Deflect","Phantasmal Killer","Quick Slash"],"picked":"SKIP","floor":12},{"not_picked":["Slice","Masterful Stab","Poisoned Stab"],"picked":"SKIP","floor":14}],"player_experience":1242904,"relics_obtained":[{"floor":5,"key":"Bag of Marbles"},{"floor":7,"key":"Dead Branch"},{"floor":9,"key":"Calipers"},{"floor":10,"key":"Ninja Scroll"},{"floor":12,"key":"Omamori"}],"event_choices":[{"damage_healed":0,"gold_gain":0,"player_choice":"Donut","damage_taken":0,"max_hp_gain":5,"max_hp_loss":0,"event_name":"Big Fish","floor":4,"gold_loss":0},{"damage_healed":0,"gold_gain":0,"player_choice":"Success","damage_taken":5,"relics_obtained":["Torii"],"max_hp_gain":0,"max_hp_loss":0,"event_name":"Scrap Ooze","floor":11,"gold_loss":0}],"is_beta":false,"boss_relics":[],"items_purged_floors":[],"is_endless":false,"potions_floor_spawned":[10,12,14],"killed_by":"Slime Boss","ascension_level":20}