{"gold_per_floor":[116,116,140,55,55,55,90,90,117,137,158,202,202,202,202,297,297,316,44,44,68,68,68,103,103],"floor_reached":25,"playtime":1283,"items_purged":[],"score":504,"play_id":"6ccd2797-d17b-4ab6-975f-62be87103818","local_time":"20190304000533","is_ascension_mode":true,"campfire_choices":[{"data":"Bouncing Flask","floor":8,"key":"SMITH"},{"floor":13,"key":"REST"},{"floor":15,"key":"REST"},{"floor":23,"key":"REST"}],"neow_cost":"NONE","seed_source_timestamp":1576974116589320,"circlet_count":0,"master_deck":["AscendersBane","Defend_G","Defend_G","Defend_G","Defend_G","Defend_G","Strike_G","Strike_G","Strike_G","Strike_G","Survivor","Neutralize+1","Bouncing Flask+1","Well Laid Plans","Footwork","Catalyst","Grand Finale","Burst","Acrobatics","Dagger Throw","PiercingWail+1"],"relics":["Ring of the Snake","NeowsBlessing","Golden Idol","The Courier","Smiling Mask","Prayer Wheel","Busted Crown","Meat on the Bone","Gremlin Horn"],"potions_floor_usage":[10,24,24],"damage_taken":[{"damage":0,"enemies":"Cultist","floor":1,"turns":1},{"damage":0,"enemies":"2 Louse","floor":3,"turns":1},{"damage":0,"enemies":"Lagavulin","floor":7,"turns":1},{"damage":1,"enemies":"Small Slimes","floor":10,"turns":7},{"damage":0,"enemies":"Blue Slaver","floor":11,"turns":4},{"damage":49,"enemies":"3 Sentries","floor":12,"turns":13},{"damage":23,"enemies":"Hexaghost","floor":16,"turns":9},{"damage":13,"enemies":"Chosen","floor":18,"turns":8},{"damage":20,"enemies":"Shell Parasite","floor":21,"turns":6},{"damage":39,"enemies":"Book of Stabbing","floor":24,"turns":7},{"damage":28,"enemies":"Cultist and Chosen","floor":25,"turns":3}],"seed_played":"5490946136084328862","potions_obtained":[{"floor":1,"key":"Regen Potion"},{"floor":7,"key":"SpeedPotion"},{"floor":12,"key":"Swift Potion"}],"is_trial":false,"path_per_floor":["M","?","M","$","?","$","E","R","T","M","M","E","R","?","R","B",null,"M","$","?","M","?","R","E","M"],"character_chosen":"THE_SILENT","items_purchased":["Well Laid Plans","Meat on the Bone","Dagger Throw"],"campfire_rested":3,"item_purchase_floors":[4,19,19],"current_hp_per_floor":[59,36,36,36,36,36,36,36,36,50,50,1,20,20,39,16,54,41,41,41,33,33,52,25,0],"gold":103,"neow_bonus":"THREE_ENEMY_KILL","is_prod":false,"is_daily":false,"chose_seed":false,"campfire_upgraded":1,"win_rate":0,"timestamp":1551657933,"path_taken":["M","?","M","$","?","$","E","R","T","M","M","E","R","?","R","BOSS","M","$","?","M","?","R","E","M"],"build_version":"2019-01-23","purchased_purges":0,"victory":false,"max_hp_per_floor":[66,66,66,66,66,66,66,66,66,66,66,66,66,66,66,66,66,66,66,66,66,66,66,66,66],"card_choices":[{"not_picked":["All Out Attack","Bane"],"picked":"Bouncing Flask","floor":1},{"not_picked":["All Out Attack","Slice","Sucker Punch"],"picked":"SKIP","floor":3},{"not_picked":["Infinite Blades","Escape Plan"],"picked":"Footwork","floor":7},{"not_picked":["Calculated Gamble","Finisher","Blade Dance"],"picked":"SKIP","floor":10},{"not_picked":["Dash","Poisoned Stab"],"picked":"Catalyst","floor":11},{"not_picked":["Underhanded Strike","Well Laid Plans","Prepared"],"picked":"SKIP","floor":12},{"not_picked":["Bullet Time","After Image"],"picked":"Burst","floor":16},{"not_picked":[],"picked":"Acrobatics","floor":18},{"not_picked":["Cloak And Dagger"],"picked":"SKIP","floor":18},{"not_picked":[],"picked":"PiercingWail+1","floor":21},{"not_picked":["Blade Dance"],"picked":"SKIP","floor":21},{"not_picked":["Prepared"],"picked":"SKIP","floor":24}],"player_experience":1279466,"relics_obtained":[{"floor":7,"key":"The Courier"},{"floor":9,"key":"Smiling Mask"},{"floor":12,"key":"Prayer Wheel"},{"floor":24,"key":"Gremlin Horn"}],"event_choices":[{"damage_healed":0,"gold_gain":0,"player_choice":"Take Damage","damage_taken":23,"relics_obtained":["Golden Idol"],"max_hp_gain":0,"max_hp_loss":0,"event_name":"Golden Idol","floor":2,"gold_loss":0},{"damage_healed":0,"gold_gain":0,"player_choice":"Grow","damage_taken":0,"max_hp_gain":0,"max_hp_loss":0,"event_name":"Living Wall","floor":5,"gold_loss":0,"cards_upgraded":["Neutralize"]},{"damage_healed":0,"gold_gain":0,"cards_transformed":["Strike_G"],"player_choice":"Transformed","damage_taken":0,"max_hp_gain":0,"max_hp_loss":0,"event_name":"Transmorgrifier","floor":14,"gold_loss":0,"cards_obtained":["Grand Finale"]},{"damage_healed":0,"gold_gain":0,"player_choice":"Ignored","damage_taken":0,"max_hp_gain":0,"max_hp_loss":0,"event_name":"The Mausoleum","floor":22,"gold_loss":0}],"is_beta":false,"boss_relics":[{"not_picked":["Snecko Eye","WristBlade"],"picked":"Busted Crown"}],"items_purged_floors":[],"is_endless":false,"potions_floor_spawned":[1,7,12],"killed_by":"Cultist and Chosen","ascension_level":20}