{"gold_per_floor":[112,132,132,132,132,132,156,156,225,256,256,256,280,280,280,280],"floor_reached":16,"playtime":518,"items_purged":[],"score":196,"play_id":"591297e8-298e-4eff-bbfb-0f6966d83b77","local_time":"20190226222559","is_ascension_mode":true,"campfire_choices":[{"floor":6,"key":"REST"},{"data":"Backstab","floor":8,"key":"SMITH"},{"floor":11,"key":"REST"},{"data":"Cloak And Dagger","floor":15,"key":"SMITH"}],"neow_cost":"NONE","seed_source_timestamp":1139765264399867,"circlet_count":0,"master_deck":["AscendersBane","Defend_G","Defend_G","Defend_G","Defend_G","Defend_G+1","Strike_G","Strike_G","Strike_G","Strike_G","Strike_G","Survivor","Neutralize+1","Flying Knee+1","Slice","Backstab+1","Finisher","Deadly Poison","Dash","Cloak And Dagger+1"],"relics":["Ring of the Snake","Golden Idol","Shuriken","Anchor"],"potions_floor_usage":[10],"damage_taken":[{"damage":33,"enemies":"Jaw Worm","floor":1,"turns":10},{"damage":4,"enemies":"Small Slimes","floor":2,"turns":4},{"damage":0,"enemies":"Cultist","floor":7,"turns":4},{"damage":22,"enemies":"Lagavulin","floor":10,"turns":6},{"damage":0,"enemies":"3 Louse","floor":13,"turns":3},{"damage":26,"enemies":"The Guardian","floor":16,"turns":9}],"seed_played":"-8197666709581438041","potions_obtained":[{"floor":1,"key":"SneckoOil"},{"floor":10,"key":"Weak Potion"}],"is_trial":false,"path_per_floor":["M","M","?","?","?","R","M","R","T","E","R","?","M","?","R","B"],"character_chosen":"THE_SILENT","items_purchased":[],"campfire_rested":2,"item_purchase_floors":[],"current_hp_per_floor":[32,28,28,8,8,27,27,27,27,5,24,24,24,24,24,0],"gold":280,"neow_bonus":"TEN_PERCENT_HP_BONUS","is_prod":false,"is_daily":false,"chose_seed":false,"campfire_upgraded":2,"win_rate":0,"timestamp":1551219959,"path_taken":["M","M","?","?","?","R","?","R","T","E","R","?","?","?","R","BOSS"],"build_version":"2019-01-23","purchased_purges":0,"victory":false,"max_hp_per_floor":[72,72,65,65,65,65,65,65,65,65,65,65,65,65,65,65],"card_choices":[{"not_picked":["Eviscerate","Dodge and Roll"],"picked":"Flying Knee","floor":1},{"not_picked":["Well Laid Plans","Underhanded Strike"],"picked":"Slice","floor":2},{"not_picked":["Dagger Throw","PiercingWail"],"picked":"Backstab","floor":7},{"not_picked":["Backflip","Dodge and Roll"],"picked":"Finisher","floor":10},{"not_picked":["Blade Dance","Blur"],"picked":"Cloak And Dagger","floor":13}],"player_experience":1214992,"relics_obtained":[{"floor":9,"key":"Shuriken"},{"floor":10,"key":"Anchor"}],"event_choices":[{"damage_healed":0,"gold_gain":0,"player_choice":"Lose Max HP","damage_taken":0,"relics_obtained":["Golden Idol"],"max_hp_gain":0,"max_hp_loss":7,"event_name":"Golden Idol","floor":3,"gold_loss":0},{"damage_healed":0,"gold_gain":0,"player_choice":"Entered Light","damage_taken":20,"max_hp_gain":0,"max_hp_loss":0,"event_name":"Shining Light","floor":4,"gold_loss":0,"cards_upgraded":["Defend_G","Flying Knee"]},{"damage_healed":0,"gold_gain":0,"player_choice":"Forge","damage_taken":0,"max_hp_gain":0,"max_hp_loss":0,"event_name":"Accursed Blacksmith","floor":5,"gold_loss":0,"cards_upgraded":["Neutralize"]},{"damage_healed":0,"gold_gain":0,"player_choice":"2 cards matched","damage_taken":0,"max_hp_gain":0,"max_hp_loss":0,"event_name":"Match and Keep!","floor":12,"gold_loss":0,"cards_obtained":["Deadly Poison","Dash"]},{"damage_healed":0,"gold_gain":0,"player_choice":"Ignored","damage_taken":0,"max_hp_gain":0,"max_hp_loss":0,"event_name":"Liars Game","floor":14,"gold_loss":0}],"is_beta":false,"boss_relics":[],"items_purged_floors":[],"is_endless":false,"potions_floor_spawned":[1,10],"killed_by":"The Guardian","ascension_level":20}