{"gold_per_floor":[109,32,32,46,58,58,83,83,83,118,118,118],"floor_reached":12,"playtime":354,"items_purged":[],"score":172,"play_id":"0f5275cb-2538-4fd8-82e2-cee24980e4fb","local_time":"20190227235302","is_ascension_mode":true,"campfire_choices":[{"data":"Predator","floor":6.0,"key":"SMITH"},{"data":"Neutralize","floor":8.0,"key":"SMITH"}],"neow_cost":"NONE","seed_source_timestamp":1231497883814158,"circlet_count":0,"master_deck":["AscendersBane","Defend_G","Defend_G","Defend_G","Defend_G","Defend_G","Strike_G","Strike_G","Strike_G","Strike_G","Survivor","Neutralize+1","Deadly Poison","Noxious Fumes+1","Reflex","Predator+1","Burst"],"special_seed":0,"relics":["Ring of the Snake","NeowsBlessing","Nunchaku","Sundial"],"potions_floor_usage":[10,12],"damage_taken":[{"damage":0.0,"enemies":"2 Louse","floor":1.0,"turns":1.0},{"damage":0.0,"enemies":"Cultist","floor":4.0,"turns":1.0},{"damage":0.0,"enemies":"Small Slimes","floor":5.0,"turns":1.0},{"damage":12.0,"enemies":"Lagavulin","floor":7.0,"turns":7.0},{"damage":22,"enemies":"3 Sentries","floor":10,"turns":7},{"damage":36,"enemies":"Gremlin Nob","floor":12,"turns":3}],"seed_played":"-79490940771727414","potions_obtained":[{"floor":4.0,"key":"Energy Potion"},{"floor":10,"key":"FearPotion"}],"is_trial":false,"path_per_floor":["M","$","?","M","M","R","E","R","T","E","?","E"],"character_chosen":"THE_SILENT","items_purchased":["Noxious Fumes"],"campfire_rested":0,"item_purchase_floors":[2],"current_hp_per_floor":[59,59,59,59,59,59,47,47,47,25,25,0],"gold":118,"neow_bonus":"THREE_ENEMY_KILL","is_prod":false,"is_daily":false,"chose_seed":false,"campfire_upgraded":2,"win_rate":0,"timestamp":1551311582,"path_taken":["M","$","?","?","M","R","E","R","T","E","?","E"],"build_version":"2019-01-23","purchased_purges":0,"victory":false,"max_hp_per_floor":[66,66,66,66,66,66,66,66,66,66,66,66],"card_choices":[{"not_picked":["Dodge and Roll","Backflip"],"picked":"Deadly Poison","floor":1.0},{"not_picked":["Prepared","Backflip","Blade Dance"],"picked":"SKIP","floor":4.0},{"not_picked":["Prepared","Backflip","Blade Dance"],"picked":"SKIP","floor":4.0},{"not_picked":["Blade Dance","Quick Slash"],"picked":"Predator","floor":5.0},{"not_picked":["Quick Slash","Blade Dance","Slice"],"picked":"SKIP","floor":7.0},{"not_picked":["Tactician","Bane"],"picked":"Burst","floor":10}],"player_experience":1222257,"relics_obtained":[{"floor":7.0,"key":"Nunchaku"},{"floor":10,"key":"Sundial"}],"event_choices":[{"damage_healed":0.0,"max_hp_gain":0.0,"max_hp_loss":0.0,"gold_gain":0.0,"cards_transformed":["Strike_G"],"event_name":"Transmorgrifier","player_choice":"Transformed","floor":3.0,"gold_loss":0.0,"damage_taken":0.0,"cards_obtained":["Reflex"]},{"damage_healed":0,"gold_gain":0,"player_choice":"Grow","damage_taken":0,"max_hp_gain":0,"max_hp_loss":0,"event_name":"Living Wall","floor":11,"gold_loss":0,"cards_upgraded":["Noxious Fumes"]}],"is_beta":false,"boss_relics":[],"items_purged_floors":[],"is_endless":false,"potions_floor_spawned":[4,10],"killed_by":"Gremlin Nob","ascension_level":20}