{"gold_per_floor":[112,128,108,121,135,135,150,150,175,175,206,221,248,263,263,263],"floor_reached":16,"playtime":1176,"items_purged":[],"score":228,"play_id":"6c568232-d38c-42c1-9a5b-230f56efe67f","local_time":"20190225232946","is_ascension_mode":true,"campfire_choices":[{"data":"Cloak And Dagger","floor":6.0,"key":"SMITH"},{"data":"Neutralize","floor":8.0,"key":"SMITH"},{"data":"Dash","floor":10.0,"key":"SMITH"},{"floor":15,"key":"REST"}],"neow_cost":"PERCENT_DAMAGE","seed_source_timestamp":1056473887093313,"circlet_count":0,"master_deck":["AscendersBane","Defend_G+1","Defend_G+1","Defend_G","Defend_G","Defend_G","Strike_G","Strike_G","Strike_G","Strike_G","Strike_G","Survivor","Neutralize+1","Well Laid Plans","Cloak And Dagger+1","Dash+1","Infinite Blades","Grand Finale","Cloak And Dagger","Dagger Spray"],"special_seed":0,"relics":["Ring of the Snake","Art of War","Lantern","War Paint"],"potions_floor_usage":[13,16],"damage_taken":[{"damage":3.0,"enemies":"Small Slimes","floor":1.0,"turns":6.0},{"damage":7.0,"enemies":"Cultist","floor":2.0,"turns":4.0},{"damage":4.0,"enemies":"Jaw Worm","floor":4.0,"turns":5.0},{"damage":0.0,"enemies":"2 Fungi Beasts","floor":5.0,"turns":4.0},{"damage":2.0,"enemies":"Blue Slaver","floor":7.0,"turns":7.0},{"damage":22.0,"enemies":"3 Sentries","floor":11.0,"turns":10.0},{"damage":0.0,"enemies":"3 Louse","floor":12.0,"turns":3.0},{"damage":8,"enemies":"Gremlin Nob","floor":13,"turns":4},{"damage":3,"enemies":"Exordium Thugs","floor":14,"turns":4},{"damage":37,"enemies":"Slime Boss","floor":16,"turns":7}],"seed_played":"-4197566985563291739","potions_obtained":[{"floor":1.0,"key":"SteroidPotion"},{"floor":2.0,"key":"AttackPotion"},{"floor":13,"key":"Explosive Potion"}],"is_trial":false,"path_per_floor":["M","M","?","M","M","R","M","R","T","R","E","M","E","M","R","B"],"character_chosen":"THE_SILENT","items_purchased":[],"campfire_rested":1,"item_purchase_floors":[],"current_hp_per_floor":[53,46,46,42,42,42,40,40,40,40,18,18,10,7,30,0],"gold":263,"neow_bonus":"TWENTY_PERCENT_HP_BONUS","is_prod":false,"is_daily":false,"chose_seed":false,"campfire_upgraded":3,"win_rate":0,"timestamp":1551137386,"path_taken":["M","M","?","M","M","R","M","R","T","R","E","M","E","M","R","BOSS"],"build_version":"2019-01-23","purchased_purges":0,"victory":false,"max_hp_per_floor":[78,78,78,78,78,78,78,78,78,78,78,78,78,78,78,78],"card_choices":[{"not_picked":["Caltrops","Cloak And Dagger"],"picked":"Well Laid Plans","floor":1.0},{"not_picked":["Slice","Dodge and Roll"],"picked":"Cloak And Dagger","floor":2.0},{"not_picked":["Terror","Poisoned Stab"],"picked":"Dash","floor":4.0},{"not_picked":["Storm of Steel","Setup","Backflip"],"picked":"SKIP","floor":5.0},{"not_picked":["Prepared","Sucker Punch"],"picked":"Infinite Blades","floor":7.0},{"not_picked":["Caltrops","Tactician"],"picked":"Grand Finale","floor":11.0},{"not_picked":["Setup","Quick Slash"],"picked":"Cloak And Dagger","floor":12.0},{"not_picked":["Heel Hook","Eviscerate","Dagger Throw"],"picked":"SKIP","floor":13},{"not_picked":["Blade Dance","Sucker Punch"],"picked":"Dagger Spray","floor":14}],"player_experience":1210299,"relics_obtained":[{"floor":9.0,"key":"Art of War"},{"floor":11.0,"key":"Lantern"},{"floor":13,"key":"War Paint"}],"event_choices":[{"damage_healed":0.0,"max_hp_gain":0.0,"max_hp_loss":0.0,"gold_gain":0.0,"event_name":"The Woman in Blue","player_choice":"Bought 1 Potion","floor":3.0,"gold_loss":0.0,"damage_taken":0.0}],"is_beta":false,"boss_relics":[],"items_purged_floors":[],"is_endless":false,"potions_floor_spawned":[1,2,13],"killed_by":"Slime Boss","ascension_level":20}