{"gold_per_floor":[119,75,89,89,89,116,116,135,135,166,178,197,197,211,211,287,287,301,276,276],"floor_reached":20,"playtime":2545,"items_purged":[],"score":372,"play_id":"2703ea5b-8cf9-44ac-afba-cf874879f5b7","local_time":"20190303112608","is_ascension_mode":true,"campfire_choices":[{"floor":7,"key":"REST"},{"floor":13,"key":"REST"},{"floor":15,"key":"REST"}],"neow_cost":"NONE","seed_source_timestamp":1530101564555385,"circlet_count":0,"master_deck":["AscendersBane","Defend_G+1","Defend_G","Defend_G","Defend_G+1","Defend_G","Strike_G","Strike_G","Strike_G","Strike_G","Strike_G+1","Survivor","Neutralize","Well Laid Plans","Deadly Poison","Leg Sweep","PiercingWail+1","Poisoned Stab","Noxious Fumes","Malaise","Deadly Poison"],"relics":["Ring of the Snake","Dodecahedron","Lantern","War Paint","Black Star"],"potions_floor_usage":[6,10,10,16,20,20],"damage_taken":[{"damage":1,"enemies":"2 Louse","floor":1,"turns":2},{"damage":4,"enemies":"Small Slimes","floor":3,"turns":4},{"damage":19,"enemies":"3 Sentries","floor":6,"turns":11},{"damage":0,"enemies":"Jaw Worm","floor":8,"turns":5},{"damage":36,"enemies":"Gremlin Nob","floor":10,"turns":6},{"damage":0,"enemies":"Large Slime","floor":11,"turns":8},{"damage":0,"enemies":"2 Fungi Beasts","floor":12,"turns":4},{"damage":13,"enemies":"Exordium Thugs","floor":14,"turns":5},{"damage":20,"enemies":"The Guardian","floor":16,"turns":11},{"damage":3,"enemies":"Shell Parasite","floor":18,"turns":8},{"damage":22,"enemies":"2 Thieves","floor":19,"turns":4},{"damage":39,"enemies":"Masked Bandits","floor":20,"turns":4}],"seed_played":"3563515418245851168","potions_obtained":[{"floor":0,"key":"Fire Potion"},{"floor":0,"key":"Block Potion"},{"floor":6,"key":"SneckoOil"},{"floor":11,"key":"Strength Potion"},{"floor":12,"key":"Strength Potion"},{"floor":18,"key":"Swift Potion"}],"is_trial":false,"path_per_floor":["M","$","M","?","?","E","R","M","T","E","M","M","R","M","R","B",null,"M","M","?"],"character_chosen":"THE_SILENT","items_purchased":["Well Laid Plans"],"campfire_rested":3,"item_purchase_floors":[2],"current_hp_per_floor":[58,58,54,34,39,20,41,41,41,5,5,5,26,13,34,14,57,54,32,0],"gold":276,"neow_bonus":"THREE_SMALL_POTIONS","is_prod":false,"is_daily":false,"chose_seed":false,"campfire_upgraded":0,"win_rate":0,"timestamp":1551612368,"path_taken":["M","$","M","?","?","E","R","M","T","E","M","M","R","M","R","BOSS","M","M","?"],"build_version":"2019-01-23","purchased_purges":0,"victory":false,"max_hp_per_floor":[66,66,66,66,71,71,71,71,71,71,71,71,71,71,71,71,71,71,71,71],"card_choices":[{"not_picked":["Blade Dance","Deflect","Slice"],"picked":"SKIP","floor":1},{"not_picked":["Cloak And Dagger","Calculated Gamble","Masterful Stab"],"picked":"SKIP","floor":3},{"not_picked":["Tools of the Trade","Leg Sweep"],"picked":"Deadly Poison","floor":6},{"not_picked":["Well Laid Plans","Endless Agony"],"picked":"Leg Sweep","floor":8},{"not_picked":["Dodge and Roll","Terror"],"picked":"PiercingWail","floor":10},{"not_picked":["Eviscerate","Acrobatics"],"picked":"Poisoned Stab","floor":11},{"not_picked":["Blade Dance","Crippling Poison"],"picked":"Noxious Fumes","floor":12},{"not_picked":["Dodge and Roll","Sucker Punch","Acrobatics"],"picked":"SKIP","floor":14},{"not_picked":["Night Terror","Unload"],"picked":"Malaise","floor":16},{"not_picked":["Slice","Prepared","Poisoned Stab"],"picked":"SKIP","floor":18},{"not_picked":["Tactician","Acrobatics"],"picked":"Deadly Poison","floor":19}],"player_experience":1256886,"relics_obtained":[{"floor":6,"key":"Dodecahedron"},{"floor":9,"key":"Lantern"},{"floor":10,"key":"War Paint"}],"event_choices":[{"damage_healed":0,"gold_gain":0,"player_choice":"Entered Light","damage_taken":20,"max_hp_gain":0,"max_hp_loss":0,"event_name":"Shining Light","floor":4,"gold_loss":0,"cards_upgraded":["Defend_G","Strike_G"]},{"damage_healed":0,"gold_gain":0,"player_choice":"Donut","damage_taken":0,"max_hp_gain":5,"max_hp_loss":0,"event_name":"Big Fish","floor":5,"gold_loss":0},{"damage_healed":0,"gold_gain":0,"player_choice":"Fought Bandits","damage_taken":0,"max_hp_gain":0,"max_hp_loss":0,"event_name":"Masked Bandits","floor":20,"gold_loss":0}],"is_beta":false,"boss_relics":[{"not_picked":["Lizard Tail","Sozu"],"picked":"Black Star"}],"items_purged_floors":[],"is_endless":false,"potions_floor_spawned":[1,6,11,12,14,18],"killed_by":"Masked Bandits","ascension_level":20}