{"gold_per_floor":[111,36,36,36,52,82,101,101,101,101,120,30,44,62,62,136,136,146,166,179,199,4,4],"floor_reached":23,"playtime":2005,"items_purged":["Strike_G"],"score":540,"play_id":"589fa081-5187-47f4-ac35-399cdd104ed8","local_time":"20190305230343","is_ascension_mode":true,"campfire_choices":[{"data":"Skewer","floor":15,"key":"SMITH"}],"neow_cost":"NONE","seed_source_timestamp":0,"circlet_count":0,"master_deck":["AscendersBane","Defend_G","Defend_G","Defend_G","Defend_G","Strike_G","Strike_G","Survivor","Neutralize","After Image","Decay","Skewer+1","Well Laid Plans","Backflip","Crippling Poison","Dagger Spray","Footwork","Blur","Poisoned Stab","A Thousand Cuts","Distraction+1","Bullet Time+1","Endless Agony+1","PiercingWail","Deflect","Blur","Deflect","Footwork","Flechettes"],"special_seed":0,"relics":["Ring of the Snake","NeowsBlessing","Thread and Needle","Bird Faced Urn","Astrolabe"],"potions_floor_usage":[16,18,20,21,23,23],"damage_taken":[{"damage":0.0,"enemies":"Cultist","floor":1.0,"turns":1.0},{"damage":0.0,"enemies":"Jaw Worm","floor":5.0,"turns":1.0},{"damage":0.0,"enemies":"3 Sentries","floor":6.0,"turns":2.0},{"damage":0,"enemies":"2 Louse","floor":7,"turns":3},{"damage":19,"enemies":"Gremlin Gang","floor":11,"turns":4},{"damage":9,"enemies":"Exordium Wildlife","floor":13,"turns":5},{"damage":7,"enemies":"Lots of Slimes","floor":14,"turns":3},{"damage":0,"enemies":"The Guardian","floor":16,"turns":14},{"damage":5,"enemies":"Shell Parasite","floor":18,"turns":5},{"damage":20,"enemies":"Spheric Guardian","floor":19,"turns":10},{"damage":45,"enemies":"Snake Plant","floor":20,"turns":7},{"damage":18,"enemies":"Sentry and Sphere","floor":21,"turns":12},{"damage":16,"enemies":"Slavers","floor":23,"turns":3}],"seed_played":"-6628081065039753778","potions_obtained":[{"floor":5.0,"key":"Dexterity Potion"},{"floor":11,"key":"Dexterity Potion"},{"floor":16,"key":"SneckoOil"},{"floor":18,"key":"EssenceOfSteel"},{"floor":20,"key":"GamblersBrew"},{"floor":21,"key":"SkillPotion"}],"is_trial":false,"path_per_floor":["M","$","?","$","M","E","M","?","T","?","M","$","M","M","R","B",null,"M","M","M","M","$","E"],"character_chosen":"THE_SILENT","items_purchased":["After Image","Footwork","Footwork","Flechettes"],"campfire_rested":0,"item_purchase_floors":[2,12,22,22],"current_hp_per_floor":[59,59,59,59,59,59,59,59,59,59,44,44,41,34,34,40,60,63,51,14,4,4,0],"gold":4,"neow_bonus":"THREE_ENEMY_KILL","is_prod":false,"is_daily":false,"chose_seed":false,"campfire_upgraded":1,"win_rate":0,"timestamp":1551827023,"path_taken":["M","$","?","?","M","E","M","?","T","?","M","$","M","M","R","BOSS","M","M","?","M","$","E"],"build_version":"2019-01-23","purchased_purges":1,"victory":false,"max_hp_per_floor":[66,66,66,66,66,66,66,66,66,66,66,66,66,66,66,66,66,66,66,66,66,66,66],"card_choices":[{"not_picked":["Cloak And Dagger","Bane","Slice"],"picked":"SKIP","floor":1.0},{"not_picked":["Quick Slash","Bane"],"picked":"Skewer","floor":5.0},{"not_picked":["Flying Knee","Slice"],"picked":"Well Laid Plans","floor":6.0},{"not_picked":["Dodge and Roll","Wraith Form v2"],"picked":"Backflip","floor":7},{"not_picked":["Accuracy","Poisoned Stab"],"picked":"Dagger Spray","floor":11},{"not_picked":["Calculated Gamble","Acrobatics"],"picked":"Blur","floor":13},{"not_picked":["Deflect","Outmaneuver"],"picked":"Poisoned Stab","floor":14},{"not_picked":["Burst","Venomology"],"picked":"A Thousand Cuts","floor":16},{"not_picked":["Deflect","Bane"],"picked":"PiercingWail","floor":18},{"not_picked":["Dodge and Roll","Prepared"],"picked":"Deflect","floor":19},{"not_picked":["Choke","Reflex"],"picked":"Blur","floor":20},{"not_picked":["Dagger Throw","Sucker Punch"],"picked":"Deflect","floor":21}],"player_experience":1285828,"relics_obtained":[{"floor":6.0,"key":"Thread and Needle"},{"floor":9,"key":"Bird Faced Urn"}],"event_choices":[{"damage_healed":0.0,"max_hp_gain":0.0,"max_hp_loss":0.0,"gold_gain":0.0,"event_name":"Wheel of Change","player_choice":"Cursed","floor":3.0,"gold_loss":0.0,"damage_taken":0.0,"cards_obtained":["Decay"]},{"damage_healed":0,"gold_gain":0,"player_choice":"Ignored","damage_taken":0,"max_hp_gain":0,"max_hp_loss":0,"event_name":"Liars Game","floor":8,"gold_loss":0},{"damage_healed":0,"gold_gain":0,"player_choice":"1 cards matched","damage_taken":0,"max_hp_gain":0,"max_hp_loss":0,"event_name":"Match and Keep!","floor":10,"gold_loss":0,"cards_obtained":["Crippling Poison"]}],"is_beta":false,"boss_relics":[{"not_picked":["Runic Pyramid","Coffee Dripper"],"picked":"Astrolabe"}],"items_purged_floors":[22],"is_endless":false,"potions_floor_spawned":[5,11,16,18,20,21],"killed_by":"Slavers","ascension_level":20}