{"gold_per_floor":[368,385,385,412,118,118,18,93,93,127,127,162,212,247,247,247],"floor_reached":16,"playtime":826,"items_purged":["Decay"],"score":228,"play_id":"ead452c5-680e-4bd6-aada-08f169bc487f","local_time":"20190303233649","is_ascension_mode":true,"campfire_choices":[{"floor":6.0,"key":"REST"},{"floor":11,"key":"REST"},{"floor":15,"key":"REST"}],"neow_cost":"CURSE","seed_source_timestamp":1575689937337719,"circlet_count":0,"master_deck":["AscendersBane","Defend_G","Defend_G","Defend_G","Defend_G","Defend_G","Strike_G","Strike_G","Strike_G","Strike_G","Strike_G","Survivor","Neutralize","Flying Knee","Dash","Cloak And Dagger","Skewer","Malaise","PiercingWail"],"special_seed":0,"relics":["Ring of the Snake","Omamori","Oddly Smooth Stone","Sling","Potion Belt","Paper Crane","Lantern"],"potions_floor_usage":[14],"damage_taken":[{"damage":24.0,"enemies":"Jaw Worm","floor":1.0,"turns":9.0},{"damage":4.0,"enemies":"Small Slimes","floor":2.0,"turns":6.0},{"damage":8.0,"enemies":"Gremlin Nob","floor":10.0,"turns":4.0},{"damage":19,"enemies":"3 Sentries","floor":12,"turns":8},{"damage":10,"enemies":"Gremlin Nob","floor":14,"turns":4},{"damage":35,"enemies":"Hexaghost","floor":16,"turns":13}],"seed_played":"532988998454531134","potions_obtained":[{"floor":1.0,"key":"Strength Potion"},{"floor":2.0,"key":"SmokeBomb"}],"is_trial":false,"path_per_floor":["M","M","?","T","$","R","$","?","T","E","R","E","?","E","R","B"],"character_chosen":"THE_SILENT","items_purchased":["Sling","Dash","Cloak And Dagger"],"campfire_rested":3,"item_purchase_floors":[5,7,7],"current_hp_per_floor":[35,31,26,26,26,45,45,34,34,26,45,26,26,16,35,0],"gold":247,"neow_bonus":"TWO_FIFTY_GOLD","is_prod":false,"is_daily":false,"chose_seed":false,"campfire_upgraded":0,"win_rate":0,"timestamp":1551656209,"path_taken":["M","M","?","?","$","R","$","?","T","E","R","E","?","E","R","BOSS"],"build_version":"2019-01-23","purchased_purges":1,"victory":false,"max_hp_per_floor":[66,66,66,66,66,66,66,66,66,66,66,66,66,66,66,66],"card_choices":[{"not_picked":["Expertise","Eviscerate"],"picked":"Flying Knee","floor":1.0},{"not_picked":["Masterful Stab","Prepared","Crippling Poison"],"picked":"SKIP","floor":2.0},{"not_picked":["Slice","Dagger Throw"],"picked":"Skewer","floor":10},{"not_picked":["Blade Dance","Tactician"],"picked":"Malaise","floor":12},{"not_picked":["Masterful Stab","Slice"],"picked":"PiercingWail","floor":14}],"player_experience":1278233,"relics_obtained":[{"floor":4.0,"key":"Oddly Smooth Stone"},{"floor":9.0,"key":"Potion Belt"},{"floor":12,"key":"Paper Crane"},{"floor":14,"key":"Lantern"}],"event_choices":[{"damage_healed":0.0,"max_hp_gain":0.0,"max_hp_loss":0.0,"gold_gain":0.0,"event_name":"Scrap Ooze","player_choice":"Success","floor":3.0,"gold_loss":0.0,"damage_taken":5.0,"relics_obtained":["Omamori"]},{"damage_healed":0.0,"max_hp_gain":0.0,"max_hp_loss":0.0,"gold_gain":75.0,"event_name":"World of Goop","player_choice":"Gather Gold","floor":8.0,"gold_loss":0.0,"damage_taken":11.0},{"damage_healed":0,"gold_gain":50,"player_choice":"Gained Gold","damage_taken":0,"max_hp_gain":0,"max_hp_loss":0,"event_name":"Golden Wing","floor":13,"gold_loss":0}],"is_beta":false,"boss_relics":[],"items_purged_floors":[5],"is_endless":false,"potions_floor_spawned":[1,2],"killed_by":"Hexaghost","ascension_level":20}