{"gold_per_floor":[113,33,33,108,108,149,114,114,139,139,159,205,205,240,240,334,334,352,29,22,46,46],"floor_reached":22,"playtime":1469,"items_purged":[],"score":430,"play_id":"5a7fcb5a-b571-48f4-a028-823a2aeb5ef6","local_time":"20190303124428","is_ascension_mode":true,"campfire_choices":[{"data":"Neutralize","floor":8,"key":"SMITH"},{"data":"Flying Knee","floor":10,"key":"SMITH"},{"data":"Deadly Poison","floor":13,"key":"SMITH"},{"floor":15,"key":"REST"}],"neow_cost":"NONE","seed_source_timestamp":1535895925595401,"circlet_count":0,"master_deck":["AscendersBane","Defend_G","Defend_G","Defend_G","Defend_G","Strike_G","Strike_G","Strike_G","Strike_G","Survivor","Neutralize+1","Flying Knee+1","Infinite Blades","Deadly Poison+1","A Thousand Cuts","Leg Sweep","Backstab","Well Laid Plans","Footwork","Blade Dance+1"],"relics":["Ring of the Snake","NeowsBlessing","Golden Idol","Art of War","Pen Nib","Regal Pillow","Singing Bowl","Empty Cage","PreservedInsect"],"potions_floor_usage":[16,20],"damage_taken":[{"damage":0,"enemies":"Jaw Worm","floor":1,"turns":1},{"damage":0,"enemies":"Lagavulin","floor":6,"turns":1},{"damage":0,"enemies":"Small Slimes","floor":11,"turns":1},{"damage":27,"enemies":"Gremlin Nob","floor":14,"turns":4},{"damage":29,"enemies":"Hexaghost","floor":16,"turns":9},{"damage":26,"enemies":"3 Byrds","floor":18,"turns":5},{"damage":14,"enemies":"2 Thieves","floor":20,"turns":4},{"damage":19,"enemies":"Shelled Parasite and Fungi","floor":21,"turns":7},{"damage":14,"enemies":"Centurion and Healer","floor":22,"turns":1}],"seed_played":"2542454553449995367","potions_obtained":[{"floor":14,"key":"FearPotion"},{"floor":16,"key":"Swift Potion"},{"floor":21,"key":"Ancient Potion"}],"is_trial":false,"path_per_floor":["M","$","?","?","?","E","?","R","T","R","M","T","R","E","R","B",null,"M","$","M","M","M"],"character_chosen":"THE_SILENT","items_purchased":["Infinite Blades","PreservedInsect","Backstab","Well Laid Plans"],"campfire_rested":1,"item_purchase_floors":[2,19,19,19],"current_hp_per_floor":[59,59,36,25,30,30,47,47,47,47,47,47,47,22,58,29,62,36,36,22,3,0],"gold":46,"neow_bonus":"THREE_ENEMY_KILL","is_prod":false,"is_daily":false,"chose_seed":false,"campfire_upgraded":3,"win_rate":0,"timestamp":1551617068,"path_taken":["M","$","?","?","?","E","?","R","T","R","?","?","R","E","R","BOSS","M","$","M","M","M"],"build_version":"2019-01-23","purchased_purges":0,"victory":false,"max_hp_per_floor":[66,66,66,66,71,71,71,71,71,71,71,71,71,73,73,73,73,73,73,73,73,73],"card_choices":[{"not_picked":["Quick Slash","Leg Sweep"],"picked":"Flying Knee","floor":1},{"not_picked":["Accuracy","Heel Hook","Distraction"],"picked":"SKIP","floor":6},{"not_picked":["Sucker Punch","Well Laid Plans"],"picked":"Deadly Poison","floor":11},{"not_picked":["Underhanded Strike","Blade Dance","Prepared"],"picked":"Singing Bowl","floor":14},{"not_picked":["Burst","Tools of the Trade"],"picked":"A Thousand Cuts","floor":16},{"not_picked":["Dodge and Roll","Dagger Throw"],"picked":"Leg Sweep","floor":18},{"not_picked":["Outmaneuver","Poisoned Stab"],"picked":"Footwork","floor":20},{"not_picked":["Deflect","Cloak And Dagger"],"picked":"Blade Dance+1","floor":21}],"player_experience":1261730,"relics_obtained":[{"floor":6,"key":"Art of War"},{"floor":9,"key":"Pen Nib"},{"floor":12,"key":"Regal Pillow"},{"floor":14,"key":"Singing Bowl"}],"event_choices":[{"damage_healed":0,"gold_gain":0,"player_choice":"Take Damage","damage_taken":23,"relics_obtained":["Golden Idol"],"max_hp_gain":0,"max_hp_loss":0,"event_name":"Golden Idol","floor":3,"gold_loss":0},{"damage_healed":0,"gold_gain":75,"player_choice":"Gather Gold","damage_taken":11,"max_hp_gain":0,"max_hp_loss":0,"event_name":"World of Goop","floor":4,"gold_loss":0},{"damage_healed":0,"gold_gain":0,"player_choice":"Donut","damage_taken":0,"max_hp_gain":5,"max_hp_loss":0,"event_name":"Big Fish","floor":5,"gold_loss":0},{"damage_healed":17,"gold_gain":0,"player_choice":"Healed","damage_taken":0,"max_hp_gain":0,"max_hp_loss":0,"event_name":"The Cleric","floor":7,"gold_loss":35}],"is_beta":false,"boss_relics":[{"not_picked":["Eternal Feather","Lizard Tail"],"picked":"Empty Cage"}],"items_purged_floors":[],"is_endless":false,"potions_floor_spawned":[14,16,21],"killed_by":"Centurion and Healer","ascension_level":20}