{"gold_per_floor":[118,137,137,151,201,234,234,247,247,217,217,245,245,260,260,334,334,351,368,215,215,228,228,263,263,293,330,342,385,417,429,441,453],"floor_reached":33,"playtime":2180,"items_purged":["Strike_G"],"score":676,"play_id":"29e7aca1-6705-4a92-9e7e-cd0b9a7750c0","local_time":"20190225224250","is_ascension_mode":true,"campfire_choices":[{"floor":7,"key":"REST"},{"data":"Neutralize","floor":11,"key":"SMITH"},{"data":"Malaise","floor":13,"key":"SMITH"},{"floor":15,"key":"REST"},{"floor":23,"key":"REST"},{"floor":25,"key":"REST"},{"data":"Corpse Explosion","floor":28,"key":"SMITH"},{"floor":32,"key":"REST"}],"neow_cost":"NONE","seed_source_timestamp":1052713849484134,"circlet_count":0,"master_deck":["AscendersBane","Defend_G","Defend_G","Defend_G","Defend_G","Defend_G","Strike_G","Strike_G","Strike_G","Strike_G","Survivor","Neutralize+1","Infinite Blades","Deadly Poison+1","Flying Knee","PiercingWail","Well Laid Plans","Malaise+1","Deadly Poison","Corpse Explosion+1","Dodge and Roll","Choke","Dash","Leg Sweep","Backflip","Dagger Spray+1"],"relics":["Ring of the Snake","Regal Pillow","Darkstone Periapt","Matryoshka","Orichalcum","Snecko Eye","Molten Egg 2","Tiny Chest","MawBank","Shuriken","Ancient Tea Set"],"potions_floor_usage":[6,6,16,22,22,29,33],"damage_taken":[{"damage":1,"enemies":"Small Slimes","floor":1,"turns":6},{"damage":4,"enemies":"Jaw Worm","floor":2,"turns":6},{"damage":0,"enemies":"2 Louse","floor":4,"turns":3},{"damage":35,"enemies":"Gremlin Nob","floor":6,"turns":5},{"damage":2,"enemies":"Red Slaver","floor":8,"turns":3},{"damage":32,"enemies":"3 Sentries","floor":12,"turns":10},{"damage":5,"enemies":"3 Louse","floor":14,"turns":6},{"damage":24,"enemies":"The Guardian","floor":16,"turns":9},{"damage":16,"enemies":"2 Thieves","floor":18,"turns":3},{"damage":15,"enemies":"Shell Parasite","floor":19,"turns":10},{"damage":23,"enemies":"Sentry and Sphere","floor":22,"turns":5},{"damage":14,"enemies":"Slavers","floor":24,"turns":4},{"damage":18,"enemies":"Book of Stabbing","floor":27,"turns":5},{"damage":28,"enemies":"Gremlin Leader","floor":29,"turns":7},{"damage":12,"enemies":"Snecko","floor":30,"turns":5},{"damage":60,"enemies":"Champ","floor":33,"turns":12}],"seed_played":"935185157384709345","potions_obtained":[{"floor":1,"key":"SpeedPotion"},{"floor":4,"key":"EssenceOfSteel"},{"floor":10,"key":"PowerPotion"},{"floor":10,"key":"Fire Potion"},{"floor":16,"key":"Poison Potion"},{"floor":24,"key":"Poison Potion"},{"floor":27,"key":"GhostInAJar"}],"is_trial":false,"path_per_floor":["M","M","?","M","T","E","R","M","T","?","R","E","R","M","R","B",null,"M","M","$","?","M","R","E","R","T","E","R","E","M","?","R","B"],"character_chosen":"THE_SILENT","items_purchased":["Choke"],"campfire_rested":5,"item_purchase_floors":[20],"current_hp_per_floor":[64,60,60,60,60,25,61,59,59,59,59,27,27,22,58,34,63,47,32,32,32,9,45,31,67,67,49,49,21,9,9,45,0],"gold":453,"neow_bonus":"TEN_PERCENT_HP_BONUS","is_prod":false,"is_daily":false,"chose_seed":false,"campfire_upgraded":3,"win_rate":0,"timestamp":1551134570,"path_taken":["M","M","?","M","?","E","R","M","T","?","R","E","R","M","R","BOSS","M","M","$","?","M","R","E","R","T","E","R","E","M","?","R","BOSS"],"build_version":"2019-01-23","purchased_purges":1,"victory":false,"max_hp_per_floor":[72,72,72,72,72,72,72,72,72,72,72,72,72,72,72,72,72,72,72,72,72,72,72,72,72,72,72,72,72,72,72,72,72],"card_choices":[{"not_picked":["Reflex","Slice"],"picked":"Infinite Blades","floor":1},{"not_picked":["Outmaneuver","Riddle With Holes"],"picked":"Deadly Poison","floor":2},{"not_picked":["Prepared","Eviscerate"],"picked":"Flying Knee","floor":4},{"not_picked":["Masterful Stab","Outmaneuver"],"picked":"PiercingWail","floor":6},{"not_picked":["Flying Knee","Deadly Poison"],"picked":"Well Laid Plans","floor":8},{"not_picked":["PiercingWail","Prepared"],"picked":"Malaise","floor":12},{"not_picked":["Well Laid Plans","Blade Dance"],"picked":"Deadly Poison","floor":14},{"not_picked":["Storm of Steel","After Image"],"picked":"Corpse Explosion","floor":16},{"not_picked":["Prepared","Eviscerate"],"picked":"Dodge and Roll","floor":18},{"not_picked":["Deflect","All Out Attack","Outmaneuver"],"picked":"SKIP","floor":19},{"not_picked":["Poisoned Stab","Deflect"],"picked":"Leg Sweep","floor":22},{"not_picked":["Heel Hook","Deadly Poison","Flying Knee"],"picked":"SKIP","floor":24},{"not_picked":["Outmaneuver","Sucker Punch+1"],"picked":"Backflip","floor":27},{"not_picked":["Unload+1","Doppelganger","Bane+1"],"picked":"SKIP","floor":29},{"not_picked":["Cloak And Dagger","Dodge and Roll"],"picked":"Dagger Spray+1","floor":30}],"player_experience":1208119,"relics_obtained":[{"floor":5,"key":"Regal Pillow"},{"floor":6,"key":"Darkstone Periapt"},{"floor":9,"key":"Matryoshka"},{"floor":12,"key":"Orichalcum"},{"floor":24,"key":"Molten Egg 2"},{"floor":26,"key":"Tiny Chest"},{"floor":26,"key":"MawBank"},{"floor":27,"key":"Shuriken"},{"floor":29,"key":"Ancient Tea Set"}],"event_choices":[{"damage_healed":0,"gold_gain":0,"player_choice":"Grow","damage_taken":0,"max_hp_gain":0,"max_hp_loss":0,"event_name":"Living Wall","floor":3,"gold_loss":0,"cards_upgraded":["Deadly Poison"]},{"damage_healed":0,"gold_gain":0,"player_choice":"Bought 2 Potions","damage_taken":0,"max_hp_gain":0,"max_hp_loss":0,"event_name":"The Woman in Blue","floor":10,"gold_loss":0},{"damage_healed":0,"gold_gain":0,"player_choice":"Read","damage_taken":0,"max_hp_gain":0,"max_hp_loss":0,"event_name":"The Library","floor":21,"gold_loss":0,"cards_obtained":["Dash"]},{"damage_healed":0,"gold_gain":0,"player_choice":"Ignored","damage_taken":0,"max_hp_gain":0,"max_hp_loss":0,"event_name":"Ghosts","floor":31,"gold_loss":0}],"is_beta":false,"boss_relics":[{"not_picked":["Empty Cage","WristBlade"],"picked":"Snecko Eye"}],"items_purged_floors":[20],"is_endless":false,"potions_floor_spawned":[1,4,16,24,27],"killed_by":"Champ","ascension_level":20}