{"gold_per_floor":[115,115,115,135,46,77,77,107,107,107,125,136,136,147,147,224,224,244,344,344,357,50,50,80,80,104,117,117,137,149,176,176,247,247,264,214,227,227,184,184,109,109,109,143,158,205,237,254,254,254,254],"floor_reached":51,"playtime":3467,"items_purged":["Flechettes"],"score":1556,"play_id":"bd333a22-4a4b-4631-88e3-d0d362e0af18","local_time":"20190302002015","is_ascension_mode":true,"campfire_choices":[{"data":"Dagger Spray","floor":7,"key":"SMITH"},{"data":"Neutralize","floor":10,"key":"SMITH"},{"data":"Malaise","floor":13,"key":"SMITH"},{"data":"Dagger Spray","floor":15,"key":"SMITH"},{"data":"After Image","floor":23,"key":"SMITH"},{"data":"Footwork","floor":25,"key":"SMITH"},{"data":"Distraction","floor":28,"key":"SMITH"},{"floor":32,"key":"REST"},{"floor":40,"key":"RECALL"},{"floor":42,"key":"REST"},{"floor":49,"key":"REST"}],"neow_cost":"NONE","seed_source_timestamp":1402871805281090,"circlet_count":0,"master_deck":["AscendersBane","Survivor","Neutralize+1","PiercingWail","Distraction+1","Choke","Footwork","Dagger Spray+1","Malaise+1","Dagger Spray+1","After Image+1","Deadly Poison","Leg Sweep","Infinite Blades","Flying Knee","Dash","Dagger Throw","Die Die Die","Masterful Stab","Cloak And Dagger","Leg Sweep","After Image","Dodge and Roll","Footwork+1","Caltrops+1","Blur+1","A Thousand Cuts+1","Madness","Madness","Well Laid Plans","Doubt","Envenom","Backflip"],"relics":["Ring of the Snake","NeowsBlessing","Strawberry","Singing Bowl","Letter Opener","Pandora\u0027s Box","Ginger","Paper Crane","Lee\u0027s Waffle","Gambling Chip","Bronze Scales","Ancient Tea Set","Cursed Key","Pen Nib","Peace Pipe","Art of War"],"potions_floor_usage":[8,8,14,21,31,33,44,46],"damage_taken":[{"damage":0,"enemies":"Jaw Worm","floor":1,"turns":1},{"damage":0,"enemies":"Cultist","floor":4,"turns":1},{"damage":0,"enemies":"Gremlin Nob","floor":6,"turns":1},{"damage":8,"enemies":"3 Sentries","floor":8,"turns":7},{"damage":0,"enemies":"2 Louse","floor":11,"turns":3},{"damage":10,"enemies":"Large Slime","floor":12,"turns":7},{"damage":0,"enemies":"Gremlin Gang","floor":14,"turns":3},{"damage":39,"enemies":"The Guardian","floor":16,"turns":16},{"damage":7,"enemies":"Chosen","floor":18,"turns":5},{"damage":32,"enemies":"Colosseum Slavers","floor":19,"turns":5},{"damage":10,"enemies":"Colosseum Nobs","floor":19,"turns":4},{"damage":8,"enemies":"Shell Parasite","floor":21,"turns":5},{"damage":14,"enemies":"Book of Stabbing","floor":24,"turns":10},{"damage":0,"enemies":"Snake Plant","floor":27,"turns":4},{"damage":0,"enemies":"Snecko","floor":29,"turns":6},{"damage":1,"enemies":"Centurion and Healer","floor":30,"turns":6},{"damage":26,"enemies":"Slavers","floor":31,"turns":5},{"damage":26,"enemies":"Champ","floor":33,"turns":18},{"damage":4,"enemies":"3 Shapes","floor":35,"turns":7},{"damage":2,"enemies":"Orb Walker","floor":37,"turns":5},{"damage":0,"enemies":"Reptomancer","floor":44,"turns":7},{"damage":0,"enemies":"Maw","floor":45,"turns":7},{"damage":65,"enemies":"2 Orb Walkers","floor":46,"turns":5},{"damage":4,"enemies":"Nemesis","floor":47,"turns":9},{"damage":5,"enemies":"Jaw Worm Horde","floor":48,"turns":3},{"damage":58,"enemies":"Donu and Deca","floor":50,"turns":11},{"damage":12,"enemies":"Awakened One","floor":51,"turns":1}],"seed_played":"-5616046712811416058","potions_obtained":[{"floor":1,"key":"Explosive Potion"},{"floor":4,"key":"SteroidPotion"},{"floor":11,"key":"Poison Potion"},{"floor":19,"key":"EssenceOfSteel"},{"floor":21,"key":"Dexterity Potion"},{"floor":27,"key":"Explosive Potion"},{"floor":33,"key":"Ancient Potion"},{"floor":35,"key":"SkillPotion"},{"floor":44,"key":"Regen Potion"}],"is_trial":false,"path_per_floor":["M","$","?","M","$","E","R","E","T","R","M","M","R","M","R","B",null,"M","?","?","M","$","R","E","R","T","M","R","M","M","E","R","B",null,"M","?","M","?","$","R","$","R","T","E","M","?","E","M","R","B","B"],"character_chosen":"THE_SILENT","items_purchased":["Footwork","Footwork","Lee\u0027s Waffle","Well Laid Plans"],"campfire_rested":3,"item_purchase_floors":[5,22,22,39],"current_hp_per_floor":[59,59,59,59,59,66,66,60,60,60,62,52,52,52,52,13,61,54,12,12,4,84,84,70,70,70,72,72,74,73,49,76,50,80,78,78,78,61,61,61,61,89,89,89,89,38,36,33,63,5,0],"gold":254,"neow_bonus":"THREE_ENEMY_KILL","is_prod":false,"is_daily":false,"chose_seed":false,"campfire_upgraded":7,"win_rate":0,"timestamp":1551486015,"path_taken":["M","$","?","M","?","E","R","E","T","R","M","?","R","M","R","BOSS","M","?","?","M","$","R","E","R","T","M","R","?","M","E","R","BOSS","M","?","?","?","$","R","$","R","T","E","M","?","E","M","R","BOSS","BOSS"],"build_version":"2019-01-23","purchased_purges":1,"victory":false,"max_hp_per_floor":[66,66,66,66,66,73,73,75,75,75,77,77,77,77,77,77,77,77,77,77,77,84,84,84,84,84,86,86,88,88,90,90,90,90,92,92,94,94,94,94,94,94,94,94,94,96,98,100,100,100,100],"card_choices":[{"not_picked":["Eviscerate","Dodge and Roll"],"picked":"PiercingWail","floor":1},{"not_picked":["Accuracy","Prepared"],"picked":"Choke","floor":4},{"not_picked":["Quick Slash","Acrobatics"],"picked":"Dagger Spray","floor":6},{"not_picked":["Finisher","Slice","Blade Dance"],"picked":"Singing Bowl","floor":8},{"not_picked":["All Out Attack","Poisoned Stab","Underhanded Strike"],"picked":"Singing Bowl","floor":11},{"not_picked":["Slice","Bane"],"picked":"Malaise","floor":12},{"not_picked":["Acrobatics","Poisoned Stab"],"picked":"Dagger Spray","floor":14},{"not_picked":["Grand Finale","Malaise"],"picked":"After Image","floor":16},{"not_picked":["Backflip","Distraction"],"picked":"Cloak And Dagger","floor":18},{"not_picked":["Catalyst","Sucker Punch"],"picked":"Leg Sweep","floor":19},{"not_picked":["Footwork","Riddle With Holes"],"picked":"Dodge and Roll","floor":21},{"not_picked":["Accuracy","Dash"],"picked":"Caltrops+1","floor":24},{"not_picked":["Riddle With Holes","Dagger Spray","Dagger Throw"],"picked":"Singing Bowl","floor":27},{"not_picked":["Outmaneuver","Cloak And Dagger","Poisoned Stab"],"picked":"Singing Bowl","floor":29},{"not_picked":["Venomology","Flechettes"],"picked":"Blur+1","floor":30},{"not_picked":["All Out Attack","Slice","Backflip"],"picked":"Singing Bowl","floor":31},{"not_picked":["Malaise","Adrenaline"],"picked":"A Thousand Cuts","floor":33},{"not_picked":["Distraction","Outmaneuver","Tactician"],"picked":"Singing Bowl","floor":35},{"not_picked":["Dagger Spray","Acrobatics+1","Underhanded Strike+1"],"picked":"Singing Bowl","floor":37},{"not_picked":["Riddle With Holes","Backflip"],"picked":"Envenom","floor":44},{"not_picked":["Crippling Poison+1","Deflect"],"picked":"Backflip","floor":45},{"not_picked":["Acrobatics","Dodge and Roll","Slice"],"picked":"Singing Bowl","floor":46},{"not_picked":["Flying Knee","Caltrops","Outmaneuver"],"picked":"Singing Bowl","floor":47},{"not_picked":["Dagger Throw","Accuracy+1","Terror"],"picked":"Singing Bowl","floor":48}],"player_experience":1239437,"relics_obtained":[{"floor":6,"key":"Strawberry"},{"floor":8,"key":"Singing Bowl"},{"floor":9,"key":"Letter Opener"},{"floor":19,"key":"Ginger"},{"floor":19,"key":"Paper Crane"},{"floor":24,"key":"Gambling Chip"},{"floor":26,"key":"Bronze Scales"},{"floor":31,"key":"Ancient Tea Set"},{"floor":44,"key":"Pen Nib"},{"floor":46,"key":"Peace Pipe"},{"floor":47,"key":"Art of War"}],"event_choices":[{"damage_healed":0,"gold_gain":0,"cards_transformed":["Strike_G"],"player_choice":"Transformed","damage_taken":0,"max_hp_gain":0,"max_hp_loss":0,"event_name":"Transmorgrifier","floor":3,"gold_loss":0,"cards_obtained":["Distraction"]},{"damage_healed":0,"gold_gain":0,"player_choice":"Fight","damage_taken":0,"max_hp_gain":0,"max_hp_loss":0,"event_name":"Colosseum","floor":19,"gold_loss":0},{"damage_healed":0,"gold_gain":0,"player_choice":"Fought Nobs","damage_taken":0,"max_hp_gain":0,"max_hp_loss":0,"event_name":"Colosseum","floor":19,"gold_loss":0},{"damage_healed":0,"gold_gain":0,"player_choice":"Copied","damage_taken":0,"max_hp_gain":0,"max_hp_loss":0,"event_name":"Duplicator","floor":20,"gold_loss":0,"cards_obtained":["After Image"]},{"damage_healed":0,"gold_gain":0,"player_choice":"Upgrade","damage_taken":0,"max_hp_gain":0,"max_hp_loss":0,"event_name":"Designer","floor":36,"gold_loss":50,"cards_upgraded":["A Thousand Cuts"]},{"damage_healed":0,"gold_gain":0,"player_choice":"Embrace Madness","damage_taken":17,"max_hp_gain":0,"max_hp_loss":0,"event_name":"Winding Halls","floor":38,"gold_loss":0,"cards_obtained":["Madness","Madness"]},{"damage_healed":0,"gold_gain":0,"player_choice":"Fight","damage_taken":0,"max_hp_gain":0,"max_hp_loss":0,"event_name":"Mysterious Sphere","floor":46,"gold_loss":0}],"is_beta":false,"boss_relics":[{"not_picked":["Velvet Choker","Tiny House"],"picked":"Pandora\u0027s Box"},{"not_picked":["Orrery","Philosopher\u0027s Stone"],"picked":"Cursed Key"}],"items_purged_floors":[41],"is_endless":false,"potions_floor_spawned":[1,4,11,19,21,27,30,33,35,44],"killed_by":"Awakened One","ascension_level":20}