{"gold_per_floor":[117,134,134,151,168,168,193,193,246,265,283,283,13,13,13,90,90,109,109,31,31,43,43,74,74],"floor_reached":25,"playtime":1266,"items_purged":[],"score":442,"play_id":"1ae7d98c-ec52-483a-81da-0c520a112a97","local_time":"20190301223444","is_ascension_mode":true,"campfire_choices":[{"data":"Neutralize","floor":6.0,"key":"SMITH"},{"data":"Footwork","floor":8,"key":"SMITH"},{"data":"Noxious Fumes","floor":12,"key":"SMITH"},{"floor":15,"key":"REST"},{"floor":23,"key":"REST"}],"neow_cost":"NONE","seed_source_timestamp":1398720621964092,"circlet_count":0,"master_deck":["AscendersBane","Survivor","Neutralize+1","Dagger Throw","Dash","Footwork+1","Escape Plan","Noxious Fumes+1","Malaise","Finisher","Dash","Storm of Steel","Setup","Tactician","Envenom+1","Phantasmal Killer","Crippling Poison","Adrenaline","Blur","Footwork+1","Well Laid Plans+1"],"special_seed":0,"relics":["Ring of the Snake","Dodecahedron","Omamori","Happy Flower","Frozen Egg 2","Pandora\u0027s Box","Enchiridion","Vajra"],"potions_floor_usage":[7,7,16,24,25],"damage_taken":[{"damage":1.0,"enemies":"Small Slimes","floor":1.0,"turns":5.0},{"damage":0.0,"enemies":"Cultist","floor":2.0,"turns":4.0},{"damage":0.0,"enemies":"2 Louse","floor":4.0,"turns":3.0},{"damage":0.0,"enemies":"Exordium Wildlife","floor":5.0,"turns":4.0},{"damage":32,"enemies":"Gremlin Nob","floor":7,"turns":5},{"damage":1,"enemies":"Exordium Thugs","floor":10,"turns":4},{"damage":5,"enemies":"3 Louse","floor":11,"turns":4},{"damage":34,"enemies":"Slime Boss","floor":16,"turns":10},{"damage":0,"enemies":"Chosen","floor":18,"turns":5},{"damage":18,"enemies":"Shell Parasite","floor":22,"turns":6},{"damage":21,"enemies":"Slavers","floor":24,"turns":7},{"damage":23,"enemies":"Chosen and Byrds","floor":25,"turns":4}],"seed_played":"4646981473162313068","potions_obtained":[{"floor":0.0,"key":"Fruit Juice"},{"floor":0.0,"key":"Ancient Potion"},{"floor":1.0,"key":"Block Potion"},{"floor":5.0,"key":"LiquidBronze"},{"floor":11,"key":"Fire Potion"},{"floor":22,"key":"GhostInAJar"},{"floor":24,"key":"AttackPotion"}],"is_trial":false,"path_per_floor":["M","M","?","M","M","R","E","R","T","M","M","R","$","$","R","B",null,"M","?","$","?","M","R","E","M"],"character_chosen":"THE_SILENT","items_purchased":["Frozen Egg 2","Footwork+1"],"campfire_rested":2,"item_purchase_floors":[13,20],"current_hp_per_floor":[63,63,63,63,63,63,31,31,31,30,25,25,25,25,46,12,56,56,35,35,35,17,38,17,0],"gold":74,"neow_bonus":"THREE_SMALL_POTIONS","is_prod":false,"is_daily":false,"chose_seed":false,"campfire_upgraded":3,"win_rate":0,"timestamp":1551479684,"path_taken":["M","M","?","M","?","R","E","R","T","M","M","R","?","$","R","BOSS","M","?","$","?","M","R","E","M"],"build_version":"2019-01-23","purchased_purges":0,"victory":false,"max_hp_per_floor":[71,71,71,71,71,71,71,71,71,71,71,71,71,71,71,71,71,71,71,71,71,71,71,71,71],"card_choices":[{"not_picked":["Underhanded Strike","Deflect"],"picked":"Dagger Throw","floor":1.0},{"not_picked":["Dagger Throw","Bane"],"picked":"Dash","floor":2.0},{"not_picked":["Tactician","Deflect"],"picked":"Footwork","floor":4.0},{"not_picked":["Cloak And Dagger","Dagger Throw","Blade Dance"],"picked":"SKIP","floor":5.0},{"not_picked":["Poisoned Stab","Flying Knee","Doppelganger"],"picked":"SKIP","floor":7},{"not_picked":["Flying Knee","Acrobatics"],"picked":"Escape Plan","floor":10},{"not_picked":["Backstab","Dodge and Roll"],"picked":"Noxious Fumes","floor":11},{"not_picked":["Poisoned Stab","Acrobatics"],"picked":"Blur","floor":18},{"not_picked":["Prepared","Accuracy+1","Reflex+1"],"picked":"SKIP","floor":22},{"not_picked":["Envenom+1","Backstab+1"],"picked":"Well Laid Plans+1","floor":24}],"player_experience":1236787,"relics_obtained":[{"floor":3.0,"key":"Dodecahedron"},{"floor":7,"key":"Omamori"},{"floor":9,"key":"Happy Flower"},{"floor":19,"key":"Enchiridion"},{"floor":24,"key":"Vajra"}],"event_choices":[{"damage_healed":0.0,"max_hp_gain":0.0,"max_hp_loss":0.0,"gold_gain":0.0,"event_name":"Wheel of Change","player_choice":"Relic","floor":3.0,"gold_loss":0.0,"damage_taken":0.0},{"damage_healed":0,"gold_gain":0,"player_choice":"Obtained Book","damage_taken":21,"max_hp_gain":0,"max_hp_loss":0,"event_name":"Cursed Tome","floor":19,"gold_loss":0},{"damage_healed":0,"gold_gain":0,"player_choice":"Smashed Altar","damage_taken":0,"max_hp_gain":0,"max_hp_loss":0,"event_name":"Forgotten Altar","floor":21,"gold_loss":0,"cards_obtained":["Decay"]}],"is_beta":false,"boss_relics":[{"not_picked":["Black Star","Ring of the Serpent"],"picked":"Pandora\u0027s Box"}],"items_purged_floors":[],"is_endless":false,"potions_floor_spawned":[1,5,11,22,24],"killed_by":"Chosen and Byrds","ascension_level":20}