{"gold_per_floor":[109,259,11,29,29,62,7,34,34,34],"floor_reached":10,"playtime":501,"items_purged":["Doubt"],"score":148,"play_id":"244126ce-5a8b-4640-b354-592b78bbb9e1","local_time":"20190227233518","is_ascension_mode":true,"campfire_choices":[],"neow_cost":"NONE","seed_source_timestamp":1230341262238395,"circlet_count":0,"master_deck":["AscendersBane","Defend_G","Defend_G","Defend_G","Defend_G","Defend_G","Strike_G","Strike_G","Strike_G","Strike_G","Strike_G","Survivor","Neutralize","Die Die Die","Dagger Spray+1","Cloak And Dagger"],"relics":["Ring of the Snake","Centennial Puzzle","Letter Opener","The Courier"],"potions_floor_usage":[6,6,10],"damage_taken":[{"damage":6,"enemies":"Small Slimes","floor":1,"turns":6},{"damage":2,"enemies":"2 Louse","floor":4,"turns":3},{"damage":33,"enemies":"Lagavulin","floor":6,"turns":7},{"damage":17,"enemies":"3 Sentries","floor":8,"turns":6},{"damage":20,"enemies":"Lagavulin","floor":10,"turns":7}],"seed_played":"-7845765710239854784","potions_obtained":[{"floor":0,"key":"Block Potion"},{"floor":0,"key":"Regen Potion"},{"floor":1,"key":"AttackPotion"}],"is_trial":false,"path_per_floor":["M","?","$","M","?","E","$","E","T","E"],"character_chosen":"THE_SILENT","items_purchased":["Die Die Die","AttackPotion"],"campfire_rested":0,"item_purchase_floors":[3,7],"current_hp_per_floor":[53,53,53,51,51,33,33,16,16,0],"gold":34,"neow_bonus":"THREE_SMALL_POTIONS","is_prod":false,"is_daily":false,"chose_seed":false,"campfire_upgraded":0,"win_rate":0,"timestamp":1551310518,"path_taken":["M","?","$","M","?","E","$","E","T","E"],"build_version":"2019-01-23","purchased_purges":1,"victory":false,"max_hp_per_floor":[66,66,66,66,66,66,66,66,66,66],"card_choices":[{"not_picked":["Masterful Stab","Prepared","Accuracy"],"picked":"SKIP","floor":1},{"not_picked":["Underhanded Strike","PiercingWail"],"picked":"Dagger Spray","floor":4},{"not_picked":["Backflip","Outmaneuver"],"picked":"Cloak And Dagger","floor":6},{"not_picked":["Calculated Gamble","Concentrate","Bullet Time"],"picked":"SKIP","floor":8}],"player_experience":1221756,"relics_obtained":[{"floor":6,"key":"Centennial Puzzle"},{"floor":8,"key":"Letter Opener"},{"floor":9,"key":"The Courier"}],"event_choices":[{"damage_healed":0,"gold_gain":150,"player_choice":"AGREE","damage_taken":0,"max_hp_gain":0,"max_hp_loss":0,"event_name":"Liars Game","floor":2,"gold_loss":0,"cards_obtained":["Doubt"]},{"damage_healed":0,"gold_gain":0,"player_choice":"Grow","damage_taken":0,"max_hp_gain":0,"max_hp_loss":0,"event_name":"Living Wall","floor":5,"gold_loss":0,"cards_upgraded":["Dagger Spray"]}],"is_beta":false,"boss_relics":[],"items_purged_floors":[3],"is_endless":false,"potions_floor_spawned":[1],"killed_by":"Lagavulin","ascension_level":20}