{"gold_per_floor":[114,129,18,18,35,62,62,87,135,162,175,175,188,198,198,198],"floor_reached":16,"playtime":802,"items_purged":[],"score":244,"play_id":"c70b1ef6-c7f7-4468-bd5d-2b12e77b6934","local_time":"20190303203145","is_ascension_mode":true,"campfire_choices":[{"floor":7,"key":"REST"},{"floor":12,"key":"REST"},{"floor":15,"key":"REST"}],"neow_cost":"NONE","seed_source_timestamp":1564627102914632,"circlet_count":0,"master_deck":["AscendersBane","Defend_G","Defend_G","Defend_G","Defend_G","Defend_G","Strike_G","Strike_G","Strike_G","Strike_G","Strike_G","Survivor","Neutralize","Quick Slash","Dash","Well Laid Plans","Malaise","Dagger Spray","Dagger Spray","Glass Knife"],"relics":["Ring of the Snake","Frozen Egg 2","Happy Flower","Smiling Mask","Pear"],"potions_floor_usage":[6,6,8,16],"damage_taken":[{"damage":8,"enemies":"Cultist","floor":1,"turns":5},{"damage":4,"enemies":"Small Slimes","floor":2,"turns":6},{"damage":1,"enemies":"2 Louse","floor":5,"turns":3},{"damage":8,"enemies":"Gremlin Nob","floor":6,"turns":3},{"damage":14,"enemies":"3 Sentries","floor":8,"turns":11},{"damage":35,"enemies":"Gremlin Nob","floor":10,"turns":6},{"damage":7,"enemies":"Lots of Slimes","floor":11,"turns":6},{"damage":23,"enemies":"Exordium Thugs","floor":13,"turns":6},{"damage":5,"enemies":"2 Fungi Beasts","floor":14,"turns":4},{"damage":27,"enemies":"Slime Boss","floor":16,"turns":3}],"seed_played":"4140812286963014102","potions_obtained":[{"floor":0,"key":"AttackPotion"},{"floor":0,"key":"FearPotion"},{"floor":6,"key":"SkillPotion"},{"floor":11,"key":"LiquidBronze"},{"floor":14,"key":"PowerPotion"}],"is_trial":false,"path_per_floor":["M","M","$","$","M","E","R","E","T","E","M","R","M","M","R","B"],"character_chosen":"THE_SILENT","items_purchased":["Dash","Well Laid Plans"],"campfire_rested":3,"item_purchase_floors":[3,3],"current_hp_per_floor":[51,47,47,47,46,38,57,43,43,18,11,33,10,5,27,0],"gold":198,"neow_bonus":"THREE_SMALL_POTIONS","is_prod":false,"is_daily":false,"chose_seed":false,"campfire_upgraded":0,"win_rate":0,"timestamp":1551645105,"path_taken":["M","?","?","$","M","E","R","E","T","E","M","R","M","M","R","BOSS"],"build_version":"2019-01-23","purchased_purges":0,"victory":false,"max_hp_per_floor":[66,66,66,66,66,66,66,66,66,76,76,76,76,76,76,76],"card_choices":[{"not_picked":["Finisher","Bouncing Flask","Bane"],"picked":"SKIP","floor":1},{"not_picked":["Deflect","PiercingWail"],"picked":"Quick Slash","floor":2},{"not_picked":["Sucker Punch","Finisher","Acrobatics"],"picked":"SKIP","floor":5},{"not_picked":["Heel Hook","Masterful Stab","Underhanded Strike"],"picked":"SKIP","floor":6},{"not_picked":["Sucker Punch","Outmaneuver"],"picked":"Malaise","floor":8},{"not_picked":["Cloak And Dagger","Acrobatics","Quick Slash"],"picked":"SKIP","floor":10},{"not_picked":["Deadly Poison","Skewer"],"picked":"Dagger Spray","floor":11},{"not_picked":["Calculated Gamble","Quick Slash"],"picked":"Dagger Spray","floor":13},{"not_picked":["Caltrops+1","Dagger Throw"],"picked":"Glass Knife","floor":14}],"player_experience":1275844,"relics_obtained":[{"floor":6,"key":"Frozen Egg 2"},{"floor":8,"key":"Happy Flower"},{"floor":9,"key":"Smiling Mask"},{"floor":10,"key":"Pear"}],"event_choices":[],"is_beta":false,"boss_relics":[],"items_purged_floors":[],"is_endless":false,"potions_floor_spawned":[6,11,14],"killed_by":"Slime Boss","ascension_level":20}