{"gold_per_floor":[110,5,21,38,48,48,80,98,98,98,108,108,135,153,153,230,230,130,1,1,1,1,1,1,1,1,1,1,1,1,1,1,1,1,1,1,1,1,1,1,1,1,1,1,1,1,1,1,1,1,1,1,1,1,1],"floor_reached":55,"playtime":4406,"items_purged":["Defend_G"],"score":1924,"play_id":"676457b8-9e8a-4268-9a78-694277683738","local_time":"20190228225456","is_ascension_mode":true,"campfire_choices":[{"floor":6.0,"key":"REST"},{"data":"Poisoned Stab","floor":12,"key":"SMITH"},{"data":"Poisoned Stab","floor":15,"key":"SMITH"},{"data":"Neutralize","floor":23,"key":"SMITH"},{"floor":25,"key":"REST"},{"data":"Well Laid Plans","floor":29,"key":"SMITH"},{"floor":32,"key":"REST"},{"data":"After Image","floor":40,"key":"SMITH"},{"floor":42,"key":"REST"},{"floor":47,"key":"REST"},{"floor":49,"key":"RECALL"},{"floor":53,"key":"REST"}],"neow_cost":"NONE","seed_source_timestamp":1310389068831024,"circlet_count":0,"master_deck":["AscendersBane","Defend_G","Defend_G","Defend_G","Defend_G","Strike_G","Strike_G","Strike_G","Strike_G","Survivor","Neutralize+1","Poisoned Stab+1","Noxious Fumes+1","Poisoned Stab+1","Leg Sweep","Well Laid Plans+1","PiercingWail+1","Dodge and Roll+1","Backflip+1","Leg Sweep+1","Malaise+1","PiercingWail+1","PiercingWail+1","Deadly Poison+1","Cloak And Dagger+1","Blade Dance+1","After Image+1","Dagger Spray","Night Terror+1","Crippling Poison+1","Caltrops+1","Doubt","Cloak And Dagger+1"],"special_seed":0,"relics":["Ring of the Snake","Centennial Puzzle","Toxic Egg 2","Meat on the Bone","Singing Bowl","Ectoplasm","Lantern","Gremlin Horn","Cursed Key","Paper Crane","Sundial","Shuriken"],"potions_floor_usage":[16,24,28,37,44],"damage_taken":[{"damage":9.0,"enemies":"Cultist","floor":1.0,"turns":4.0},{"damage":2.0,"enemies":"2 Louse","floor":3.0,"turns":3.0},{"damage":2.0,"enemies":"Jaw Worm","floor":4.0,"turns":4.0},{"damage":11.0,"enemies":"Exordium Thugs","floor":5.0,"turns":7.0},{"damage":5.0,"enemies":"3 Sentries","floor":7.0,"turns":8.0},{"damage":6.0,"enemies":"Red Slaver","floor":8.0,"turns":4.0},{"damage":4,"enemies":"2 Fungi Beasts","floor":11,"turns":4},{"damage":10,"enemies":"Lagavulin","floor":13,"turns":7},{"damage":0,"enemies":"Exordium Wildlife","floor":14,"turns":3},{"damage":24,"enemies":"Slime Boss","floor":16,"turns":11},{"damage":9,"enemies":"2 Thieves","floor":18,"turns":5},{"damage":0,"enemies":"Spheric Guardian","floor":20,"turns":5},{"damage":11,"enemies":"Snecko","floor":21,"turns":7},{"damage":3,"enemies":"Cultist and Chosen","floor":22,"turns":9},{"damage":23,"enemies":"3 Cultists","floor":24,"turns":9},{"damage":7,"enemies":"Shelled Parasite and Fungi","floor":27,"turns":5},{"damage":14,"enemies":"Book of Stabbing","floor":28,"turns":8},{"damage":47,"enemies":"Champ","floor":33,"turns":14},{"damage":9,"enemies":"Orb Walker","floor":35,"turns":4},{"damage":0,"enemies":"3 Shapes","floor":37,"turns":4},{"damage":16,"enemies":"Nemesis","floor":41,"turns":7},{"damage":37,"enemies":"Giant Head","floor":44,"turns":11},{"damage":0,"enemies":"Maw","floor":45,"turns":9},{"damage":0,"enemies":"Nemesis","floor":46,"turns":11},{"damage":12,"enemies":"Time Eater","floor":50,"turns":15},{"damage":23,"enemies":"Donu and Deca","floor":51,"turns":10},{"damage":94,"enemies":"Shield and Spear","floor":55,"turns":6}],"seed_played":"-6764040084494971299","potions_obtained":[{"floor":3.0,"key":"Energy Potion"},{"floor":5.0,"key":"Energy Potion"},{"floor":8.0,"key":"Poison Potion"},{"floor":13,"key":"PowerPotion"},{"floor":24,"key":"PowerPotion"},{"floor":27,"key":"GhostInAJar"},{"floor":28,"key":"GamblersBrew"},{"floor":33,"key":"Poison Potion"},{"floor":44,"key":"LiquidBronze"}],"is_trial":false,"path_per_floor":["M","$","M","M","M","R","E","M","T","?","M","R","E","M","R","B",null,"M","$","M","M","M","R","M","R","T","M","E","R","?","?","R","B",null,"M","?","M","T","$","R","E","R","T","E","M","E","R","$","R","B","B",null,"R","$","E"],"character_chosen":"THE_SILENT","items_purchased":["Noxious Fumes","Poisoned Stab","PiercingWail+1"],"campfire_rested":6,"item_purchase_floors":[2,2,19],"current_hp_per_floor":[50,50,48,46,35,54,49,43,43,43,39,39,41,41,41,29,57,48,48,50,41,38,38,29,50,50,45,43,43,43,43,65,30,63,56,56,56,56,56,56,40,62,62,39,53,53,77,77,77,65,42,71,80,80,0],"gold":1,"neow_bonus":"RANDOM_COMMON_RELIC","is_prod":false,"is_daily":false,"chose_seed":false,"campfire_upgraded":5,"win_rate":0,"timestamp":1551394496,"path_taken":["M","$","M","M","M","R","E","M","T","?","M","R","E","M","R","BOSS","M","$","M","M","M","R","M","R","T","M","E","R","?","?","R","BOSS","M","?","?","?","$","R","E","R","T","E","M","E","R","$","R","BOSS","BOSS","R","$","E"],"build_version":"2019-01-23","purchased_purges":1,"victory":false,"max_hp_per_floor":[66,66,66,66,66,66,66,66,66,66,66,66,66,66,66,66,66,66,66,68,70,70,70,72,72,72,74,74,74,74,74,74,74,74,76,76,76,76,76,76,76,76,76,78,80,80,80,80,80,80,80,80,80,80,80],"card_choices":[{"not_picked":["Cloak And Dagger","Bane"],"picked":"Poisoned Stab","floor":1.0},{"not_picked":["Accuracy","Underhanded Strike","Choke"],"picked":"SKIP","floor":3.0},{"not_picked":["Skewer","Infinite Blades"],"picked":"Leg Sweep","floor":4.0},{"not_picked":["Flying Knee","Bane"],"picked":"Well Laid Plans","floor":5.0},{"not_picked":["Blade Dance","Prepared","Storm of Steel"],"picked":"SKIP","floor":7.0},{"not_picked":["Predator","Bane"],"picked":"PiercingWail+1","floor":8.0},{"not_picked":["Eviscerate","Flying Knee"],"picked":"Dodge and Roll+1","floor":11},{"not_picked":["Venomology+1","Quick Slash"],"picked":"Backflip+1","floor":13},{"not_picked":["Bane","Sucker Punch"],"picked":"Leg Sweep+1","floor":14},{"not_picked":["Unload","Adrenaline+1"],"picked":"Malaise+1","floor":16},{"not_picked":["Slice+1","Blade Dance+1"],"picked":"PiercingWail+1","floor":18},{"not_picked":["Bane","Dagger Throw","Tools of the Trade"],"picked":"Singing Bowl","floor":20},{"not_picked":["PiercingWail+1","Sucker Punch","Deflect+1"],"picked":"Singing Bowl","floor":21},{"not_picked":["Riddle With Holes","Cloak And Dagger+1"],"picked":"Deadly Poison+1","floor":22},{"not_picked":["Skewer","Accuracy","Deflect+1"],"picked":"Singing Bowl","floor":24},{"not_picked":["Bane","Terror+1","Dagger Spray"],"picked":"Singing Bowl","floor":27},{"not_picked":["Flying Knee","PiercingWail+1"],"picked":"Cloak And Dagger+1","floor":28},{"not_picked":["Die Die Die","Bullet Time+1"],"picked":"After Image","floor":33},{"not_picked":["Riddle With Holes+1","Acrobatics+1","Deflect+1"],"picked":"Singing Bowl","floor":35},{"not_picked":["Well Laid Plans+1","Predator"],"picked":"Crippling Poison+1","floor":37},{"not_picked":["Skewer","Flying Knee+1"],"picked":"Caltrops+1","floor":41},{"not_picked":["Flying Knee+1","Accuracy+1","Outmaneuver+1"],"picked":"Singing Bowl","floor":44},{"not_picked":["Riddle With Holes","Masterful Stab","Prepared+1"],"picked":"Singing Bowl","floor":45},{"not_picked":["Noxious Fumes+1","PiercingWail+1"],"picked":"Cloak And Dagger+1","floor":46}],"player_experience":1231295,"relics_obtained":[{"floor":7.0,"key":"Toxic Egg 2"},{"floor":9.0,"key":"Meat on the Bone"},{"floor":13,"key":"Singing Bowl"},{"floor":26,"key":"Lantern"},{"floor":28,"key":"Gremlin Horn"},{"floor":41,"key":"Paper Crane"},{"floor":44,"key":"Sundial"},{"floor":46,"key":"Shuriken"}],"event_choices":[{"damage_healed":0.0,"max_hp_gain":0.0,"max_hp_loss":0.0,"gold_gain":0.0,"event_name":"Living Wall","player_choice":"Grow","floor":10.0,"gold_loss":0.0,"damage_taken":0.0,"cards_upgraded":["Noxious Fumes"]},{"damage_healed":0,"gold_gain":50,"player_choice":"Stole From Cult","damage_taken":0,"max_hp_gain":0,"max_hp_loss":0,"event_name":"Nest","floor":30,"gold_loss":0},{"damage_healed":0,"gold_gain":0,"cards_transformed":["Strike_G"],"player_choice":"Transformed","damage_taken":0,"max_hp_gain":0,"max_hp_loss":0,"event_name":"Transmorgrifier","floor":31,"gold_loss":0,"cards_obtained":["Blade Dance"]},{"damage_healed":0,"gold_gain":0,"player_choice":"2 cards matched","damage_taken":0,"max_hp_gain":0,"max_hp_loss":0,"event_name":"Match and Keep!","floor":36,"gold_loss":0,"cards_obtained":["Dagger Spray","Night Terror"]}],"is_beta":false,"boss_relics":[{"not_picked":["HoveringKite","Coffee Dripper"],"picked":"Ectoplasm"},{"not_picked":["Orrery","Eternal Feather"],"picked":"Cursed Key"}],"items_purged_floors":[19],"is_endless":false,"potions_floor_spawned":[3,5,8,11,13,24,27,28,33,44],"killed_by":"Shield and Spear","ascension_level":20}