{"gold_per_floor":[364,439,84,95,95,95,105,123,123,123,151,151,151,170,170,243,243,215,26,37,52,70,70],"floor_reached":23,"playtime":1602,"items_purged":[],"score":386,"play_id":"94a56095-d742-4eb2-89e8-0750d2bb4f38","local_time":"20190227095227","is_ascension_mode":true,"campfire_choices":[{"data":"Neutralize","floor":6,"key":"SMITH"},{"floor":10,"key":"REST"},{"data":"Well Laid Plans","floor":12,"key":"SMITH"},{"data":"Deadly Poison","floor":15,"key":"SMITH"}],"neow_cost":"PERCENT_DAMAGE","seed_source_timestamp":1179868467906269,"circlet_count":0,"master_deck":["AscendersBane","Defend_G","Defend_G","Defend_G","Defend_G","Defend_G","Strike_G","Strike_G","Strike_G","Strike_G","Survivor","Neutralize+1","Backstab","Dagger Throw","Dagger Spray+1","Deadly Poison+1","Well Laid Plans+1","All Out Attack","After Image","Slice","Cloak And Dagger","Skewer","Leg Sweep"],"relics":["Ring of the Snake","Chemical X","Shuriken","Kunai","Black Star"],"potions_floor_usage":[11,18,22,23],"damage_taken":[{"damage":5,"enemies":"Small Slimes","floor":1,"turns":7},{"damage":1,"enemies":"Cultist","floor":4,"turns":3},{"damage":3,"enemies":"2 Louse","floor":7,"turns":2},{"damage":13,"enemies":"Lots of Slimes","floor":8,"turns":3},{"damage":10,"enemies":"Lagavulin","floor":11,"turns":6},{"damage":4,"enemies":"Gremlin Gang","floor":14,"turns":3},{"damage":18,"enemies":"Hexaghost","floor":16,"turns":10},{"damage":13,"enemies":"2 Thieves","floor":18,"turns":4},{"damage":3,"enemies":"Spheric Guardian","floor":20,"turns":5},{"damage":16,"enemies":"Centurion and Healer","floor":21,"turns":6},{"damage":10,"enemies":"Chosen and Byrds","floor":22,"turns":5},{"damage":11,"enemies":"Slavers","floor":23,"turns":1}],"seed_played":"7251385029003509894","potions_obtained":[{"floor":1,"key":"Block Potion"}],"is_trial":false,"path_per_floor":["M","?","$","M","?","R","M","M","T","R","E","R","?","M","R","B",null,"M","$","M","M","M","E"],"character_chosen":"THE_SILENT","items_purchased":["Chemical X","Regen Potion","Dagger Throw","Cloak And Dagger","FearPotion","LiquidBronze"],"campfire_rested":1,"item_purchase_floors":[3,3,3,19,19,19],"current_hp_per_floor":[39,28,28,27,27,27,24,11,11,30,35,35,35,31,31,13,53,40,40,37,21,11,0],"gold":70,"neow_bonus":"TWO_FIFTY_GOLD","is_prod":false,"is_daily":false,"chose_seed":false,"campfire_upgraded":3,"win_rate":0,"timestamp":1551261147,"path_taken":["M","?","$","M","?","R","M","?","T","R","E","R","?","M","R","BOSS","M","$","?","M","?","E"],"build_version":"2019-01-23","purchased_purges":0,"victory":false,"max_hp_per_floor":[66,66,66,66,66,66,66,66,66,66,66,66,66,66,66,66,66,66,66,66,66,66,66],"card_choices":[{"not_picked":["Prepared","Accuracy"],"picked":"Backstab","floor":1},{"not_picked":["Bane","Prepared"],"picked":"Dagger Spray","floor":4},{"not_picked":["Backflip","Quick Slash"],"picked":"Deadly Poison","floor":7},{"not_picked":["Eviscerate","Flying Knee"],"picked":"Well Laid Plans","floor":8},{"not_picked":["Burst","Dagger Throw","Bouncing Flask"],"picked":"SKIP","floor":11},{"not_picked":["Flying Knee","Riddle With Holes"],"picked":"All Out Attack","floor":14},{"not_picked":["Adrenaline","Phantasmal Killer"],"picked":"After Image","floor":16},{"not_picked":["Setup","Caltrops"],"picked":"Slice","floor":18},{"not_picked":["Outmaneuver","Flechettes"],"picked":"Skewer","floor":20},{"not_picked":["Well Laid Plans","Underhanded Strike","Outmaneuver"],"picked":"SKIP","floor":21},{"not_picked":["Dagger Spray","Deadly Poison"],"picked":"Leg Sweep","floor":22}],"player_experience":1219674,"relics_obtained":[{"floor":9,"key":"Shuriken"},{"floor":11,"key":"Kunai"}],"event_choices":[{"damage_healed":0,"gold_gain":75,"player_choice":"Gather Gold","damage_taken":11,"max_hp_gain":0,"max_hp_loss":0,"event_name":"World of Goop","floor":2,"gold_loss":0},{"damage_healed":0,"gold_gain":0,"player_choice":"Upgraded","damage_taken":0,"max_hp_gain":0,"max_hp_loss":0,"event_name":"Upgrade Shrine","floor":5,"gold_loss":0,"cards_upgraded":["Dagger Spray"]},{"cards_removed":["Strike_G"],"damage_healed":0,"gold_gain":0,"player_choice":"Offered Basic","damage_taken":0,"max_hp_gain":0,"max_hp_loss":0,"event_name":"Bonfire Elementals","floor":13,"gold_loss":0}],"is_beta":false,"boss_relics":[{"not_picked":["Calling Bell","Eternal Feather"],"picked":"Black Star"}],"items_purged_floors":[],"is_endless":false,"potions_floor_spawned":[1,4],"killed_by":"Slavers","ascension_level":20}