{"gold_per_floor":[118,130,76,76,86,86,113,113,113,113,113],"floor_reached":11,"playtime":399,"items_purged":[],"score":142,"play_id":"63adba79-92db-4163-a0bd-48a4efa232e9","local_time":"20190301232214","is_ascension_mode":true,"campfire_choices":[{"data":"Dagger Spray","floor":6,"key":"SMITH"},{"floor":8,"key":"REST"}],"neow_cost":"NONE","seed_source_timestamp":1402459036838704,"circlet_count":0,"master_deck":["AscendersBane","Defend_G","Defend_G","Defend_G","Defend_G","Defend_G","Strike_G","Strike_G","Strike_G","Strike_G","Strike_G","Survivor","Neutralize","Dagger Spray+1","Flying Knee","Well Laid Plans","Pain"],"relics":["Ring of the Snake","Nunchaku","WingedGreaves","StoneCalendar","WarpedTongs"],"potions_floor_usage":[],"damage_taken":[{"damage":0,"enemies":"2 Louse","floor":1,"turns":5},{"damage":3,"enemies":"Cultist","floor":2,"turns":4},{"damage":3,"enemies":"Small Slimes","floor":5,"turns":3},{"damage":52,"enemies":"Gremlin Nob","floor":7,"turns":5},{"damage":31,"enemies":"Lagavulin","floor":11,"turns":5}],"seed_played":"3895169483574300079","potions_obtained":[{"floor":7,"key":"EssenceOfSteel"}],"is_trial":false,"path_per_floor":["M","M","?","$","M","R","E","R","T","?","E"],"character_chosen":"THE_SILENT","items_purchased":[],"campfire_rested":1,"item_purchase_floors":[],"current_hp_per_floor":[65,62,62,62,59,59,7,28,28,28,0],"gold":113,"neow_bonus":"TEN_PERCENT_HP_BONUS","is_prod":false,"is_daily":false,"chose_seed":false,"campfire_upgraded":1,"win_rate":0,"timestamp":1551482534,"path_taken":["M","M","?","?","M","R","E","R","T","?","E"],"build_version":"2019-01-23","purchased_purges":0,"victory":false,"max_hp_per_floor":[72,72,72,72,72,72,72,72,72,72,72],"card_choices":[{"not_picked":["Cloak And Dagger","Dodge and Roll"],"picked":"Dagger Spray","floor":1},{"not_picked":["Acrobatics","Bouncing Flask"],"picked":"Flying Knee","floor":2},{"not_picked":["Choke","Dagger Throw"],"picked":"Well Laid Plans","floor":5},{"not_picked":["Bane","Poisoned Stab","Terror"],"picked":"SKIP","floor":7}],"player_experience":1239038,"relics_obtained":[{"floor":7,"key":"WingedGreaves"},{"floor":9,"key":"StoneCalendar"}],"event_choices":[{"damage_healed":0,"gold_gain":0,"player_choice":"Paid Gold","damage_taken":0,"relics_obtained":["Nunchaku"],"max_hp_gain":0,"max_hp_loss":0,"event_name":"WeMeetAgain","floor":3,"gold_loss":54},{"damage_healed":0,"gold_gain":0,"player_choice":"Rummage","damage_taken":0,"relics_obtained":["WarpedTongs"],"max_hp_gain":0,"max_hp_loss":0,"event_name":"Accursed Blacksmith","floor":10,"gold_loss":0,"cards_obtained":["Pain"]}],"is_beta":false,"boss_relics":[],"items_purged_floors":[],"is_endless":false,"potions_floor_spawned":[7],"killed_by":"Lagavulin","ascension_level":20}