{"gold_per_floor":[111,111,2,13,33,33,64,64,64,64,99,113,130,146,146,146],"floor_reached":16,"playtime":759,"items_purged":[],"score":224,"play_id":"51de24b2-3dba-495b-89e6-b6cf37981196","local_time":"20190228000553","is_ascension_mode":true,"campfire_choices":[{"data":"All Out Attack","floor":6,"key":"SMITH"},{"floor":8,"key":"REST"},{"floor":10,"key":"REST"},{"floor":15,"key":"REST"}],"neow_cost":"NONE","seed_source_timestamp":1231918663678861,"circlet_count":0,"master_deck":["AscendersBane","Defend_G","Defend_G","Defend_G","Defend_G","Defend_G","Strike_G","Strike_G","Strike_G","Strike_G","Strike_G","Survivor","Neutralize","Dagger Throw+1","Footwork","PiercingWail","Noxious Fumes","All Out Attack+1","Catalyst","Deadly Poison"],"relics":["Ring of the Snake","Tingsha","Singing Bowl","The Courier"],"potions_floor_usage":[11,14,16],"damage_taken":[{"damage":16,"enemies":"Jaw Worm","floor":1,"turns":7},{"damage":0,"enemies":"2 Louse","floor":4,"turns":5},{"damage":1,"enemies":"Small Slimes","floor":5,"turns":4},{"damage":43,"enemies":"Gremlin Nob","floor":7,"turns":5},{"damage":12,"enemies":"3 Sentries","floor":11,"turns":4},{"damage":5,"enemies":"3 Louse","floor":12,"turns":3},{"damage":2,"enemies":"Blue Slaver","floor":13,"turns":4},{"damage":9,"enemies":"Red Slaver","floor":14,"turns":5},{"damage":54,"enemies":"Slime Boss","floor":16,"turns":9}],"seed_played":"-4411201740311148864","potions_obtained":[{"floor":4,"key":"Explosive Potion"},{"floor":11,"key":"SpeedPotion"},{"floor":13,"key":"Poison Potion"}],"is_trial":false,"path_per_floor":["M","?","$","M","M","R","E","R","T","R","E","M","M","M","R","B"],"character_chosen":"THE_SILENT","items_purchased":["Footwork","PiercingWail"],"campfire_rested":3,"item_purchase_floors":[3,3],"current_hp_per_floor":[49,49,49,49,48,48,5,26,26,47,35,32,32,25,48,0],"gold":146,"neow_bonus":"TEN_PERCENT_HP_BONUS","is_prod":false,"is_daily":false,"chose_seed":false,"campfire_upgraded":1,"win_rate":0,"timestamp":1551312353,"path_taken":["M","?","$","M","M","R","E","R","T","R","E","M","M","M","R","BOSS"],"build_version":"2019-01-23","purchased_purges":0,"victory":false,"max_hp_per_floor":[72,72,72,72,72,72,72,72,72,72,72,74,76,78,78,78],"card_choices":[{"not_picked":["Underhanded Strike","Sucker Punch"],"picked":"Dagger Throw","floor":1},{"not_picked":["Deadly Poison","Setup"],"picked":"Noxious Fumes","floor":4},{"not_picked":["Endless Agony","Quick Slash"],"picked":"All Out Attack","floor":5},{"not_picked":["Expertise","Deadly Poison"],"picked":"Catalyst","floor":7},{"not_picked":["Caltrops","Prepared"],"picked":"Deadly Poison","floor":11},{"not_picked":["Expertise","Dodge and Roll","Setup"],"picked":"Singing Bowl","floor":12},{"not_picked":["Deflect","Bane","Underhanded Strike"],"picked":"Singing Bowl","floor":13},{"not_picked":["All Out Attack","Unload","Finisher"],"picked":"Singing Bowl","floor":14}],"player_experience":1222611,"relics_obtained":[{"floor":7,"key":"Tingsha"},{"floor":9,"key":"Singing Bowl"},{"floor":11,"key":"The Courier"}],"event_choices":[{"damage_healed":0,"gold_gain":0,"player_choice":"Grow","damage_taken":0,"max_hp_gain":0,"max_hp_loss":0,"event_name":"Living Wall","floor":2,"gold_loss":0,"cards_upgraded":["Dagger Throw"]}],"is_beta":false,"boss_relics":[],"items_purged_floors":[],"is_endless":false,"potions_floor_spawned":[4,11,13],"killed_by":"Slime Boss","ascension_level":20}