{"gold_per_floor":[117,131,144,144,158,158,178,209,232,12,91,91,91,107,107,182,182,192,202,202],"floor_reached":20,"playtime":1086,"items_purged":["Strike_G"],"score":352,"play_id":"094f0838-076a-48b8-9351-c0fb92ee0cd6","local_time":"20190301221238","is_ascension_mode":true,"campfire_choices":[{"data":"Bullet Time","floor":6.0,"key":"SMITH"},{"floor":12.0,"key":"REST"},{"floor":15.0,"key":"REST"}],"neow_cost":"NONE","seed_source_timestamp":0,"circlet_count":0,"master_deck":["AscendersBane","Defend_G","Defend_G","Defend_G","Defend_G","Defend_G","Strike_G","Survivor","Neutralize+1","Dagger Throw","Flying Knee","Bullet Time+1","Burst","Predator","PiercingWail","Footwork","A Thousand Cuts","Tools of the Trade+1","Predator+1","Caltrops+1"],"special_seed":0,"relics":["Ring of the Snake","Letter Opener","Snake Skull","Astrolabe"],"potions_floor_usage":[],"damage_taken":[{"damage":0.0,"enemies":"Cultist","floor":1.0,"turns":4.0},{"damage":5.0,"enemies":"2 Louse","floor":2.0,"turns":4.0},{"damage":4.0,"enemies":"Small Slimes","floor":3.0,"turns":4.0},{"damage":2.0,"enemies":"Red Slaver","floor":5.0,"turns":5.0},{"damage":13.0,"enemies":"Exordium Thugs","floor":7.0,"turns":6.0},{"damage":51.0,"enemies":"Gremlin Nob","floor":8.0,"turns":6.0},{"damage":1.0,"enemies":"2 Fungi Beasts","floor":14.0,"turns":5.0},{"damage":40.0,"enemies":"The Guardian","floor":16.0,"turns":17.0},{"damage":16,"enemies":"2 Thieves","floor":18,"turns":5},{"damage":25,"enemies":"Chosen","floor":19,"turns":5},{"damage":19,"enemies":"Centurion and Healer","floor":20,"turns":4}],"seed_played":"-7605013095417637478","potions_obtained":[{"floor":1.0,"key":"Weak Potion"},{"floor":2.0,"key":"Regen Potion"},{"floor":8.0,"key":"FairyPotion"},{"floor":13.0,"key":"LiquidBronze"},{"floor":13.0,"key":"SkillPotion"}],"is_trial":false,"path_per_floor":["M","M","M","?","M","R","M","E","T","$","?","R","?","M","R","B",null,"M","M","M"],"character_chosen":"THE_SILENT","items_purchased":["Predator","PiercingWail"],"campfire_rested":2,"item_purchase_floors":[10,10],"current_hp_per_floor":[59,54,50,55,53,53,40,4,4,4,4,25,25,24,45,5,55,39,14,0],"gold":202,"neow_bonus":"UPGRADE_CARD","is_prod":false,"is_daily":false,"chose_seed":false,"campfire_upgraded":1,"win_rate":0,"timestamp":1551478358,"path_taken":["M","M","M","?","M","R","M","E","T","$","?","R","?","?","R","BOSS","M","M","M"],"build_version":"2019-01-23","purchased_purges":1,"victory":false,"max_hp_per_floor":[66,66,66,71,71,71,71,71,71,71,71,71,71,71,71,71,71,71,71,71],"card_choices":[{"not_picked":["Flechettes","Deflect"],"picked":"Dagger Throw","floor":1.0},{"not_picked":["Cloak And Dagger","Bane"],"picked":"Flying Knee","floor":2.0},{"not_picked":["Outmaneuver","Slice","Blade Dance"],"picked":"SKIP","floor":3.0},{"not_picked":["Calculated Gamble","Deflect"],"picked":"Bullet Time","floor":5.0},{"not_picked":["Dodge and Roll","Accuracy","Poisoned Stab"],"picked":"SKIP","floor":7.0},{"not_picked":["Blade Dance","Deadly Poison"],"picked":"Burst","floor":8.0},{"not_picked":["Dodge and Roll","Sucker Punch"],"picked":"Footwork","floor":14.0},{"not_picked":["Corpse Explosion","Glass Knife"],"picked":"A Thousand Cuts","floor":16.0},{"not_picked":["Outmaneuver","Cloak And Dagger","Blade Dance"],"picked":"SKIP","floor":18},{"not_picked":["Deflect+1","Quick Slash","Infinite Blades"],"picked":"SKIP","floor":19}],"player_experience":1235701,"relics_obtained":[{"floor":8.0,"key":"Letter Opener"},{"floor":9.0,"key":"Snake Skull"}],"event_choices":[{"damage_healed":0.0,"max_hp_gain":5.0,"max_hp_loss":0.0,"gold_gain":0.0,"event_name":"Big Fish","player_choice":"Donut","floor":4.0,"gold_loss":0.0,"damage_taken":0.0},{"damage_healed":0.0,"max_hp_gain":0.0,"max_hp_loss":0.0,"gold_gain":79.0,"event_name":"Golden Wing","player_choice":"Gained Gold","floor":11.0,"gold_loss":0.0,"damage_taken":0.0},{"damage_healed":0.0,"max_hp_gain":0.0,"max_hp_loss":0.0,"gold_gain":0.0,"event_name":"Lab","player_choice":"Got Potions","floor":13.0,"gold_loss":0.0,"damage_taken":0.0}],"is_beta":false,"boss_relics":[{"not_picked":["Black Star","White Beast Statue"],"picked":"Astrolabe"}],"items_purged_floors":[10],"is_endless":false,"potions_floor_spawned":[1,2,3,8],"killed_by":"Centurion and Healer","ascension_level":20}