{"gold_per_floor":[359,359,370,385,32,32,32,57,57,86,97,129,147,163,163,240,240,259,236,249,276,34,34,34,53,79,112,130,130,163,180,180,257,257,277,297,317,327,327,354,364,364],"floor_reached":42,"playtime":7185,"items_purged":["Strike_G","Strike_G"],"score":1038,"play_id":"48dbf5bf-6270-4bbe-83ba-52cf2e274877","local_time":"20190303200306","is_ascension_mode":true,"campfire_choices":[{"data":"Apotheosis","floor":6,"key":"SMITH"},{"data":"Noxious Fumes","floor":15,"key":"SMITH"},{"floor":23,"key":"REST"},{"floor":29,"key":"REST"},{"floor":32,"key":"REST"}],"neow_cost":"TEN_PERCENT_HP_LOSS","seed_source_timestamp":1556525304397765,"circlet_count":0,"master_deck":["AscendersBane","Defend_G","Defend_G","Defend_G","Defend_G","Defend_G","Strike_G","Strike_G","Survivor","Neutralize+1","Dash","PiercingWail","Poisoned Stab","Apotheosis+1","Noxious Fumes+1","Infinite Blades","Well Laid Plans+1","Footwork+1","Night Terror","Deadly Poison","Blur+1","Backstab","Noxious Fumes+1","Caltrops+1","Deflect+1","Malaise","Burst","Skewer+1","PiercingWail","Footwork+1"],"relics":["Ring of the Snake","Ninja Scroll","Potion Belt","Lantern","Frozen Egg 2","Fusion Hammer","Red Mask","Pocketwatch","Mercury Hourglass","Cursed Key","Happy Flower"],"potions_floor_usage":[16,20,21,25,27,27,35,38,42,42,42],"damage_taken":[{"damage":2,"enemies":"Small Slimes","floor":1,"turns":6},{"damage":0,"enemies":"2 Louse","floor":3,"turns":2},{"damage":1,"enemies":"Jaw Worm","floor":4,"turns":5},{"damage":13,"enemies":"Lagavulin","floor":8,"turns":8},{"damage":10,"enemies":"3 Sentries","floor":10,"turns":6},{"damage":2,"enemies":"Large Slime","floor":11,"turns":5},{"damage":2,"enemies":"Lagavulin","floor":12,"turns":4},{"damage":0,"enemies":"Red Slaver","floor":13,"turns":2},{"damage":5,"enemies":"Blue Slaver","floor":14,"turns":3},{"damage":20,"enemies":"Slime Boss","floor":16,"turns":9},{"damage":1,"enemies":"3 Byrds","floor":18,"turns":6},{"damage":12,"enemies":"2 Thieves","floor":19,"turns":4},{"damage":9,"enemies":"3 Cultists","floor":20,"turns":7},{"damage":11,"enemies":"Masked Bandits","floor":21,"turns":6},{"damage":0,"enemies":"Snake Plant","floor":25,"turns":6},{"damage":10,"enemies":"Gremlin Leader","floor":27,"turns":6},{"damage":0,"enemies":"Centurion and Healer","floor":28,"turns":5},{"damage":4,"enemies":"Slavers","floor":30,"turns":6},{"damage":1,"enemies":"Shelled Parasite and Fungi","floor":31,"turns":5},{"damage":6,"enemies":"Champ","floor":33,"turns":11},{"damage":9,"enemies":"3 Darklings","floor":35,"turns":6},{"damage":0,"enemies":"3 Shapes","floor":36,"turns":6},{"damage":1,"enemies":"Maw","floor":37,"turns":8},{"damage":0,"enemies":"3 Darklings","floor":38,"turns":6},{"damage":12,"enemies":"Giant Head","floor":40,"turns":8},{"damage":22,"enemies":"Spire Growth","floor":41,"turns":6},{"damage":20,"enemies":"Reptomancer","floor":42,"turns":3}],"seed_played":"-6345252838351780298","potions_obtained":[{"floor":1,"key":"Weak Potion"},{"floor":11,"key":"Regen Potion"},{"floor":12,"key":"EssenceOfSteel"},{"floor":13,"key":"EssenceOfSteel"},{"floor":14,"key":"Strength Potion"},{"floor":21,"key":"Block Potion"},{"floor":25,"key":"Fire Potion"},{"floor":28,"key":"Strength Potion"},{"floor":30,"key":"Explosive Potion"},{"floor":33,"key":"EssenceOfSteel"},{"floor":35,"key":"Fire Potion"},{"floor":38,"key":"SpeedPotion"}],"is_trial":false,"path_per_floor":["M","?","M","M","$","R","?","E","T","E","M","E","M","M","R","B",null,"M","M","M","?","$","R","?","M","T","E","M","R","E","M","R","B",null,"M","M","M","M","?","E","M","E"],"character_chosen":"THE_SILENT","items_purchased":["Apotheosis","Noxious Fumes","Noxious Fumes+1","SteroidPotion"],"campfire_rested":3,"item_purchase_floors":[5,5,22,22],"current_hp_per_floor":[57,57,57,56,56,56,61,48,48,38,36,34,34,29,29,24,55,54,42,33,22,22,41,41,41,41,31,31,50,46,45,64,58,63,54,54,53,53,53,41,19,0],"gold":364,"neow_bonus":"TWO_FIFTY_GOLD","is_prod":false,"is_daily":false,"chose_seed":false,"campfire_upgraded":2,"win_rate":0,"timestamp":1551643386,"path_taken":["M","?","M","M","$","R","?","E","T","E","M","E","M","M","R","BOSS","M","M","M","?","$","R","?","M","T","E","M","R","E","M","R","BOSS","M","M","M","M","?","E","?","E"],"build_version":"2019-01-23","purchased_purges":2,"victory":false,"max_hp_per_floor":[60,60,60,60,60,60,65,65,65,65,65,65,65,65,65,65,65,65,65,65,65,65,65,65,65,65,65,65,65,65,65,65,65,65,65,65,65,65,65,65,65,65],"card_choices":[{"not_picked":["Calculated Gamble","Outmaneuver"],"picked":"Dash","floor":1},{"not_picked":["Blade Dance","Slice"],"picked":"PiercingWail","floor":3},{"not_picked":["Deflect","Underhanded Strike"],"picked":"Poisoned Stab","floor":4},{"not_picked":["Setup","Finisher","Prepared"],"picked":"SKIP","floor":8},{"not_picked":["Acrobatics","Sucker Punch"],"picked":"Infinite Blades","floor":10},{"not_picked":["Concentrate","Underhanded Strike","Grand Finale"],"picked":"SKIP","floor":11},{"not_picked":["Setup","Sucker Punch","Bane"],"picked":"SKIP","floor":12},{"not_picked":["Distraction","Backflip"],"picked":"Well Laid Plans+1","floor":13},{"not_picked":["Cloak And Dagger","Blur"],"picked":"Footwork+1","floor":14},{"not_picked":["Doppelganger","Storm of Steel"],"picked":"Night Terror","floor":16},{"not_picked":["Acrobatics","Flying Knee","Prepared"],"picked":"SKIP","floor":18},{"not_picked":["Underhanded Strike","Poisoned Stab"],"picked":"Deadly Poison","floor":19},{"not_picked":["PiercingWail","Unload"],"picked":"Blur+1","floor":20},{"not_picked":["Acrobatics","Sucker Punch"],"picked":"Backstab","floor":21},{"not_picked":["Endless Agony","Prepared","Expertise"],"picked":"SKIP","floor":25},{"not_picked":["Flying Knee","Cloak And Dagger","Terror"],"picked":"SKIP","floor":27},{"not_picked":["Backflip","Masterful Stab"],"picked":"Caltrops+1","floor":28},{"not_picked":["Underhanded Strike","Dodge and Roll"],"picked":"Deflect+1","floor":30},{"not_picked":["Predator","Prepared"],"picked":"Malaise","floor":31},{"not_picked":["Tools of the Trade+1","Night Terror"],"picked":"Burst","floor":33},{"not_picked":["Underhanded Strike","Slice"],"picked":"Skewer+1","floor":35},{"not_picked":["Deadly Poison","Masterful Stab","Skewer"],"picked":"SKIP","floor":36},{"not_picked":["Bane+1","Deadly Poison"],"picked":"PiercingWail","floor":37},{"not_picked":["Underhanded Strike","Skewer","Outmaneuver+1"],"picked":"SKIP","floor":38},{"not_picked":["Dagger Spray","Bane+1","Underhanded Strike"],"picked":"SKIP","floor":40},{"not_picked":["Dagger Spray","Outmaneuver","Underhanded Strike+1"],"picked":"SKIP","floor":41}],"player_experience":1268659,"relics_obtained":[{"floor":8,"key":"Ninja Scroll"},{"floor":9,"key":"Potion Belt"},{"floor":10,"key":"Lantern"},{"floor":12,"key":"Frozen Egg 2"},{"floor":21,"key":"Red Mask"},{"floor":27,"key":"Pocketwatch"},{"floor":30,"key":"Mercury Hourglass"},{"floor":40,"key":"Happy Flower"}],"event_choices":[{"damage_healed":0,"gold_gain":0,"player_choice":"Grow","damage_taken":0,"max_hp_gain":0,"max_hp_loss":0,"event_name":"Living Wall","floor":2,"gold_loss":0,"cards_upgraded":["Neutralize"]},{"damage_healed":0,"gold_gain":0,"player_choice":"Donut","damage_taken":0,"max_hp_gain":5,"max_hp_loss":0,"event_name":"Big Fish","floor":7,"gold_loss":0},{"damage_healed":0,"gold_gain":0,"player_choice":"Fought Bandits","damage_taken":0,"max_hp_gain":0,"max_hp_loss":0,"event_name":"Masked Bandits","floor":21,"gold_loss":0},{"cards_removed":["Strike_G"],"damage_healed":0,"gold_gain":0,"player_choice":"Elegance","damage_taken":0,"max_hp_gain":0,"max_hp_loss":0,"event_name":"Back to Basics","floor":24,"gold_loss":0},{"damage_healed":0,"gold_gain":0,"player_choice":"Copied","damage_taken":0,"max_hp_gain":0,"max_hp_loss":0,"event_name":"Duplicator","floor":39,"gold_loss":0,"cards_obtained":["Footwork"]}],"is_beta":false,"boss_relics":[{"not_picked":["Empty Cage","Orrery"],"picked":"Fusion Hammer"},{"not_picked":["Runic Dome","Sozu"],"picked":"Cursed Key"}],"items_purged_floors":[5,22],"is_endless":false,"potions_floor_spawned":[1,11,12,13,14,21,25,28,30,33,35,37,38],"killed_by":"Reptomancer","ascension_level":20}