{"gold_per_floor":[110,122,132,108,123,123,152,168,168,168,36,67,85,104,104,104],"floor_reached":16,"playtime":1428,"items_purged":["Strike_G"],"score":228,"play_id":"89a7571a-546b-4db0-afb0-da0166407c69","local_time":"20190303104002","is_ascension_mode":true,"campfire_choices":[{"data":"Blade Dance","floor":6,"key":"SMITH"},{"floor":10,"key":"REST"},{"data":"Footwork","floor":15,"key":"SMITH"}],"neow_cost":"CURSE","seed_source_timestamp":1528471322300169,"circlet_count":0,"master_deck":["AscendersBane","Defend_G","Defend_G","Defend_G","Defend_G","Defend_G","Strike_G","Strike_G","Strike_G","Strike_G","Survivor","Neutralize","Parasite","Blade Dance+1","Footwork+1","Blade Dance","Dodge and Roll","Dagger Spray","Dagger Spray","Backstab","Cloak And Dagger","Infinite Blades"],"relics":["Ring of the Snake","Du-Vu Doll","Anchor","Ice Cream","Peace Pipe"],"potions_floor_usage":[7,12,16],"damage_taken":[{"damage":6,"enemies":"Cultist","floor":1,"turns":4},{"damage":4,"enemies":"Jaw Worm","floor":2,"turns":4},{"damage":1,"enemies":"Small Slimes","floor":3,"turns":3},{"damage":1,"enemies":"Looter","floor":5,"turns":4},{"damage":23,"enemies":"3 Sentries","floor":7,"turns":7},{"damage":2,"enemies":"Gremlin Gang","floor":8,"turns":6},{"damage":2,"enemies":"Lagavulin","floor":12,"turns":6},{"damage":0,"enemies":"Exordium Wildlife","floor":13,"turns":1},{"damage":7,"enemies":"Exordium Thugs","floor":14,"turns":3},{"damage":32,"enemies":"The Guardian","floor":16,"turns":9}],"seed_played":"-269766916615478090","potions_obtained":[{"floor":1,"key":"Ancient Potion"},{"floor":3,"key":"Explosive Potion"},{"floor":8,"key":"Swift Potion"},{"floor":12,"key":"Energy Potion"},{"floor":13,"key":"AttackPotion"}],"is_trial":false,"path_per_floor":["M","M","M","$","M","R","E","M","T","R","$","E","M","M","R","B"],"character_chosen":"THE_SILENT","items_purchased":["Blade Dance","Dagger Spray"],"campfire_rested":1,"item_purchase_floors":[4,11],"current_hp_per_floor":[53,49,48,48,47,47,24,22,22,41,41,39,39,32,32,0],"gold":104,"neow_bonus":"ONE_RARE_RELIC","is_prod":false,"is_daily":false,"chose_seed":false,"campfire_upgraded":2,"win_rate":0,"timestamp":1551609602,"path_taken":["M","?","M","$","M","R","E","M","T","R","$","E","M","M","R","BOSS"],"build_version":"2019-01-23","purchased_purges":1,"victory":false,"max_hp_per_floor":[66,66,66,66,66,66,66,66,66,66,66,66,66,66,66,66],"card_choices":[{"not_picked":["Sucker Punch","Prepared","Concentrate"],"picked":"SKIP","floor":1},{"not_picked":["Sucker Punch","Night Terror"],"picked":"Blade Dance","floor":2},{"not_picked":["Dodge and Roll","Prepared"],"picked":"Footwork","floor":3},{"not_picked":["Eviscerate","Choke","Sucker Punch"],"picked":"SKIP","floor":5},{"not_picked":["Quick Slash","Setup"],"picked":"Dodge and Roll","floor":7},{"not_picked":["Prepared","Blade Dance"],"picked":"Dagger Spray","floor":8},{"not_picked":["Endless Agony","Outmaneuver"],"picked":"Backstab","floor":12},{"not_picked":["Eviscerate","Bane"],"picked":"Cloak And Dagger","floor":13},{"not_picked":["Predator","Underhanded Strike"],"picked":"Infinite Blades","floor":14}],"player_experience":1255458,"relics_obtained":[{"floor":7,"key":"Anchor"},{"floor":9,"key":"Ice Cream"},{"floor":12,"key":"Peace Pipe"}],"event_choices":[],"is_beta":false,"boss_relics":[],"items_purged_floors":[11],"is_endless":false,"potions_floor_spawned":[1,3,8,12,13],"killed_by":"The Guardian","ascension_level":20}