{"gold_per_floor":[113,1,1,76,88,88,113,113,160,182,217,217,227,256,256,327,327,337,143,193,193,210,210,243,255,267,279,291,303,328,355,367,453,465,489,514,526,588,617,629],"floor_reached":40,"playtime":2214,"items_purged":["Strike_G"],"score":890,"play_id":"479382f4-7814-4cef-9cc3-eb040ddd6549","local_time":"20190311212324","is_ascension_mode":true,"campfire_choices":[{"data":"Poisoned Stab","floor":6.0,"key":"SMITH"},{"data":"Dagger Spray","floor":8.0,"key":"SMITH"},{"floor":12.0,"key":"REST"},{"data":"Neutralize","floor":15.0,"key":"SMITH"},{"data":"Footwork","floor":23.0,"key":"SMITH"},{"floor":25.0,"key":"REST"},{"floor":28.0,"key":"REST"},{"floor":32.0,"key":"REST"}],"neow_cost":"NONE","seed_source_timestamp":0,"circlet_count":0,"master_deck":["AscendersBane","Defend_G","Defend_G","Defend_G","Defend_G","Defend_G","Strike_G","Strike_G","Strike_G","Strike_G","Survivor","Neutralize+1","Caltrops","Poisoned Stab+1","PiercingWail","PiercingWail","Dagger Spray+1","Dash","Prepared+1","Well Laid Plans","Blur+1","Malaise+1","Footwork+1","Deadly Poison+1","Distraction+1","Cloak And Dagger+1","Decay","Necronomicurse","Acrobatics+1","Dash+1","Burst+1","Catalyst+1"],"special_seed":0,"relics":["Ring of the Snake","NeowsBlessing","Toxic Egg 2","Lantern","Odd Mushroom","Juzu Bracelet","Bottled Flame","Sozu","MawBank","Molten Egg 2","Necronomicon","Cursed Key"],"potions_floor_usage":[],"damage_taken":[{"damage":0.0,"enemies":"Small Slimes","floor":1.0,"turns":1.0},{"damage":0.0,"enemies":"2 Louse","floor":5.0,"turns":1.0},{"damage":0.0,"enemies":"3 Sentries","floor":7.0,"turns":1.0},{"damage":8.0,"enemies":"The Mushroom Lair","floor":10.0,"turns":4.0},{"damage":21.0,"enemies":"Gremlin Nob","floor":11.0,"turns":4.0},{"damage":0.0,"enemies":"Jaw Worm","floor":13.0,"turns":2.0},{"damage":10.0,"enemies":"3 Sentries","floor":14.0,"turns":7.0},{"damage":10.0,"enemies":"The Guardian","floor":16.0,"turns":12.0},{"damage":0.0,"enemies":"3 Byrds","floor":18.0,"turns":3.0},{"damage":2.0,"enemies":"Shell Parasite","floor":22.0,"turns":6.0},{"damage":45.0,"enemies":"Slavers","floor":24.0,"turns":7.0},{"damage":0.0,"enemies":"Snake Plant","floor":30.0,"turns":5.0},{"damage":0.0,"enemies":"Centurion and Healer","floor":31.0,"turns":9.0},{"damage":31.0,"enemies":"Automaton","floor":33.0,"turns":15.0},{"damage":8,"enemies":"3 Darklings","floor":35,"turns":6},{"damage":0,"enemies":"Orb Walker","floor":36,"turns":4},{"damage":0,"enemies":"Jaw Worm Horde","floor":39,"turns":4},{"damage":57,"enemies":"Giant Head","floor":40,"turns":9}],"seed_played":"-166403763333706213","potions_obtained":[{"floor":1.0,"key":"PowerPotion"},{"floor":11.0,"key":"EssenceOfSteel"},{"floor":13.0,"key":"Fire Potion"}],"is_trial":false,"path_per_floor":["M","$","?","?","M","R","E","R","T","?","E","R","M","E","R","B",null,"M","$","?","?","M","R","E","R","T","?","R","?","M","M","R","B",null,"M","M","?","?","M","E"],"character_chosen":"THE_SILENT","items_purchased":["Poisoned Stab","PiercingWail","Footwork","Deadly Poison+1"],"campfire_rested":4,"item_purchase_floors":[2,2,19,19],"current_hp_per_floor":[59,59,59,48,48,48,48,48,48,40,19,38,38,28,28,18,54,54,54,54,50,48,48,3,22,22,22,41,20,20,20,39,8,52,44,44,44,44,44,0],"gold":629,"neow_bonus":"THREE_ENEMY_KILL","is_prod":false,"is_daily":false,"chose_seed":false,"campfire_upgraded":4,"win_rate":0,"timestamp":1552339404,"path_taken":["M","$","?","?","M","R","E","R","T","?","E","R","M","E","R","BOSS","M","$","?","?","M","R","E","R","T","?","R","?","M","M","R","BOSS","M","M","?","?","M","E"],"build_version":"2019-01-23","purchased_purges":1,"victory":false,"max_hp_per_floor":[66,66,66,66,66,66,66,66,66,66,66,66,66,66,66,66,66,66,66,66,66,66,66,66,66,66,66,66,66,66,66,66,66,66,66,66,66,66,66,66],"card_choices":[{"not_picked":["Bouncing Flask","Sucker Punch"],"picked":"Caltrops","floor":1.0},{"not_picked":["Backflip","Heel Hook"],"picked":"PiercingWail","floor":5.0},{"not_picked":["Underhanded Strike","Quick Slash"],"picked":"Dagger Spray","floor":7.0},{"not_picked":["PiercingWail+1","Underhanded Strike"],"picked":"Dash","floor":10.0},{"not_picked":["Expertise+1","Choke"],"picked":"Prepared+1","floor":11.0},{"not_picked":["Slice","Bane"],"picked":"Well Laid Plans","floor":13.0},{"not_picked":["Backflip+1","Sucker Punch"],"picked":"Blur+1","floor":14.0},{"not_picked":["Envenom","Burst+1"],"picked":"Malaise+1","floor":16.0},{"not_picked":["Reflex+1","Outmaneuver+1","Sucker Punch+1"],"picked":"SKIP","floor":18.0},{"not_picked":["Prepared+1","Masterful Stab"],"picked":"Distraction+1","floor":22.0},{"not_picked":["Quick Slash","Outmaneuver+1"],"picked":"Cloak And Dagger+1","floor":24.0},{"not_picked":["Slice+1","Concentrate+1"],"picked":"Acrobatics+1","floor":30.0},{"not_picked":["Dagger Spray+1","Cloak And Dagger+1"],"picked":"Dash+1","floor":31.0},{"not_picked":["Tools of the Trade","Storm of Steel+1"],"picked":"Burst+1","floor":33.0},{"not_picked":["Blade Dance+1","Quick Slash+1","Prepared+1"],"picked":"SKIP","floor":35},{"not_picked":["Slice+1","Calculated Gamble+1","Quick Slash+1"],"picked":"SKIP","floor":36},{"not_picked":["Heel Hook+1","Quick Slash+1"],"picked":"Catalyst+1","floor":39}],"player_experience":1314353,"relics_obtained":[{"floor":7.0,"key":"Toxic Egg 2"},{"floor":9.0,"key":"Lantern"},{"floor":10.0,"key":"Odd Mushroom"},{"floor":11.0,"key":"Juzu Bracelet"},{"floor":14.0,"key":"Bottled Flame"},{"floor":24.0,"key":"MawBank"},{"floor":26.0,"key":"Molten Egg 2"},{"floor":29.0,"key":"Necronomicon"}],"event_choices":[{"damage_healed":0.0,"max_hp_gain":0.0,"max_hp_loss":0.0,"gold_gain":0.0,"event_name":"Liars Game","player_choice":"Ignored","floor":3.0,"gold_loss":0.0,"damage_taken":0.0},{"damage_healed":0.0,"max_hp_gain":0.0,"max_hp_loss":0.0,"gold_gain":75.0,"event_name":"World of Goop","player_choice":"Gather Gold","floor":4.0,"gold_loss":0.0,"damage_taken":11.0},{"damage_healed":0.0,"max_hp_gain":0.0,"max_hp_loss":0.0,"gold_gain":0.0,"event_name":"Mushrooms","player_choice":"Fought Mushrooms","floor":10.0,"gold_loss":0.0,"damage_taken":0.0},{"damage_healed":0.0,"max_hp_gain":0.0,"max_hp_loss":0.0,"gold_gain":50.0,"event_name":"Nest","player_choice":"Stole From Cult","floor":20.0,"gold_loss":0.0,"damage_taken":0.0},{"damage_healed":0.0,"max_hp_gain":0.0,"max_hp_loss":0.0,"gold_gain":0.0,"event_name":"The Woman in Blue","player_choice":"Bought 0 Potions","floor":21.0,"gold_loss":0.0,"damage_taken":0.0},{"damage_healed":0.0,"max_hp_gain":0.0,"max_hp_loss":0.0,"gold_gain":0.0,"event_name":"Forgotten Altar","player_choice":"Smashed Altar","floor":27.0,"gold_loss":0.0,"damage_taken":0.0,"cards_obtained":["Decay"]},{"damage_healed":0.0,"max_hp_gain":0.0,"max_hp_loss":0.0,"gold_gain":0.0,"event_name":"Cursed Tome","player_choice":"Obtained Book","floor":29.0,"gold_loss":0.0,"damage_taken":21.0},{"damage_healed":0,"gold_gain":0,"player_choice":"Got Potions","damage_taken":0,"max_hp_gain":0,"max_hp_loss":0,"event_name":"Lab","floor":37,"gold_loss":0},{"damage_healed":0,"gold_gain":50,"player_choice":"Pray","damage_taken":0,"max_hp_gain":0,"max_hp_loss":0,"event_name":"Golden Shrine","floor":38,"gold_loss":0}],"is_beta":false,"boss_relics":[{"not_picked":["Calling Bell","Busted Crown"],"picked":"Sozu"},{"not_picked":["Eternal Feather","Coffee Dripper"],"picked":"Cursed Key"}],"items_purged_floors":[19],"is_endless":false,"potions_floor_spawned":[1,11,13,22,30,35],"killed_by":"Giant Head","ascension_level":20}