{"gold_per_floor":[117,192,211,223,8,39,39,39,92,104,104,124,138,172,172,172],"floor_reached":16,"playtime":999,"items_purged":[],"score":224,"play_id":"e44c1477-dda5-43b7-8784-1a7226a42ac3","local_time":"20190309120409","is_ascension_mode":true,"campfire_choices":[{"data":"Cloak And Dagger","floor":7,"key":"SMITH"},{"floor":11,"key":"REST"},{"floor":15,"key":"REST"}],"neow_cost":"NONE","seed_source_timestamp":2052378053849745,"circlet_count":0,"master_deck":["AscendersBane","Defend_G","Defend_G","Defend_G","Defend_G","Defend_G","Strike_G","Strike_G","Strike_G","Strike_G","Strike_G","Survivor","Neutralize+1","Cloak And Dagger+1","Leg Sweep","Escape Plan","Dagger Spray","Dagger Spray","Dodge and Roll"],"relics":["Ring of the Snake","NeowsBlessing","Strawberry","Anchor","PreservedInsect","Matryoshka"],"potions_floor_usage":[6,13,14,14],"damage_taken":[{"damage":0,"enemies":"Small Slimes","floor":1,"turns":1},{"damage":0,"enemies":"Cultist","floor":3,"turns":1},{"damage":0,"enemies":"Jaw Worm","floor":4,"turns":1},{"damage":41,"enemies":"3 Sentries","floor":6,"turns":10},{"damage":0,"enemies":"Blue Slaver","floor":10,"turns":5},{"damage":0,"enemies":"2 Fungi Beasts","floor":12,"turns":4},{"damage":0,"enemies":"3 Louse","floor":13,"turns":2},{"damage":19,"enemies":"Gremlin Nob","floor":14,"turns":4},{"damage":54,"enemies":"Slime Boss","floor":16,"turns":10}],"seed_played":"7961899340254380887","potions_obtained":[{"floor":4,"key":"GamblersBrew"},{"floor":10,"key":"Fruit Juice"},{"floor":13,"key":"Ancient Potion"}],"is_trial":false,"path_per_floor":["M","?","M","M","$","E","R","?","T","M","R","M","M","E","R","B"],"character_chosen":"THE_SILENT","items_purchased":["AttackPotion","Strawberry"],"campfire_rested":2,"item_purchase_floors":[5,5],"current_hp_per_floor":[59,48,48,48,55,14,14,14,14,14,35,35,40,21,44,0],"gold":172,"neow_bonus":"THREE_ENEMY_KILL","is_prod":false,"is_daily":false,"chose_seed":false,"campfire_upgraded":1,"win_rate":0,"timestamp":1552133049,"path_taken":["M","?","M","M","$","E","R","?","T","M","R","?","M","E","R","BOSS"],"build_version":"2019-01-23","purchased_purges":0,"victory":false,"max_hp_per_floor":[66,66,66,66,73,73,73,73,73,73,73,73,78,78,78,78],"card_choices":[{"not_picked":["Backflip","Heel Hook"],"picked":"Cloak And Dagger","floor":1},{"not_picked":["Outmaneuver","Calculated Gamble","Slice"],"picked":"SKIP","floor":3},{"not_picked":["Cloak And Dagger","Bouncing Flask"],"picked":"Leg Sweep","floor":4},{"not_picked":["Accuracy","Terror"],"picked":"Escape Plan","floor":6},{"not_picked":["Blur","Flying Knee"],"picked":"Dagger Spray","floor":10},{"not_picked":["Terror","Flying Knee"],"picked":"Dagger Spray","floor":12},{"not_picked":["Acrobatics","Dagger Spray"],"picked":"Dodge and Roll","floor":13},{"not_picked":["Terror","Dagger Throw","Slice"],"picked":"SKIP","floor":14}],"player_experience":1307674,"relics_obtained":[{"floor":6,"key":"Anchor"},{"floor":9,"key":"PreservedInsect"},{"floor":14,"key":"Matryoshka"}],"event_choices":[{"damage_healed":0,"gold_gain":75,"player_choice":"Gather Gold","damage_taken":11,"max_hp_gain":0,"max_hp_loss":0,"event_name":"World of Goop","floor":2,"gold_loss":0},{"damage_healed":0,"gold_gain":0,"player_choice":"Forge","damage_taken":0,"max_hp_gain":0,"max_hp_loss":0,"event_name":"Accursed Blacksmith","floor":8,"gold_loss":0,"cards_upgraded":["Neutralize"]}],"is_beta":false,"boss_relics":[],"items_purged_floors":[],"is_endless":false,"potions_floor_spawned":[4,10,13],"killed_by":"Slime Boss","ascension_level":20}