{"gold_per_floor":[115,130,100,114,132,132,162,162,162,41,41,59,134,134,134,210,210,228,252,269,288,14,14,28,42,42,42],"floor_reached":27,"playtime":1466,"items_purged":[],"score":430,"play_id":"ac2901e1-1a09-42a6-a5df-1578e526b80a","local_time":"20190316215629","is_ascension_mode":true,"campfire_choices":[{"data":"Skewer","floor":6.0,"key":"SMITH"},{"data":"Poisoned Stab","floor":8.0,"key":"SMITH"},{"floor":11.0,"key":"REST"},{"floor":15.0,"key":"REST"},{"floor":23,"key":"REST"}],"neow_cost":"NONE","seed_source_timestamp":0,"circlet_count":0,"master_deck":["AscendersBane","Defend_G","Defend_G","Defend_G","Defend_G","Defend_G","Strike_G","Strike_G","Strike_G","Strike_G","Strike_G","Survivor","Neutralize","Poisoned Stab+1","Skewer+1","Footwork","Deadly Poison","Noxious Fumes","Catalyst","Footwork","Wraith Form v2","Dagger Spray+1","Dodge and Roll","Crippling Poison"],"special_seed":0,"relics":["Ring of the Snake","Pen Nib","Centennial Puzzle","Runic Pyramid","Snake Skull","Letter Opener"],"potions_floor_usage":[20,25,25],"damage_taken":[{"damage":0.0,"enemies":"Jaw Worm","floor":1.0,"turns":5.0},{"damage":6.0,"enemies":"Cultist","floor":2.0,"turns":3.0},{"damage":0.0,"enemies":"Small Slimes","floor":4.0,"turns":3.0},{"damage":5.0,"enemies":"2 Fungi Beasts","floor":5.0,"turns":4.0},{"damage":27.0,"enemies":"Lagavulin","floor":7.0,"turns":8.0},{"damage":9.0,"enemies":"Red Slaver","floor":12.0,"turns":3.0},{"damage":28.0,"enemies":"The Guardian","floor":16.0,"turns":9.0},{"damage":9,"enemies":"3 Byrds","floor":18,"turns":7},{"damage":25,"enemies":"2 Thieves","floor":20,"turns":4},{"damage":12,"enemies":"Chosen and Byrds","floor":21,"turns":6},{"damage":4,"enemies":"Snecko","floor":24,"turns":7},{"damage":16,"enemies":"3 Cultists","floor":25,"turns":5},{"damage":19,"enemies":"Snake Plant","floor":27,"turns":1}],"seed_played":"-9203822797160938413","potions_obtained":[{"floor":3.0,"key":"Ancient Potion"},{"floor":3.0,"key":"SneckoOil"},{"floor":5.0,"key":"FearPotion"},{"floor":7.0,"key":"Energy Potion"},{"floor":16.0,"key":"SteroidPotion"},{"floor":21,"key":"GamblersBrew"},{"floor":24,"key":"SkillPotion"}],"is_trial":false,"path_per_floor":["M","M","?","M","M","R","E","R","T","$","R","M","?","?","R","B",null,"M","T","M","M","$","R","M","M","T","M"],"character_chosen":"THE_SILENT","items_purchased":["Noxious Fumes","Catalyst","Letter Opener"],"campfire_rested":3,"item_purchase_floors":[10,10,22],"current_hp_per_floor":[65,59,59,59,54,54,27,27,27,27,48,39,28,28,49,21,59,50,50,25,13,13,34,30,14,14,0],"gold":42,"neow_bonus":"TEN_PERCENT_HP_BONUS","is_prod":false,"is_daily":false,"chose_seed":false,"campfire_upgraded":2,"win_rate":0,"timestamp":1552773389,"path_taken":["M","M","?","?","M","R","E","R","T","$","R","M","?","?","R","BOSS","M","?","M","M","$","R","M","M","T","M"],"build_version":"2019-01-23","purchased_purges":0,"victory":false,"max_hp_per_floor":[72,72,72,72,72,72,72,72,72,72,72,72,72,72,72,72,72,72,72,72,72,72,72,72,72,72,72],"card_choices":[{"not_picked":["Underhanded Strike","Dodge and Roll"],"picked":"Poisoned Stab","floor":1.0},{"not_picked":["Outmaneuver","Expertise"],"picked":"Skewer","floor":2.0},{"not_picked":["Quick Slash","Backflip"],"picked":"Footwork","floor":4.0},{"not_picked":["Reflex","Accuracy","Catalyst"],"picked":"SKIP","floor":5.0},{"not_picked":["Underhanded Strike","Eviscerate"],"picked":"Deadly Poison","floor":7.0},{"not_picked":["Poisoned Stab","Blade Dance"],"picked":"Footwork","floor":12.0},{"not_picked":["Tools of the Trade","Doppelganger"],"picked":"Wraith Form v2","floor":16.0},{"not_picked":["Outmaneuver","Accuracy"],"picked":"Dagger Spray+1","floor":18},{"not_picked":["Bane","Prepared","Acrobatics"],"picked":"SKIP","floor":20},{"not_picked":["Cloak And Dagger","Quick Slash"],"picked":"Dodge and Roll","floor":21},{"not_picked":["Escape Plan","Acrobatics"],"picked":"Crippling Poison","floor":24},{"not_picked":["Unload","Underhanded Strike","Dodge and Roll"],"picked":"SKIP","floor":25}],"player_experience":1317742,"relics_obtained":[{"floor":7.0,"key":"Pen Nib"},{"floor":9.0,"key":"Centennial Puzzle"},{"floor":19,"key":"Snake Skull"}],"event_choices":[{"damage_healed":0.0,"max_hp_gain":0.0,"max_hp_loss":0.0,"gold_gain":0.0,"event_name":"The Woman in Blue","player_choice":"Bought 2 Potions","floor":3.0,"gold_loss":0.0,"damage_taken":0.0},{"damage_healed":0.0,"max_hp_gain":0.0,"max_hp_loss":0.0,"gold_gain":75.0,"event_name":"World of Goop","player_choice":"Gather Gold","floor":13.0,"gold_loss":0.0,"damage_taken":11.0},{"damage_healed":0.0,"max_hp_gain":0.0,"max_hp_loss":0.0,"gold_gain":0.0,"event_name":"Match and Keep!","player_choice":"0 cards matched","floor":14.0,"gold_loss":0.0,"damage_taken":0.0,"cards_obtained":[]}],"is_beta":false,"boss_relics":[{"not_picked":["Tiny House","HoveringKite"],"picked":"Runic Pyramid"}],"items_purged_floors":[],"is_endless":false,"potions_floor_spawned":[5,7,16,21,24],"killed_by":"Snake Plant","ascension_level":20}