{"gold_per_floor":[109,126,126,145,18,18,52,52,352,352,352,382,128,148,148,224,224,243,31,31,31,46,46,61,90,90,90,106,106,139,86,86,163,163,176,176,39,52,52,52],"floor_reached":40,"playtime":2936,"items_purged":["Shame","Strike_G","Strike_G"],"score":1060,"play_id":"4d2c16c7-7408-4b18-befc-22c04086788d","local_time":"20190309102728","is_ascension_mode":true,"campfire_choices":[{"floor":6.0,"key":"REST"},{"data":"Poisoned Stab","floor":8.0,"key":"SMITH"},{"floor":10.0,"key":"REST"},{"data":"Caltrops","floor":15.0,"key":"SMITH"},{"data":"Ghostly","floor":23,"key":"SMITH"},{"data":"Ghostly","floor":29,"key":"SMITH"},{"data":"Burst","floor":32,"key":"SMITH"}],"neow_cost":"CURSE","seed_source_timestamp":0,"circlet_count":0,"master_deck":["AscendersBane","Defend_G","Defend_G+1","Defend_G","Defend_G","Defend_G","Strike_G","Strike_G","Strike_G","Survivor","Neutralize","Well Laid Plans+1","Catalyst","Poisoned Stab+1","Backstab","Leg Sweep","Caltrops+1","Burst+1","Backstab","Infinite Blades","Ghostly","Ghostly+1","Ghostly+1","Shame","Dagger Spray+1","Flying Knee","Wraith Form v2","Malaise","Noxious Fumes","PiercingWail"],"special_seed":0,"relics":["Ring of the Snake","Turnip","Dead Branch","Old Coin","Pear","Ornamental Fan","Coffee Dripper","Letter Opener","Nunchaku","Paper Crane","Ginger","Philosopher\u0027s Stone"],"potions_floor_usage":[30,33,33,40],"damage_taken":[{"damage":4.0,"enemies":"Small Slimes","floor":1.0,"turns":4.0},{"damage":2.0,"enemies":"Jaw Worm","floor":2.0,"turns":5.0},{"damage":9.0,"enemies":"Cultist","floor":4.0,"turns":6.0},{"damage":27.0,"enemies":"Lagavulin","floor":7.0,"turns":10.0},{"damage":6.0,"enemies":"Gremlin Nob","floor":12.0,"turns":3.0},{"damage":0.0,"enemies":"3 Louse","floor":14.0,"turns":3.0},{"damage":14.0,"enemies":"Hexaghost","floor":16.0,"turns":10.0},{"damage":1,"enemies":"3 Byrds","floor":18,"turns":4},{"damage":0,"enemies":"Spheric Guardian","floor":22,"turns":5},{"damage":0,"enemies":"Shelled Parasite and Fungi","floor":24,"turns":5},{"damage":0,"enemies":"Book of Stabbing","floor":25,"turns":6},{"damage":1,"enemies":"Sentry and Sphere","floor":28,"turns":5},{"damage":1,"enemies":"Gremlin Leader","floor":30,"turns":7},{"damage":0,"enemies":"Collector","floor":33,"turns":7},{"damage":24,"enemies":"3 Darklings","floor":35,"turns":7},{"damage":4,"enemies":"Orb Walker","floor":38,"turns":4},{"damage":31,"enemies":"Reptomancer","floor":40,"turns":2}],"seed_played":"5032223598920235591","potions_obtained":[{"floor":1.0,"key":"FearPotion"},{"floor":2.0,"key":"Strength Potion"},{"floor":12.0,"key":"EssenceOfSteel"},{"floor":14.0,"key":"AttackPotion"},{"floor":18,"key":"AttackPotion"},{"floor":35,"key":"Poison Potion"}],"is_trial":false,"path_per_floor":["M","M","?","M","$","R","E","R","T","R","T","E","$","M","R","B",null,"M","$","?","?","M","R","M","E","T","?","M","R","E","$","R","B",null,"M","?","$","M","$","E"],"character_chosen":"THE_SILENT","items_purchased":["Poisoned Stab","Leg Sweep","Caltrops","Infinite Blades","Strength Potion","Noxious Fumes","PiercingWail"],"campfire_rested":2,"item_purchase_floors":[5,13,13,19,31,37,37],"current_hp_per_floor":[55,53,33,24,24,43,16,16,16,35,45,39,39,39,39,25,63,62,62,38,38,38,38,38,38,38,38,37,37,36,36,36,36,38,14,14,14,10,10,0],"gold":52,"neow_bonus":"ONE_RARE_RELIC","is_prod":false,"is_daily":false,"chose_seed":false,"campfire_upgraded":5,"win_rate":0,"timestamp":1552127248,"path_taken":["M","M","?","M","$","R","E","R","T","R","?","E","$","M","R","BOSS","M","?","?","?","?","R","?","E","T","?","?","R","E","$","R","BOSS","M","?","$","M","$","E"],"build_version":"2019-01-23","purchased_purges":3,"victory":false,"max_hp_per_floor":[66,66,66,66,66,66,66,66,66,66,76,76,76,76,76,76,76,76,76,38,38,38,38,38,38,38,38,38,38,38,38,38,38,38,38,38,38,38,38,38],"card_choices":[{"not_picked":["Acrobatics","Backflip"],"picked":"Well Laid Plans","floor":1.0},{"not_picked":["Masterful Stab","Expertise","Escape Plan"],"picked":"SKIP","floor":2.0},{"not_picked":["Riddle With Holes","Catalyst","Underhanded Strike"],"picked":"SKIP","floor":4.0},{"not_picked":["Riddle With Holes","Underhanded Strike"],"picked":"Catalyst","floor":4.0},{"not_picked":["Quick Slash","Cloak And Dagger"],"picked":"Backstab","floor":7.0},{"not_picked":["Unload","Riddle With Holes","Phantasmal Killer"],"picked":"SKIP","floor":12.0},{"not_picked":["Heel Hook","Choke","Outmaneuver"],"picked":"SKIP","floor":14.0},{"not_picked":["Wraith Form v2","Malaise"],"picked":"Burst","floor":16.0},{"not_picked":["Backflip","Blade Dance"],"picked":"Backstab","floor":18},{"not_picked":["Bane","Slice+1","Distraction"],"picked":"SKIP","floor":22},{"not_picked":["Blur","Dagger Throw"],"picked":"Dagger Spray+1","floor":24},{"not_picked":["Quick Slash","Underhanded Strike","Terror"],"picked":"SKIP","floor":25},{"not_picked":["Finisher","Eviscerate+1","Slice+1"],"picked":"SKIP","floor":28},{"not_picked":["Prepared","Backflip"],"picked":"Wraith Form v2","floor":30},{"not_picked":["Envenom","Unload"],"picked":"Malaise","floor":33},{"not_picked":["Underhanded Strike","Quick Slash","Flying Knee"],"picked":"SKIP","floor":35},{"not_picked":["Quick Slash","Slice","Doppelganger"],"picked":"SKIP","floor":38}],"player_experience":1304738,"relics_obtained":[{"floor":7.0,"key":"Dead Branch"},{"floor":9.0,"key":"Old Coin"},{"floor":11.0,"key":"Pear"},{"floor":12.0,"key":"Ornamental Fan"},{"floor":25,"key":"Nunchaku"},{"floor":26,"key":"Paper Crane"},{"floor":30,"key":"Ginger"}],"event_choices":[{"damage_healed":0.0,"max_hp_gain":0.0,"max_hp_loss":0.0,"gold_gain":0.0,"event_name":"Shining Light","player_choice":"Entered Light","floor":3.0,"gold_loss":0.0,"damage_taken":20.0,"cards_upgraded":["Defend_G","Well Laid Plans"]},{"damage_healed":0,"gold_gain":0,"player_choice":"Became a Ghost","damage_taken":0,"max_hp_gain":0,"max_hp_loss":38,"event_name":"Ghosts","floor":20,"gold_loss":0,"cards_obtained":["Ghostly","Ghostly","Ghostly"]},{"damage_healed":0,"gold_gain":0,"player_choice":"Stole Relic","damage_taken":0,"relics_obtained":["Letter Opener"],"max_hp_gain":0,"max_hp_loss":0,"event_name":"Addict","floor":21,"gold_loss":0,"cards_obtained":["Shame"]},{"damage_healed":0,"gold_gain":0,"player_choice":"1 cards matched","damage_taken":0,"max_hp_gain":0,"max_hp_loss":0,"event_name":"Match and Keep!","floor":27,"gold_loss":0,"cards_obtained":["Flying Knee"]},{"damage_healed":0,"gold_gain":0,"player_choice":"Ignored","damage_taken":0,"max_hp_gain":0,"max_hp_loss":0,"event_name":"Tomb of Lord Red Mask","floor":36,"gold_loss":0}],"is_beta":false,"boss_relics":[{"not_picked":["Pandora\u0027s Box","Busted Crown"],"picked":"Coffee Dripper"},{"not_picked":["Fusion Hammer","Runic Pyramid"],"picked":"Philosopher\u0027s Stone"}],"items_purged_floors":[5,13,19],"is_endless":false,"potions_floor_spawned":[1,2,4,12,14,18,25,35],"killed_by":"Reptomancer","ascension_level":20}