{"gold_per_floor":[110,110,128,143,12,41,52,52,52,17,17,52,127,157,157,157],"floor_reached":16,"playtime":719,"items_purged":["Pain"],"score":236,"play_id":"5d5ad83e-ef2c-4422-888f-2ee48e415a22","local_time":"20190309130955","is_ascension_mode":true,"campfire_choices":[{"floor":8,"key":"REST"},{"floor":15,"key":"REST"}],"neow_cost":"NONE","seed_source_timestamp":2056604257229383,"circlet_count":0,"master_deck":["AscendersBane","Defend_G","Defend_G","Defend_G","Defend_G","Defend_G","Strike_G","Strike_G","Strike_G","Strike_G","Strike_G","Survivor","Neutralize","PiercingWail","Dagger Throw","Dagger Spray+1","Skewer"],"relics":["Ring of the Snake","NeowsBlessing","WarpedTongs","Bottled Lightning","Frozen Egg 2","PreservedInsect","Potion Belt"],"potions_floor_usage":[6,12,16],"damage_taken":[{"damage":0,"enemies":"Small Slimes","floor":1,"turns":1},{"damage":0,"enemies":"Cultist","floor":3,"turns":1},{"damage":0,"enemies":"2 Louse","floor":4,"turns":1},{"damage":26,"enemies":"Lagavulin","floor":6,"turns":9},{"damage":9,"enemies":"Large Slime","floor":7,"turns":8},{"damage":16,"enemies":"Gremlin Nob","floor":12,"turns":4},{"damage":17,"enemies":"Lagavulin","floor":14,"turns":5},{"damage":40,"enemies":"Slime Boss","floor":16,"turns":8}],"seed_played":"7353516543975137224","potions_obtained":[{"floor":4,"key":"SkillPotion"},{"floor":12,"key":"GamblersBrew"}],"is_trial":false,"path_per_floor":["M","?","M","M","$","E","M","R","T","?","?","E","?","E","R","B"],"character_chosen":"THE_SILENT","items_purchased":["PowerPotion"],"campfire_rested":2,"item_purchase_floors":[5],"current_hp_per_floor":[59,59,59,59,59,33,24,43,43,59,59,43,32,15,34,0],"gold":157,"neow_bonus":"THREE_ENEMY_KILL","is_prod":false,"is_daily":false,"chose_seed":false,"campfire_upgraded":0,"win_rate":0,"timestamp":1552136995,"path_taken":["M","?","M","M","$","E","?","R","T","?","?","E","?","E","R","BOSS"],"build_version":"2019-01-23","purchased_purges":1,"victory":false,"max_hp_per_floor":[66,66,66,66,66,66,66,66,66,66,66,66,66,66,66,66],"card_choices":[{"not_picked":["Deadly Poison","Flechettes"],"picked":"PiercingWail","floor":1},{"not_picked":["Prepared","Finisher"],"picked":"Dagger Throw","floor":3},{"not_picked":["Underhanded Strike","Sucker Punch"],"picked":"Dagger Spray","floor":4},{"not_picked":["Blade Dance","Flying Knee","Reflex"],"picked":"SKIP","floor":6},{"not_picked":["Heel Hook","Prepared","All Out Attack"],"picked":"SKIP","floor":7},{"not_picked":["Terror","Riddle With Holes"],"picked":"Skewer","floor":12},{"not_picked":["Burst","Acrobatics","Heel Hook"],"picked":"SKIP","floor":14}],"player_experience":1308673,"relics_obtained":[{"floor":6,"key":"Bottled Lightning"},{"floor":9,"key":"Frozen Egg 2"},{"floor":12,"key":"PreservedInsect"},{"floor":14,"key":"Potion Belt"}],"event_choices":[{"damage_healed":0,"gold_gain":0,"player_choice":"Rummage","damage_taken":0,"relics_obtained":["WarpedTongs"],"max_hp_gain":0,"max_hp_loss":0,"event_name":"Accursed Blacksmith","floor":2,"gold_loss":0,"cards_obtained":["Pain"]},{"damage_healed":16,"gold_gain":0,"player_choice":"Healed","damage_taken":0,"max_hp_gain":0,"max_hp_loss":0,"event_name":"The Cleric","floor":10,"gold_loss":35},{"damage_healed":0,"gold_gain":0,"player_choice":"Grow","damage_taken":0,"max_hp_gain":0,"max_hp_loss":0,"event_name":"Living Wall","floor":11,"gold_loss":0,"cards_upgraded":["Dagger Spray"]},{"damage_healed":0,"gold_gain":75,"player_choice":"Gather Gold","damage_taken":11,"max_hp_gain":0,"max_hp_loss":0,"event_name":"World of Goop","floor":13,"gold_loss":0}],"is_beta":false,"boss_relics":[],"items_purged_floors":[5],"is_endless":false,"potions_floor_spawned":[4,12],"killed_by":"Slime Boss","ascension_level":20}