{"gold_per_floor":[113,263,263,281,47,82,29,29,55,96,146,164,188,208,208,301,301,321,246,269,285,14,14,45,170,224,224,243,274,274,294,294,387,387,400,525,31,31,56,95,95,95,95,95,113,54,78,113,113,113],"floor_reached":50,"playtime":3239,"items_purged":["Doubt","Strike_G"],"score":1167,"play_id":"ec47bc2f-b547-4649-8ff2-b4148f68f768","local_time":"20190308223837","is_ascension_mode":true,"campfire_choices":[{"floor":8,"key":"REST"},{"floor":15,"key":"REST"},{"floor":23,"key":"REST"},{"floor":32,"key":"REST"},{"data":"Footwork","floor":41,"key":"SMITH"},{"floor":44,"key":"RECALL"},{"floor":49,"key":"REST"}],"neow_cost":"NONE","seed_source_timestamp":2001804026154088,"circlet_count":0,"master_deck":["AscendersBane","Defend_G+1","Defend_G+1","Defend_G","Defend_G","Survivor","Neutralize","Footwork+1","Well Laid Plans","Noxious Fumes","Leg Sweep","Malaise","PiercingWail","Quick Slash","Dagger Spray","Noxious Fumes","Die Die Die","Dodge and Roll","Dodge and Roll","Deadly Poison","Wraith Form v2","Die Die Die","Corpse Explosion","Finisher+1","Bouncing Flask+1","Deflect+1","PiercingWail","Backflip","PiercingWail+1","Backflip"],"relics":["Ring of the Snake","NeowsBlessing","Golden Idol","Prayer Wheel","Pen Nib","Strawberry","Vajra","Busted Crown","PreservedInsect","Mercury Hourglass","Ice Cream","Bottled Flame","Snake Skull","Regal Pillow","Astrolabe","Tingsha","Pear","War Paint","Blood Vial","Orichalcum","Omamori"],"potions_floor_usage":[10,10,14,18,20,24,24,25,48,50,50],"damage_taken":[{"damage":0,"enemies":"2 Louse","floor":1,"turns":1},{"damage":0,"enemies":"Small Slimes","floor":4,"turns":1},{"damage":0,"enemies":"Lagavulin","floor":6,"turns":2},{"damage":15,"enemies":"3 Sentries","floor":10,"turns":10},{"damage":0,"enemies":"Jaw Worm","floor":12,"turns":7},{"damage":5,"enemies":"Blue Slaver","floor":13,"turns":5},{"damage":14,"enemies":"Exordium Thugs","floor":14,"turns":4},{"damage":22,"enemies":"Slime Boss","floor":16,"turns":9},{"damage":18,"enemies":"3 Byrds","floor":18,"turns":3},{"damage":5,"enemies":"Shell Parasite","floor":20,"turns":8},{"damage":0,"enemies":"3 Cultists","floor":21,"turns":5},{"damage":16,"enemies":"Slavers","floor":24,"turns":3},{"damage":20,"enemies":"Colosseum Slavers","floor":25,"turns":2},{"damage":10,"enemies":"Colosseum Nobs","floor":25,"turns":5},{"damage":6,"enemies":"Cultist and Chosen","floor":28,"turns":6},{"damage":3,"enemies":"Gremlin Leader","floor":29,"turns":6},{"damage":19,"enemies":"Shelled Parasite and Fungi","floor":31,"turns":8},{"damage":7,"enemies":"Champ","floor":33,"turns":20},{"damage":0,"enemies":"3 Shapes","floor":35,"turns":1},{"damage":0,"enemies":"Mind Bloom Boss Battle","floor":36,"turns":7},{"damage":0,"enemies":"3 Darklings","floor":39,"turns":2},{"damage":6,"enemies":"Nemesis","floor":40,"turns":9},{"damage":5,"enemies":"4 Shapes","floor":45,"turns":4},{"damage":63,"enemies":"Giant Head","floor":48,"turns":10},{"damage":53,"enemies":"Donu and Deca","floor":50,"turns":5}],"seed_played":"1987563270876832048","potions_obtained":[{"floor":4,"key":"Dexterity Potion"},{"floor":10,"key":"Swift Potion"},{"floor":14,"key":"LiquidBronze"},{"floor":16,"key":"Weak Potion"},{"floor":18,"key":"Ancient Potion"},{"floor":20,"key":"LiquidBronze"},{"floor":24,"key":"SkillPotion"},{"floor":35,"key":"Explosive Potion"},{"floor":36,"key":"SteroidPotion"},{"floor":48,"key":"LiquidBronze"}],"is_trial":false,"path_per_floor":["M","?","?","M","$","E","$","R","T","E","T","M","M","M","R","B",null,"M","?","M","M","$","R","E","?","T","?","M","E","?","M","R","B",null,"M","?","$","?","M","E","R","?","T","R","M","$","T","E","R","B"],"character_chosen":"THE_SILENT","items_purchased":["Noxious Fumes","Leg Sweep","Block Potion","PreservedInsect","Pear","War Paint","PowerPotion","Backflip"],"campfire_rested":5,"item_purchase_floors":[5,5,7,22,37,37,37,46],"current_hp_per_floor":[59,59,36,36,36,36,36,55,55,47,47,47,42,28,49,27,62,44,44,39,39,39,60,44,14,14,29,23,20,20,1,37,30,62,62,62,72,72,72,66,66,66,66,66,63,63,63,2,41,0],"gold":113,"neow_bonus":"THREE_ENEMY_KILL","is_prod":false,"is_daily":false,"chose_seed":false,"campfire_upgraded":1,"win_rate":0,"timestamp":1552084717,"path_taken":["M","?","?","M","$","E","?","R","T","E","?","M","M","M","R","BOSS","M","?","M","M","$","R","E","?","T","?","?","E","?","M","R","BOSS","M","?","$","?","M","E","R","?","T","R","?","$","?","E","R","BOSS"],"build_version":"2019-01-23","purchased_purges":2,"victory":false,"max_hp_per_floor":[66,66,66,66,66,66,66,66,66,73,73,73,73,73,73,73,73,73,73,73,73,73,73,73,73,73,73,73,73,73,73,73,73,73,73,73,83,83,83,83,83,83,83,83,83,83,83,83,83,83],"card_choices":[{"not_picked":["Bane","Poisoned Stab"],"picked":"Footwork","floor":1},{"not_picked":["Flying Knee","Blade Dance"],"picked":"Well Laid Plans","floor":4},{"not_picked":["Calculated Gamble","Dodge and Roll"],"picked":"Malaise","floor":6},{"not_picked":["Expertise","Prepared"],"picked":"PiercingWail","floor":10},{"not_picked":["Concentrate","Underhanded Strike"],"picked":"Quick Slash","floor":12},{"not_picked":["Blade Dance","Caltrops","Heel Hook"],"picked":"SKIP","floor":12},{"not_picked":["Skewer","Flying Knee"],"picked":"Dagger Spray","floor":13},{"not_picked":["Acrobatics","Bane","Setup"],"picked":"SKIP","floor":13},{"not_picked":["Phantasmal Killer","Cloak And Dagger"],"picked":"Noxious Fumes","floor":14},{"not_picked":["Deflect","Blade Dance","Eviscerate"],"picked":"SKIP","floor":14},{"not_picked":["Unload","Grand Finale"],"picked":"Die Die Die","floor":16},{"not_picked":["Dagger Throw"],"picked":"SKIP","floor":18},{"not_picked":["Acrobatics"],"picked":"SKIP","floor":18},{"not_picked":[],"picked":"Dodge and Roll","floor":20},{"not_picked":["Dagger Throw"],"picked":"SKIP","floor":20},{"not_picked":["Endless Agony"],"picked":"SKIP","floor":21},{"not_picked":["Acrobatics"],"picked":"SKIP","floor":21},{"not_picked":[],"picked":"Dodge and Roll","floor":24},{"not_picked":[],"picked":"Deadly Poison","floor":28},{"not_picked":["Setup"],"picked":"SKIP","floor":28},{"not_picked":[],"picked":"Wraith Form v2","floor":29},{"not_picked":["Caltrops"],"picked":"SKIP","floor":31},{"not_picked":["Cloak And Dagger"],"picked":"SKIP","floor":31},{"not_picked":[],"picked":"Corpse Explosion","floor":33},{"not_picked":[],"picked":"Deflect+1","floor":35},{"not_picked":["Masterful Stab"],"picked":"SKIP","floor":35},{"not_picked":[],"picked":"PiercingWail","floor":39},{"not_picked":["Heel Hook"],"picked":"SKIP","floor":39},{"not_picked":["Cloak And Dagger"],"picked":"SKIP","floor":40},{"not_picked":[],"picked":"Backflip","floor":45},{"not_picked":[],"picked":"PiercingWail+1","floor":45},{"not_picked":["Corpse Explosion"],"picked":"SKIP","floor":48}],"player_experience":1301499,"relics_obtained":[{"floor":6,"key":"Prayer Wheel"},{"floor":9,"key":"Pen Nib"},{"floor":10,"key":"Strawberry"},{"floor":11,"key":"Vajra"},{"floor":24,"key":"Mercury Hourglass"},{"floor":25,"key":"Ice Cream"},{"floor":25,"key":"Bottled Flame"},{"floor":26,"key":"Snake Skull"},{"floor":29,"key":"Regal Pillow"},{"floor":36,"key":"Tingsha"},{"floor":40,"key":"Blood Vial"},{"floor":47,"key":"Orichalcum"},{"floor":48,"key":"Omamori"}],"event_choices":[{"damage_healed":0,"gold_gain":150,"player_choice":"AGREE","damage_taken":0,"max_hp_gain":0,"max_hp_loss":0,"event_name":"Liars Game","floor":2,"gold_loss":0,"cards_obtained":["Doubt"]},{"damage_healed":0,"gold_gain":0,"player_choice":"Take Damage","damage_taken":23,"relics_obtained":["Golden Idol"],"max_hp_gain":0,"max_hp_loss":0,"event_name":"Golden Idol","floor":3,"gold_loss":0},{"cards_removed":["Strike_G"],"damage_healed":0,"gold_gain":0,"player_choice":"Gave Gold","damage_taken":0,"max_hp_gain":0,"max_hp_loss":0,"event_name":"Beggar","floor":19,"gold_loss":75},{"damage_healed":0,"gold_gain":0,"player_choice":"Fight","damage_taken":0,"max_hp_gain":0,"max_hp_loss":0,"event_name":"Colosseum","floor":25,"gold_loss":0},{"damage_healed":0,"gold_gain":0,"player_choice":"Fought Nobs","damage_taken":0,"max_hp_gain":0,"max_hp_loss":0,"event_name":"Colosseum","floor":25,"gold_loss":0},{"damage_healed":15,"gold_gain":0,"player_choice":"Heal","damage_taken":0,"max_hp_gain":0,"max_hp_loss":0,"event_name":"The Library","floor":27,"gold_loss":0},{"damage_healed":0,"gold_gain":0,"cards_transformed":["Strike_G","Strike_G"],"player_choice":"Became Test Subject","damage_taken":0,"max_hp_gain":0,"max_hp_loss":0,"event_name":"Drug Dealer","floor":30,"gold_loss":0,"cards_obtained":["Die Die Die","Predator"]},{"damage_healed":0,"gold_gain":0,"player_choice":"Fight","damage_taken":0,"max_hp_gain":0,"max_hp_loss":0,"event_name":"MindBloom","floor":36,"gold_loss":0},{"damage_healed":0,"gold_gain":0,"player_choice":"Memory 1","damage_taken":0,"max_hp_gain":0,"max_hp_loss":0,"event_name":"SensoryStone","floor":38,"gold_loss":0},{"cards_removed":["Flying Knee"],"damage_healed":0,"gold_gain":0,"player_choice":"Removed Attack","damage_taken":0,"max_hp_gain":0,"max_hp_loss":0,"event_name":"Falling","floor":42,"gold_loss":0}],"is_beta":false,"boss_relics":[{"not_picked":["Tiny House","Coffee Dripper"],"picked":"Busted Crown"},{"not_picked":["Pandora\u0027s Box","Runic Pyramid"],"picked":"Astrolabe"}],"items_purged_floors":[5,22],"is_endless":false,"potions_floor_spawned":[4,10,14,16,18,20,24,35,36,48],"killed_by":"Donu and Deca","ascension_level":20}