{"gold_per_floor":[116,116,191,214,214,249,304,304,330,355,380,380],"floor_reached":12,"playtime":307,"items_purged":[],"score":206,"play_id":"4d570b2c-383c-4744-a40f-4bde4691c610","local_time":"20190308001018","is_ascension_mode":true,"campfire_choices":[{"floor":8,"key":"REST"}],"neow_cost":"NONE","seed_source_timestamp":1923839411690066,"circlet_count":0,"master_deck":["AscendersBane","Defend_G+1","Defend_G","Defend_G","Defend_G","Defend_G","Strike_G","Strike_G","Strike_G","Strike_G","Strike_G","Survivor+1","Neutralize","PiercingWail","Poisoned Stab","Cloak And Dagger+1","PiercingWail+1"],"relics":["Ring of the Snake","NeowsBlessing","Golden Idol","Toxic Egg 2","Orichalcum","Tiny Chest","War Paint"],"potions_floor_usage":[7,12,12],"damage_taken":[{"damage":0,"enemies":"2 Louse","floor":1,"turns":1},{"damage":0,"enemies":"Small Slimes","floor":4,"turns":1},{"damage":0,"enemies":"3 Sentries","floor":6,"turns":1},{"damage":0,"enemies":"Cultist","floor":10,"turns":3},{"damage":0,"enemies":"Looter","floor":11,"turns":3},{"damage":41,"enemies":"Gremlin Nob","floor":12,"turns":4}],"seed_played":"-132025822093633248","potions_obtained":[{"floor":4,"key":"Fruit Juice"},{"floor":6,"key":"AttackPotion"},{"floor":11,"key":"Block Potion"}],"is_trial":false,"path_per_floor":["M","?","?","M","?","E","T","R","T","M","M","E"],"character_chosen":"THE_SILENT","items_purchased":[],"campfire_rested":1,"item_purchase_floors":[],"current_hp_per_floor":[59,36,25,25,14,14,19,40,40,40,40,0],"gold":380,"neow_bonus":"THREE_ENEMY_KILL","is_prod":false,"is_daily":false,"chose_seed":false,"campfire_upgraded":0,"win_rate":0,"timestamp":1552003818,"path_taken":["M","?","?","M","?","E","?","R","T","?","M","E"],"build_version":"2019-01-23","purchased_purges":0,"victory":false,"max_hp_per_floor":[66,66,66,66,66,66,71,71,71,71,71,71],"card_choices":[{"not_picked":["Sucker Punch","Choke"],"picked":"PiercingWail","floor":1},{"not_picked":["Eviscerate","Finisher"],"picked":"Poisoned Stab","floor":4},{"not_picked":["Masterful Stab","Riddle With Holes"],"picked":"Cloak And Dagger+1","floor":6},{"not_picked":["Deflect+1","Backflip+1"],"picked":"PiercingWail+1","floor":10},{"not_picked":["Finisher","Flying Knee","Slice"],"picked":"SKIP","floor":11}],"player_experience":1297176,"relics_obtained":[{"floor":6,"key":"Orichalcum"},{"floor":7,"key":"Tiny Chest"},{"floor":9,"key":"War Paint"}],"event_choices":[{"damage_healed":0,"gold_gain":0,"player_choice":"Take Damage","damage_taken":23,"relics_obtained":["Golden Idol"],"max_hp_gain":0,"max_hp_loss":0,"event_name":"Golden Idol","floor":2,"gold_loss":0},{"damage_healed":0,"gold_gain":75,"player_choice":"Gather Gold","damage_taken":11,"max_hp_gain":0,"max_hp_loss":0,"event_name":"World of Goop","floor":3,"gold_loss":0},{"damage_healed":0,"gold_gain":0,"player_choice":"Success","damage_taken":11,"relics_obtained":["Toxic Egg 2"],"max_hp_gain":0,"max_hp_loss":0,"event_name":"Scrap Ooze","floor":5,"gold_loss":0}],"is_beta":false,"boss_relics":[],"items_purged_floors":[],"is_endless":false,"potions_floor_spawned":[4,6,11],"killed_by":"Gremlin Nob","ascension_level":20}