{"gold_per_floor":[116,191,191,191,191,191,230,195,195,231,231,244,259,80,80,80],"floor_reached":16,"playtime":483,"items_purged":[],"score":312,"play_id":"223b0ecd-1a57-4b09-969f-1920ff2ef930","local_time":"20190308001835","is_ascension_mode":true,"campfire_choices":[{"floor":6,"key":"REST"},{"data":"Neutralize","floor":11,"key":"SMITH"},{"data":"Dagger Spray","floor":15,"key":"SMITH"}],"neow_cost":"NONE","seed_source_timestamp":1924160312584522,"circlet_count":0,"master_deck":["AscendersBane","Defend_G","Defend_G","Defend_G","Defend_G","Defend_G","Strike_G","Strike_G","Strike_G","Strike_G","Survivor","Neutralize+1","After Image","Dagger Throw","Dagger Spray+1","Adrenaline"],"relics":["Ring of the Snake","NeowsBlessing","Golden Idol","Centennial Puzzle","Singing Bowl","The Specimen"],"potions_floor_usage":[16,16],"damage_taken":[{"damage":0,"enemies":"Jaw Worm","floor":1,"turns":1},{"damage":0,"enemies":"Gremlin Nob","floor":7,"turns":1},{"damage":0,"enemies":"Lagavulin","floor":10,"turns":1},{"damage":0,"enemies":"2 Louse","floor":12,"turns":3},{"damage":0,"enemies":"Small Slimes","floor":13,"turns":3},{"damage":73,"enemies":"Slime Boss","floor":16,"turns":13}],"seed_played":"641362020550442391","potions_obtained":[{"floor":1,"key":"Regen Potion"},{"floor":10,"key":"Ancient Potion"},{"floor":13,"key":"Energy Potion"}],"is_trial":false,"path_per_floor":["M","?","?","?","?","R","E","?","T","E","R","M","M","$","R","B"],"character_chosen":"THE_SILENT","items_purchased":["Adrenaline"],"campfire_rested":1,"item_purchase_floors":[14],"current_hp_per_floor":[59,48,25,25,18,37,37,53,53,55,55,55,55,55,55,0],"gold":80,"neow_bonus":"THREE_ENEMY_KILL","is_prod":false,"is_daily":false,"chose_seed":false,"campfire_upgraded":2,"win_rate":0,"timestamp":1552004315,"path_taken":["M","?","?","?","?","R","E","?","T","E","R","M","M","$","R","BOSS"],"build_version":"2019-01-23","purchased_purges":0,"victory":false,"max_hp_per_floor":[66,66,66,66,66,66,66,66,66,68,68,68,68,68,68,68],"card_choices":[{"not_picked":["Heel Hook","Deflect","Blade Dance"],"picked":"SKIP","floor":1},{"not_picked":["PiercingWail","Dagger Spray"],"picked":"After Image","floor":7},{"not_picked":["Slice","Burst","Storm of Steel"],"picked":"Singing Bowl","floor":10},{"not_picked":["Cloak And Dagger","Blade Dance"],"picked":"Dagger Throw","floor":12},{"not_picked":["Slice","Poisoned Stab"],"picked":"Dagger Spray","floor":13}],"player_experience":1297483,"relics_obtained":[{"floor":7,"key":"Centennial Puzzle"},{"floor":9,"key":"Singing Bowl"},{"floor":10,"key":"The Specimen"}],"event_choices":[{"damage_healed":0,"gold_gain":75,"player_choice":"Gather Gold","damage_taken":11,"max_hp_gain":0,"max_hp_loss":0,"event_name":"World of Goop","floor":2,"gold_loss":0},{"damage_healed":0,"gold_gain":0,"player_choice":"Take Damage","damage_taken":23,"relics_obtained":["Golden Idol"],"max_hp_gain":0,"max_hp_loss":0,"event_name":"Golden Idol","floor":3,"gold_loss":0},{"damage_healed":0,"gold_gain":0,"player_choice":"Ignored","damage_taken":0,"max_hp_gain":0,"max_hp_loss":0,"event_name":"Liars Game","floor":4,"gold_loss":0},{"cards_removed":["Strike_G"],"damage_healed":0,"gold_gain":0,"player_choice":"Card Removal","damage_taken":7,"max_hp_gain":0,"max_hp_loss":0,"event_name":"Golden Wing","floor":5,"gold_loss":0},{"damage_healed":16,"gold_gain":0,"player_choice":"Healed","damage_taken":0,"max_hp_gain":0,"max_hp_loss":0,"event_name":"The Cleric","floor":8,"gold_loss":35}],"is_beta":false,"boss_relics":[],"items_purged_floors":[],"is_endless":false,"potions_floor_spawned":[1,10,13],"killed_by":"Slime Boss","ascension_level":20}