{"gold_per_floor":[114,114,126,68,87,87,113,113,165,185,185,202,212,212],"floor_reached":14,"playtime":651,"items_purged":[],"score":184,"play_id":"cf33aa06-d814-4b31-856e-f98016358acb","local_time":"20190310123940","is_ascension_mode":true,"campfire_choices":[{"data":"Caltrops","floor":6,"key":"SMITH"},{"data":"Bouncing Flask","floor":8,"key":"SMITH"},{"floor":11,"key":"REST"}],"neow_cost":"NONE","seed_source_timestamp":2141256931610793,"circlet_count":0,"master_deck":["AscendersBane","Defend_G","Defend_G","Defend_G","Defend_G","Defend_G","Strike_G","Strike_G","Strike_G","Strike_G","Strike_G","Survivor","Neutralize+1","Caltrops+1","Deadly Poison","Caltrops","Bouncing Flask+1","Catalyst"],"relics":["Ring of the Snake","Ancient Tea Set","Boot","Smiling Mask"],"potions_floor_usage":[12],"damage_taken":[{"damage":4,"enemies":"Jaw Worm","floor":1,"turns":6},{"damage":1,"enemies":"Cultist","floor":3,"turns":5},{"damage":0,"enemies":"Small Slimes","floor":5,"turns":3},{"damage":35,"enemies":"Lagavulin","floor":7,"turns":10},{"damage":4,"enemies":"3 Louse","floor":10,"turns":3},{"damage":11,"enemies":"Exordium Thugs","floor":12,"turns":3},{"damage":13,"enemies":"Large Slime","floor":13,"turns":6},{"damage":10,"enemies":"3 Sentries","floor":14,"turns":2}],"seed_played":"-7669640211993706709","potions_obtained":[{"floor":5,"key":"Strength Potion"},{"floor":10,"key":"Fire Potion"},{"floor":13,"key":"SteroidPotion"}],"is_trial":false,"path_per_floor":["M","?","M","$","M","R","E","R","T","M","R","M","M","E"],"character_chosen":"THE_SILENT","items_purchased":["Deadly Poison"],"campfire_rested":1,"item_purchase_floors":[4],"current_hp_per_floor":[55,55,54,54,54,54,19,19,19,15,34,23,10,0],"gold":212,"neow_bonus":"RANDOM_COMMON_RELIC","is_prod":false,"is_daily":false,"chose_seed":false,"campfire_upgraded":2,"win_rate":0,"timestamp":1552221580,"path_taken":["M","?","?","$","M","R","E","R","T","M","R","M","M","E"],"build_version":"2019-01-23","purchased_purges":0,"victory":false,"max_hp_per_floor":[66,66,66,66,66,66,66,66,66,66,66,66,66,66],"card_choices":[{"not_picked":["Outmaneuver","Prepared"],"picked":"Caltrops","floor":1},{"not_picked":["Choke","Acrobatics","Deflect"],"picked":"SKIP","floor":3},{"not_picked":["Cloak And Dagger","Dodge and Roll"],"picked":"Caltrops","floor":5},{"not_picked":["Dagger Throw","Distraction"],"picked":"Bouncing Flask","floor":7},{"not_picked":["Heel Hook","Tactician","Bane"],"picked":"SKIP","floor":10},{"not_picked":["Caltrops","Quick Slash"],"picked":"Catalyst","floor":12},{"not_picked":["Prepared","Acrobatics","Blade Dance"],"picked":"SKIP","floor":13}],"player_experience":1313702,"relics_obtained":[{"floor":7,"key":"Boot"},{"floor":9,"key":"Smiling Mask"}],"event_choices":[{"damage_healed":0,"gold_gain":0,"player_choice":"Upgraded","damage_taken":0,"max_hp_gain":0,"max_hp_loss":0,"event_name":"Upgrade Shrine","floor":2,"gold_loss":0,"cards_upgraded":["Neutralize"]}],"is_beta":false,"boss_relics":[],"items_purged_floors":[],"is_endless":false,"potions_floor_spawned":[5,10,13],"killed_by":"3 Sentries","ascension_level":20}