{"gold_per_floor":[114,39,39,39,54,54,88,101,101,117,117,127,127,137,137,216,216,231,242,276,70,84,114,114,127,207,207,20,35,35,50,50,124,124,144,366,366,384,434,461,476,491,491,491],"floor_reached":44,"playtime":2582,"items_purged":["Strike_G","Strike_G"],"score":999,"play_id":"af698693-e1c0-4a81-a6ed-e2910499a09b","local_time":"20190308092752","is_ascension_mode":true,"campfire_choices":[{"data":"Skewer","floor":6.0,"key":"SMITH"},{"data":"Neutralize","floor":11.0,"key":"SMITH"},{"data":"Deadly Poison","floor":13.0,"key":"SMITH"},{"data":"Poisoned Stab","floor":15.0,"key":"SMITH"},{"data":"Catalyst","floor":24,"key":"SMITH"},{"data":"Burst","floor":27,"key":"SMITH"},{"data":"Corpse Explosion","floor":30,"key":"SMITH"},{"data":"Well Laid Plans","floor":32,"key":"SMITH"}],"neow_cost":"NONE","seed_source_timestamp":1954933327683907,"circlet_count":0,"master_deck":["AscendersBane","Defend_G+1","Defend_G","Defend_G","Defend_G","Survivor","Neutralize+1","Skewer+1","Leg Sweep+1","Poisoned Stab+1","Backflip","Deadly Poison+1","Blur","Corpse Explosion+1","Blur","Catalyst+1","Caltrops+1","Burst+1","Well Laid Plans+1","Escape Plan","PiercingWail","Wraith Form v2","Eviscerate+1","Well Laid Plans+1","Prepared+1","Noxious Fumes+1","Deflect"],"special_seed":0,"relics":["Ring of the Snake","NeowsBlessing","Letter Opener","Pantograph","War Paint","Velvet Choker","Red Mask","Bottled Lightning","The Courier","Astrolabe","Bag of Preparation"],"potions_floor_usage":[23,23,25,33,42,44],"damage_taken":[{"damage":0.0,"enemies":"Small Slimes","floor":1.0,"turns":1.0},{"damage":0.0,"enemies":"Jaw Worm","floor":5.0,"turns":1.0},{"damage":0.0,"enemies":"Lagavulin","floor":7.0,"turns":1.0},{"damage":0.0,"enemies":"Cultist","floor":8.0,"turns":4.0},{"damage":27.0,"enemies":"Gremlin Gang","floor":10.0,"turns":4.0},{"damage":3.0,"enemies":"Looter","floor":12.0,"turns":4.0},{"damage":0.0,"enemies":"Blue Slaver","floor":14.0,"turns":5.0},{"damage":32.0,"enemies":"Hexaghost","floor":16.0,"turns":10.0},{"damage":14.0,"enemies":"2 Thieves","floor":18.0,"turns":3.0},{"damage":0.0,"enemies":"3 Byrds","floor":19.0,"turns":3.0},{"damage":0.0,"enemies":"Masked Bandits","floor":20.0,"turns":2.0},{"damage":0.0,"enemies":"Cultist and Chosen","floor":22.0,"turns":7.0},{"damage":12,"enemies":"Gremlin Leader","floor":23,"turns":6},{"damage":11,"enemies":"Shelled Parasite and Fungi","floor":25,"turns":4},{"damage":0,"enemies":"Snake Plant","floor":29,"turns":3},{"damage":2,"enemies":"Cultist and Chosen","floor":31,"turns":5},{"damage":36,"enemies":"Collector","floor":33,"turns":4},{"damage":0,"enemies":"3 Darklings","floor":35,"turns":4},{"damage":5,"enemies":"Orb Walker","floor":38,"turns":4},{"damage":22,"enemies":"Nemesis","floor":40,"turns":7},{"damage":11,"enemies":"Spire Growth","floor":41,"turns":5},{"damage":12,"enemies":"Jaw Worm Horde","floor":42,"turns":3},{"damage":4,"enemies":"Maw","floor":44,"turns":5}],"seed_played":"-6922419890226740455","potions_obtained":[{"floor":4.0,"key":"GamblersBrew"},{"floor":4.0,"key":"LiquidBronze"},{"floor":7.0,"key":"Block Potion"},{"floor":14.0,"key":"GhostInAJar"},{"floor":18.0,"key":"Explosive Potion"},{"floor":23,"key":"Regen Potion"},{"floor":25,"key":"PowerPotion"},{"floor":38,"key":"SneckoOil"}],"is_trial":false,"path_per_floor":["M","?","?","?","M","R","E","M","T","M","R","M","R","M","R","B",null,"M","M","?","$","M","E","R","M","T","R","$","M","R","M","R","B",null,"M","?","?","M","?","E","M","M","T","M"],"character_chosen":"THE_SILENT","items_purchased":["Catalyst","Fire Potion","Well Laid Plans","SkillPotion"],"campfire_rested":0,"item_purchase_floors":[21,21,28,28],"current_hp_per_floor":[59,59,54,54,54,54,54,54,54,27,27,24,24,24,24,17,54,40,40,40,40,40,28,28,31,31,31,31,31,31,29,29,18,54,54,54,54,49,49,27,16,4,4,0],"gold":491,"neow_bonus":"THREE_ENEMY_KILL","is_prod":false,"is_daily":false,"chose_seed":false,"campfire_upgraded":8,"win_rate":0,"timestamp":1552037272,"path_taken":["M","?","?","?","M","R","E","?","T","M","R","?","R","M","R","BOSS","M","?","?","$","M","E","R","M","T","R","$","M","R","M","R","BOSS","M","?","?","M","?","E","M","?","T","M"],"build_version":"2019-01-23","purchased_purges":2,"victory":false,"max_hp_per_floor":[66,66,66,66,66,66,66,66,66,66,66,66,66,66,66,66,66,66,66,66,66,66,66,66,66,66,66,66,66,66,66,66,66,66,66,66,66,66,66,66,66,66,66,66],"card_choices":[{"not_picked":["Slice","Blade Dance"],"picked":"Skewer","floor":1.0},{"not_picked":["Blade Dance","Cloak And Dagger"],"picked":"Leg Sweep","floor":5.0},{"not_picked":["Acrobatics","Storm of Steel"],"picked":"Poisoned Stab","floor":7.0},{"not_picked":["Quick Slash","Tactician"],"picked":"Backflip","floor":8.0},{"not_picked":["Dodge and Roll","Acrobatics","Finisher"],"picked":"SKIP","floor":10.0},{"not_picked":["PiercingWail","Escape Plan"],"picked":"Deadly Poison","floor":12.0},{"not_picked":["Infinite Blades","Prepared"],"picked":"Blur","floor":14.0},{"not_picked":["Storm of Steel","Malaise"],"picked":"Corpse Explosion","floor":16.0},{"not_picked":["Slice","Acrobatics","Sucker Punch"],"picked":"SKIP","floor":18.0},{"not_picked":["Slice","Bane","Dagger Spray"],"picked":"SKIP","floor":19.0},{"not_picked":["Distraction","Reflex"],"picked":"Blur","floor":20.0},{"not_picked":["Slice","Predator"],"picked":"Caltrops+1","floor":22.0},{"not_picked":["Terror","Dash"],"picked":"Burst","floor":23},{"not_picked":["Blade Dance","Dodge and Roll","Sucker Punch"],"picked":"SKIP","floor":25},{"not_picked":["Slice","Bane"],"picked":"Escape Plan","floor":29},{"not_picked":["Phantasmal Killer","Noxious Fumes"],"picked":"PiercingWail","floor":31},{"not_picked":["After Image","Bullet Time"],"picked":"Wraith Form v2","floor":33},{"not_picked":["Quick Slash","Poisoned Stab","Outmaneuver"],"picked":"SKIP","floor":35},{"not_picked":["Quick Slash","Predator","Dagger Throw"],"picked":"SKIP","floor":38},{"not_picked":["Concentrate","Dagger Throw"],"picked":"Noxious Fumes+1","floor":40},{"not_picked":["Distraction","Dodge and Roll"],"picked":"Deflect","floor":41},{"not_picked":["Heel Hook","Outmaneuver","Underhanded Strike+1"],"picked":"SKIP","floor":42}],"player_experience":1298499,"relics_obtained":[{"floor":7.0,"key":"Pantograph"},{"floor":9.0,"key":"War Paint"},{"floor":20.0,"key":"Red Mask"},{"floor":23,"key":"Bottled Lightning"},{"floor":26,"key":"The Courier"},{"floor":40,"key":"Bag of Preparation"}],"event_choices":[{"cards_removed":["Strike_G"],"damage_healed":0.0,"max_hp_gain":0.0,"max_hp_loss":0.0,"gold_gain":0.0,"event_name":"The Cleric","player_choice":"Card Removal","floor":2.0,"gold_loss":75.0,"damage_taken":0.0},{"damage_healed":0.0,"max_hp_gain":0.0,"max_hp_loss":0.0,"gold_gain":0.0,"event_name":"Scrap Ooze","player_choice":"Success","floor":3.0,"gold_loss":0.0,"damage_taken":5.0,"relics_obtained":["Letter Opener"]},{"damage_healed":0.0,"max_hp_gain":0.0,"max_hp_loss":0.0,"gold_gain":0.0,"event_name":"Lab","player_choice":"Got Potions","floor":4.0,"gold_loss":0.0,"damage_taken":0.0},{"damage_healed":0.0,"max_hp_gain":0.0,"max_hp_loss":0.0,"gold_gain":0.0,"event_name":"Masked Bandits","player_choice":"Fought Bandits","floor":20.0,"gold_loss":0.0,"damage_taken":0.0},{"damage_healed":0,"gold_gain":222,"player_choice":"Wore Mask","damage_taken":0,"max_hp_gain":0,"max_hp_loss":0,"event_name":"Tomb of Lord Red Mask","floor":36,"gold_loss":0},{"damage_healed":0,"gold_gain":0,"player_choice":"Memory 1","damage_taken":0,"max_hp_gain":0,"max_hp_loss":0,"event_name":"SensoryStone","floor":37,"gold_loss":0},{"damage_healed":0,"gold_gain":50,"player_choice":"Pray","damage_taken":0,"max_hp_gain":0,"max_hp_loss":0,"event_name":"Golden Shrine","floor":39,"gold_loss":0}],"is_beta":false,"boss_relics":[{"not_picked":["Ectoplasm","Orrery"],"picked":"Velvet Choker"},{"not_picked":["White Beast Statue","Tiny House"],"picked":"Astrolabe"}],"items_purged_floors":[21,28],"is_endless":false,"potions_floor_spawned":[7,10,14,18,23,25,29,31,38],"killed_by":"Maw","ascension_level":20}