{"gold_per_floor":[116,116,191,204,218,218,236,236,259,259,259],"floor_reached":11,"playtime":418,"items_purged":[],"score":126,"play_id":"da298471-d7a5-400a-a690-987ff4c586ec","local_time":"20190308214425","is_ascension_mode":true,"campfire_choices":[{"data":"Neutralize","floor":6,"key":"SMITH"},{"floor":8,"key":"REST"},{"floor":10,"key":"REST"}],"neow_cost":"NONE","seed_source_timestamp":2001375228047193,"circlet_count":0,"master_deck":["AscendersBane","Defend_G","Defend_G","Defend_G","Defend_G+1","Defend_G","Strike_G+1","Strike_G","Strike_G","Strike_G","Strike_G","Survivor","Neutralize+1","PiercingWail","Dagger Throw"],"relics":["Ring of the Snake","Lantern","Blood Vial"],"potions_floor_usage":[7,11],"damage_taken":[{"damage":0,"enemies":"2 Louse","floor":1,"turns":4},{"damage":0,"enemies":"Jaw Worm","floor":4,"turns":5},{"damage":0,"enemies":"Cultist","floor":5,"turns":4},{"damage":19,"enemies":"Exordium Thugs","floor":7,"turns":7},{"damage":53,"enemies":"Lagavulin","floor":11,"turns":9}],"seed_played":"3351335537350497659","potions_obtained":[{"floor":4,"key":"LiquidBronze"},{"floor":5,"key":"SteroidPotion"}],"is_trial":false,"path_per_floor":["M","?","?","M","M","R","M","R","T","R","E"],"character_chosen":"THE_SILENT","items_purchased":[],"campfire_rested":2,"item_purchase_floors":[],"current_hp_per_floor":[59,39,28,28,28,28,9,28,28,47,0],"gold":259,"neow_bonus":"RANDOM_COMMON_RELIC","is_prod":false,"is_daily":false,"chose_seed":false,"campfire_upgraded":1,"win_rate":0,"timestamp":1552081465,"path_taken":["M","?","?","M","M","R","M","R","T","R","E"],"build_version":"2019-01-23","purchased_purges":0,"victory":false,"max_hp_per_floor":[66,66,66,66,66,66,66,66,66,66,66],"card_choices":[{"not_picked":["Acrobatics","Underhanded Strike","Distraction"],"picked":"SKIP","floor":1},{"not_picked":["Cloak And Dagger","Prepared"],"picked":"PiercingWail","floor":4},{"not_picked":["Blade Dance","Quick Slash"],"picked":"Dagger Throw","floor":5},{"not_picked":["Outmaneuver","Sucker Punch","Terror"],"picked":"SKIP","floor":7}],"player_experience":1301081,"relics_obtained":[{"floor":9,"key":"Blood Vial"}],"event_choices":[{"damage_healed":0,"gold_gain":0,"player_choice":"Entered Light","damage_taken":20,"max_hp_gain":0,"max_hp_loss":0,"event_name":"Shining Light","floor":2,"gold_loss":0,"cards_upgraded":["Strike_G","Defend_G"]},{"damage_healed":0,"gold_gain":75,"player_choice":"Gather Gold","damage_taken":11,"max_hp_gain":0,"max_hp_loss":0,"event_name":"World of Goop","floor":3,"gold_loss":0}],"is_beta":false,"boss_relics":[],"items_purged_floors":[],"is_endless":false,"potions_floor_spawned":[4,5],"killed_by":"Lagavulin","ascension_level":20}