{"gold_per_floor":[113,35,35,53,64,64,78,104,178,178,193,209,236,236,236,315,315,325,325,37,53,67,67,101,101,127,127,137,137,137,11,11,89,139,150,162,162,162,174,174,200,200,225,237,253,281,281,281,281,281,281],"floor_reached":51,"playtime":3948,"items_purged":["Strike_G"],"score":1445,"play_id":"b9179405-0bbe-4c9f-a79b-d4a276629cbc","local_time":"20190310111422","is_ascension_mode":true,"campfire_choices":[{"data":"Poisoned Stab","floor":6.0,"key":"SMITH"},{"floor":10.0,"key":"REST"},{"floor":15.0,"key":"REST"},{"data":"Wraith Form v2","floor":23,"key":"SMITH"},{"data":"Dagger Spray","floor":25,"key":"SMITH"},{"data":"Leg Sweep","floor":27,"key":"SMITH"},{"data":"Well Laid Plans","floor":29,"key":"SMITH"},{"data":"Deadly Poison","floor":32,"key":"SMITH"},{"data":"Footwork","floor":40,"key":"SMITH"},{"data":"Corpse Explosion","floor":42,"key":"SMITH"},{"floor":47,"key":"RECALL"},{"data":"After Image","floor":49,"key":"SMITH"}],"neow_cost":"NONE","seed_source_timestamp":0,"circlet_count":0,"master_deck":["AscendersBane","Defend_G","Defend_G","Defend_G","Defend_G","Defend_G","Strike_G","Strike_G","Strike_G","Strike_G","Survivor","Neutralize","Poisoned Stab+1","Crippling Poison+1","Leg Sweep+1","Well Laid Plans+1","Deadly Poison+1","Dodge and Roll","Dash","Wraith Form v2+1","Backstab+1","Dagger Spray+1","Backstab+1","Deadly Poison+1","Corpse Explosion+1","Footwork+1","Discovery","After Image+1"],"special_seed":0,"relics":["Ring of the Snake","FossilizedHelix","Mummified Hand","Omamori","Coffee Dripper","Singing Bowl","Bag of Preparation","Vajra","Pantograph","Tiny House","Bottled Tornado","Girya","Paper Crane"],"potions_floor_usage":[22,33,41,41,46,46],"damage_taken":[{"damage":4.0,"enemies":"Small Slimes","floor":1.0,"turns":4.0},{"damage":3.0,"enemies":"Jaw Worm","floor":4.0,"turns":4.0},{"damage":0.0,"enemies":"Cultist","floor":5.0,"turns":4.0},{"damage":6.0,"enemies":"Exordium Wildlife","floor":7.0,"turns":5.0},{"damage":34.0,"enemies":"Gremlin Nob","floor":8.0,"turns":5.0},{"damage":3.0,"enemies":"Looter","floor":11.0,"turns":3.0},{"damage":0.0,"enemies":"Large Slime","floor":12.0,"turns":7.0},{"damage":13.0,"enemies":"3 Sentries","floor":13.0,"turns":16.0},{"damage":16.0,"enemies":"Hexaghost","floor":16.0,"turns":11.0},{"damage":3,"enemies":"Spheric Guardian","floor":18,"turns":6},{"damage":0,"enemies":"3 Byrds","floor":21,"turns":6},{"damage":13,"enemies":"Cultist and Chosen","floor":22,"turns":8},{"damage":25,"enemies":"Slavers","floor":24,"turns":10},{"damage":3,"enemies":"Sentry and Sphere","floor":28,"turns":5},{"damage":9,"enemies":"Collector","floor":33,"turns":11},{"damage":0,"enemies":"3 Shapes","floor":35,"turns":1},{"damage":17,"enemies":"3 Darklings","floor":36,"turns":4},{"damage":0,"enemies":"Jaw Worm Horde","floor":39,"turns":4},{"damage":7,"enemies":"Reptomancer","floor":41,"turns":6},{"damage":0,"enemies":"Sphere and 2 Shapes","floor":44,"turns":5},{"damage":0,"enemies":"Writhing Mass","floor":45,"turns":7},{"damage":19,"enemies":"Giant Head","floor":46,"turns":9},{"damage":65,"enemies":"Donu and Deca","floor":50,"turns":10},{"damage":41,"enemies":"Time Eater","floor":51,"turns":11}],"seed_played":"5785981910220692732","potions_obtained":[{"floor":4.0,"key":"Explosive Potion"},{"floor":5.0,"key":"GamblersBrew"},{"floor":8.0,"key":"Strength Potion"},{"floor":13.0,"key":"EssenceOfSteel"},{"floor":21,"key":"Explosive Potion"},{"floor":24,"key":"Block Potion"},{"floor":33,"key":"Swift Potion"},{"floor":34,"key":"Block Potion"},{"floor":36,"key":"Dexterity Potion"},{"floor":41,"key":"AttackPotion"},{"floor":45,"key":"Fruit Juice"}],"is_trial":false,"path_per_floor":["M","$","?","M","M","R","M","E","T","R","M","M","E","?","R","B",null,"M","?","$","M","M","R","E","R","T","R","M","R","T","$","R","B",null,"M","M","?","?","M","R","E","R","T","M","M","E","R","T","R","B","B"],"character_chosen":"THE_SILENT","items_purchased":["Crippling Poison","Singing Bowl","Deadly Poison"],"campfire_rested":2,"item_purchase_floors":[2,20,31],"current_hp_per_floor":[61,61,61,58,58,58,52,18,18,39,36,36,23,5,26,10,57,54,54,54,56,45,45,20,20,20,20,17,17,17,17,17,33,70,72,57,57,57,59,59,54,54,54,56,58,44,44,44,44,4,0],"gold":281,"neow_bonus":"TEN_PERCENT_HP_BONUS","is_prod":false,"is_daily":false,"chose_seed":false,"campfire_upgraded":9,"win_rate":0,"timestamp":1552216462,"path_taken":["M","$","?","M","M","R","M","E","T","R","M","M","E","?","R","BOSS","M","?","?","M","M","R","E","R","T","R","M","R","?","$","R","BOSS","M","M","?","?","M","R","E","R","T","M","M","E","R","?","R","BOSS","BOSS"],"build_version":"2019-01-23","purchased_purges":1,"victory":false,"max_hp_per_floor":[72,72,72,72,72,72,72,72,72,72,72,72,72,72,72,72,72,72,72,72,74,76,76,76,76,76,76,76,76,76,76,76,76,81,83,85,85,85,87,87,89,89,89,91,93,98,98,98,98,98,98],"card_choices":[{"not_picked":["Expertise","Cloak And Dagger"],"picked":"Poisoned Stab","floor":1.0},{"not_picked":["Dagger Throw","Acrobatics"],"picked":"Leg Sweep","floor":4.0},{"not_picked":["Underhanded Strike","Acrobatics","Bane"],"picked":"SKIP","floor":5.0},{"not_picked":["PiercingWail","Crippling Poison"],"picked":"Well Laid Plans","floor":7.0},{"not_picked":["Doppelganger","Infinite Blades"],"picked":"Deadly Poison","floor":8.0},{"not_picked":["Bane","Dagger Throw"],"picked":"Dodge and Roll","floor":11.0},{"not_picked":["Bane","Outmaneuver","Acrobatics"],"picked":"SKIP","floor":12.0},{"not_picked":["Dodge and Roll","Backflip"],"picked":"Dash","floor":13.0},{"not_picked":["Unload","Tools of the Trade"],"picked":"Wraith Form v2","floor":16.0},{"not_picked":["Dagger Throw","Bane"],"picked":"Backstab+1","floor":18},{"not_picked":["Underhanded Strike","Terror","Slice"],"picked":"Singing Bowl","floor":21},{"not_picked":["Predator","Expertise","Slice"],"picked":"Singing Bowl","floor":22},{"not_picked":["Slice","All Out Attack"],"picked":"Dagger Spray","floor":24},{"not_picked":["Prepared","Setup+1"],"picked":"Backstab+1","floor":28},{"not_picked":["Malaise","Tools of the Trade"],"picked":"Corpse Explosion","floor":33},{"not_picked":["Well Laid Plans","Deadly Poison"],"picked":"Footwork","floor":34},{"not_picked":["Dagger Throw","Sucker Punch","Deadly Poison"],"picked":"Singing Bowl","floor":35},{"not_picked":["Blade Dance","Deadly Poison+1","Infinite Blades"],"picked":"Singing Bowl","floor":36},{"not_picked":["The Bomb","Purity"],"picked":"Discovery","floor":38},{"not_picked":["Bouncing Flask+1","Deadly Poison","Dagger Throw+1"],"picked":"Singing Bowl","floor":39},{"not_picked":["Outmaneuver+1","Acrobatics","Blade Dance"],"picked":"Singing Bowl","floor":41},{"not_picked":["Flying Knee","Bane","Riddle With Holes+1"],"picked":"Singing Bowl","floor":44},{"not_picked":["Quick Slash","A Thousand Cuts","Underhanded Strike"],"picked":"Singing Bowl","floor":45},{"not_picked":["Tools of the Trade","Dash"],"picked":"After Image","floor":46}],"player_experience":1309754,"relics_obtained":[{"floor":8.0,"key":"FossilizedHelix"},{"floor":9.0,"key":"Mummified Hand"},{"floor":13.0,"key":"Omamori"},{"floor":24,"key":"Bag of Preparation"},{"floor":26,"key":"Vajra"},{"floor":30,"key":"Pantograph"},{"floor":41,"key":"Bottled Tornado"},{"floor":46,"key":"Girya"},{"floor":48,"key":"Paper Crane"}],"event_choices":[{"damage_healed":0.0,"max_hp_gain":0.0,"max_hp_loss":0.0,"gold_gain":0.0,"event_name":"The Cleric","player_choice":"Leave","floor":3.0,"gold_loss":0.0,"damage_taken":0.0},{"damage_healed":0.0,"max_hp_gain":0.0,"max_hp_loss":0.0,"gold_gain":0.0,"event_name":"Scrap Ooze","player_choice":"Fled","floor":14.0,"gold_loss":0.0,"damage_taken":18.0},{"damage_healed":0,"gold_gain":0,"player_choice":"Forge","damage_taken":0,"max_hp_gain":0,"max_hp_loss":0,"event_name":"Accursed Blacksmith","floor":19,"gold_loss":0,"cards_upgraded":["Crippling Poison"]},{"damage_healed":0,"gold_gain":0,"player_choice":"Ignored","damage_taken":0,"max_hp_gain":0,"max_hp_loss":0,"event_name":"Tomb of Lord Red Mask","floor":37,"gold_loss":0},{"damage_healed":0,"gold_gain":0,"player_choice":"Memory 1","damage_taken":0,"max_hp_gain":0,"max_hp_loss":0,"event_name":"SensoryStone","floor":38,"gold_loss":0}],"is_beta":false,"boss_relics":[{"not_picked":["Orrery","Lizard Tail"],"picked":"Coffee Dripper"},{"not_picked":["WristBlade","Busted Crown"],"picked":"Tiny House"}],"items_purged_floors":[31],"is_endless":false,"potions_floor_spawned":[4,5,8,13,21,24,33,36,41,45],"killed_by":"Time Eater","ascension_level":20}