{"gold_per_floor":[112,122,122,33,52,85,85,85],"floor_reached":8,"playtime":450,"items_purged":[],"score":112,"play_id":"aebe964d-eedd-47d0-b9eb-205dfff66ff8","local_time":"20190308000455","is_ascension_mode":true,"campfire_choices":[{"floor":7,"key":"REST"}],"neow_cost":"PERCENT_DAMAGE","seed_source_timestamp":1923253205539873,"circlet_count":0,"master_deck":["AscendersBane","Defend_G","Defend_G","Defend_G","Defend_G","Defend_G","Strike_G","Strike_G","Strike_G","Strike_G","Survivor","Neutralize","Crippling Poison","Poisoned Stab","Catalyst","Noxious Fumes","Adrenaline"],"special_seed":0,"relics":["Ring of the Snake","StoneCalendar","Bird Faced Urn"],"potions_floor_usage":[8,8,8,8],"damage_taken":[{"damage":7.0,"enemies":"Jaw Worm","floor":1.0,"turns":7.0},{"damage":1.0,"enemies":"Small Slimes","floor":2.0,"turns":6.0},{"damage":0,"enemies":"2 Louse","floor":5,"turns":3},{"damage":26,"enemies":"Lagavulin","floor":6,"turns":7},{"damage":45,"enemies":"Gremlin Nob","floor":8,"turns":4}],"seed_played":"-3475337948154866694","potions_obtained":[{"floor":1.0,"key":"SneckoOil"},{"floor":5,"key":"EntropicBrew"},{"floor":6,"key":"Energy Potion"}],"is_trial":false,"path_per_floor":["M","M","?","$","M","E","R","E"],"character_chosen":"THE_SILENT","items_purchased":["Catalyst"],"campfire_rested":1,"item_purchase_floors":[4],"current_hp_per_floor":[37,36,29,29,29,3,22,0],"gold":85,"neow_bonus":"ONE_RARE_RELIC","is_prod":false,"is_daily":false,"chose_seed":false,"campfire_upgraded":0,"win_rate":0,"timestamp":1552003495,"path_taken":["M","M","?","$","M","E","R","E"],"build_version":"2019-01-23","purchased_purges":0,"victory":false,"max_hp_per_floor":[66,66,66,66,66,66,66,66],"card_choices":[{"not_picked":["Outmaneuver","Sucker Punch"],"picked":"Crippling Poison","floor":1.0},{"not_picked":["Sucker Punch","Cloak And Dagger"],"picked":"Poisoned Stab","floor":2.0},{"not_picked":["Underhanded Strike","Reflex"],"picked":"Noxious Fumes","floor":5},{"not_picked":["Dagger Throw","Prepared"],"picked":"Adrenaline","floor":6}],"player_experience":1296726,"relics_obtained":[{"floor":6,"key":"Bird Faced Urn"}],"event_choices":[{"cards_removed":["Strike_G"],"damage_healed":0.0,"max_hp_gain":0.0,"max_hp_loss":0.0,"gold_gain":0.0,"event_name":"Golden Wing","player_choice":"Card Removal","floor":3.0,"gold_loss":0.0,"damage_taken":7.0}],"is_beta":false,"boss_relics":[],"items_purged_floors":[],"is_endless":false,"potions_floor_spawned":[1,5,6],"killed_by":"Gremlin Nob","ascension_level":20}