{"gold_per_floor":[114,124,199,215,226,253,253,253,253,47,107,107],"floor_reached":12,"playtime":399,"items_purged":["Strike_G"],"score":156,"play_id":"e0fb597d-7c41-45d9-b4f9-0088f43fe568","local_time":"20190312205708","is_ascension_mode":true,"campfire_choices":[{"floor":7,"key":"REST"}],"neow_cost":"NONE","seed_source_timestamp":2344159879665592,"circlet_count":0,"master_deck":["AscendersBane","Defend_G","Defend_G","Defend_G","Defend_G","Defend_G","Strike_G","Strike_G","Strike_G","Strike_G","Survivor","Neutralize","Backstab","A Thousand Cuts","Poisoned Stab","Footwork"],"relics":["Ring of the Snake","NeowsBlessing","Juzu Bracelet","NlothsMask"],"potions_floor_usage":[6,12,12],"damage_taken":[{"damage":0,"enemies":"Cultist","floor":1,"turns":1},{"damage":0,"enemies":"2 Louse","floor":2,"turns":1},{"damage":0,"enemies":"Jaw Worm","floor":4,"turns":1},{"damage":1,"enemies":"2 Fungi Beasts","floor":5,"turns":4},{"damage":43,"enemies":"Lagavulin","floor":6,"turns":10},{"damage":23,"enemies":"3 Sentries","floor":12,"turns":8}],"seed_played":"3060544522704771710","potions_obtained":[{"floor":4,"key":"GamblersBrew"},{"floor":6,"key":"EssenceOfSteel"}],"is_trial":false,"path_per_floor":["M","M","?","M","M","E","R","?","T","$","?","E"],"character_chosen":"THE_SILENT","items_purchased":["Footwork","Poison Potion"],"campfire_rested":1,"item_purchase_floors":[10,10],"current_hp_per_floor":[59,59,48,48,47,4,23,23,23,23,23,0],"gold":107,"neow_bonus":"THREE_ENEMY_KILL","is_prod":false,"is_daily":false,"chose_seed":false,"campfire_upgraded":0,"win_rate":0,"timestamp":1552424228,"path_taken":["M","M","?","M","M","E","R","?","T","$","?","E"],"build_version":"2019-01-23","purchased_purges":1,"victory":false,"max_hp_per_floor":[66,66,66,66,66,66,66,66,66,66,66,66],"card_choices":[{"not_picked":["Slice","Sucker Punch"],"picked":"Backstab","floor":1},{"not_picked":["Cloak And Dagger","Bouncing Flask"],"picked":"A Thousand Cuts","floor":2},{"not_picked":["Endless Agony","PiercingWail"],"picked":"Poisoned Stab","floor":4},{"not_picked":["Predator","Escape Plan","Flying Knee"],"picked":"SKIP","floor":5},{"not_picked":["Blade Dance","Dodge and Roll","Heel Hook"],"picked":"SKIP","floor":6}],"player_experience":1316988,"relics_obtained":[{"floor":6,"key":"Juzu Bracelet"}],"event_choices":[{"damage_healed":0,"gold_gain":75,"player_choice":"Gather Gold","damage_taken":11,"max_hp_gain":0,"max_hp_loss":0,"event_name":"World of Goop","floor":3,"gold_loss":0},{"damage_healed":0,"gold_gain":0,"player_choice":"Trade","damage_taken":0,"relics_obtained":["NlothsMask"],"max_hp_gain":0,"max_hp_loss":0,"event_name":"FaceTrader","floor":8,"gold_loss":0},{"damage_healed":0,"gold_gain":60,"player_choice":"Gained Gold","damage_taken":0,"max_hp_gain":0,"max_hp_loss":0,"event_name":"Golden Wing","floor":11,"gold_loss":0}],"is_beta":false,"boss_relics":[],"items_purged_floors":[10],"is_endless":false,"potions_floor_spawned":[4,6],"killed_by":"3 Sentries","ascension_level":20}