{"gold_per_floor":[111,126,27,27,27,56,56,56,56,86,186,186],"floor_reached":12,"playtime":390,"items_purged":[],"score":218,"play_id":"779176a2-f73f-42f7-a04f-986027c56943","local_time":"20190512234401","is_ascension_mode":true,"campfire_choices":[{"data":"Dagger Spray","floor":7,"key":"SMITH"}],"neow_cost":"NONE","seed_source_timestamp":108366865392005,"circlet_count":0,"master_deck":["AscendersBane","Defend_G","Defend_G","Defend_G","Defend_G","Defend_G","Strike_G","Strike_G","Strike_G","Strike_G","Strike_G","Survivor","Neutralize","Dagger Throw","Caltrops","Dagger Spray+1"],"relics":["Ring of the Snake","NeowsBlessing","Bag of Preparation","Letter Opener","Ice Cream"],"potions_floor_usage":[10,12,12],"damage_taken":[{"damage":0,"enemies":"Cultist","floor":1,"turns":1},{"damage":0,"enemies":"Jaw Worm","floor":2,"turns":1},{"damage":0,"enemies":"Lagavulin","floor":6,"turns":1},{"damage":48,"enemies":"Gremlin Nob","floor":10,"turns":5},{"damage":34,"enemies":"Lagavulin","floor":12,"turns":6}],"seed_played":"-731795805102252079","potions_obtained":[{"floor":1,"key":"SkillPotion"},{"floor":2,"key":"Regen Potion"},{"floor":10,"key":"Explosive Potion"}],"is_trial":false,"path_per_floor":["M","M","$","?","$","E","R","$","T","E","?","E"],"character_chosen":"THE_SILENT","items_purchased":["Caltrops","Dagger Spray"],"campfire_rested":0,"item_purchase_floors":[3,3],"current_hp_per_floor":[59,59,59,59,59,59,59,59,59,11,11,0],"gold":186,"neow_bonus":"THREE_ENEMY_KILL","is_prod":false,"is_daily":false,"chose_seed":false,"campfire_upgraded":1,"win_rate":0,"timestamp":1557701041,"path_taken":["M","M","?","?","$","E","R","?","T","E","?","E"],"build_version":"2019-01-23","purchased_purges":0,"victory":false,"max_hp_per_floor":[66,66,66,66,66,66,66,66,66,66,66,66],"card_choices":[{"not_picked":["Masterful Stab","Bane"],"picked":"Dagger Throw","floor":1},{"not_picked":["Tactician","Quick Slash","Backflip"],"picked":"SKIP","floor":2},{"not_picked":["Flechettes","Deflect","Backflip"],"picked":"SKIP","floor":6},{"not_picked":["Riddle With Holes","All Out Attack","Flechettes"],"picked":"SKIP","floor":10}],"player_experience":1319564,"relics_obtained":[{"floor":6,"key":"Bag of Preparation"},{"floor":9,"key":"Letter Opener"},{"floor":10,"key":"Ice Cream"}],"event_choices":[{"damage_healed":0,"gold_gain":0,"player_choice":"Ignored","damage_taken":0,"max_hp_gain":0,"max_hp_loss":0,"event_name":"Liars Game","floor":4,"gold_loss":0},{"damage_healed":0,"gold_gain":100,"player_choice":"Gold","damage_taken":0,"max_hp_gain":0,"max_hp_loss":0,"event_name":"Wheel of Change","floor":11,"gold_loss":0}],"is_beta":false,"boss_relics":[],"items_purged_floors":[],"is_endless":false,"potions_floor_spawned":[1,2,10],"killed_by":"Lagavulin","ascension_level":20}