{"gold_per_floor":[117,117,135,149,159,159,171,186,213,232,232,263,263,275,275,275],"floor_reached":16,"playtime":972,"items_purged":[],"score":212,"play_id":"b5e80dfe-a1c9-45e8-898d-937d91ab5600","local_time":"20190514231621","is_ascension_mode":true,"campfire_choices":[{"floor":6,"key":"REST"},{"floor":11,"key":"REST"},{"floor":13,"key":"REST"},{"data":"Dagger Spray","floor":15,"key":"SMITH"}],"neow_cost":"NONE","seed_source_timestamp":278927750255458,"circlet_count":0,"master_deck":["AscendersBane","Defend_G","Defend_G","Defend_G","Defend_G","Defend_G","Strike_G+1","Strike_G","Strike_G","Strike_G","Survivor","Neutralize","Flying Knee+1","Dagger Throw","Dagger Spray+1"],"relics":["Ring of the Snake","Centennial Puzzle","Regal Pillow","Whetstone"],"potions_floor_usage":[12,16,16],"damage_taken":[{"damage":7,"enemies":"Jaw Worm","floor":1,"turns":7},{"damage":1,"enemies":"Cultist","floor":3,"turns":4},{"damage":0,"enemies":"2 Louse","floor":4,"turns":4},{"damage":22,"enemies":"Gremlin Gang","floor":5,"turns":6},{"damage":28,"enemies":"Exordium Thugs","floor":7,"turns":7},{"damage":8,"enemies":"Large Slime","floor":8,"turns":7},{"damage":0,"enemies":"Blue Slaver","floor":10,"turns":5},{"damage":27,"enemies":"3 Sentries","floor":12,"turns":10},{"damage":21,"enemies":"Exordium Wildlife","floor":14,"turns":4},{"damage":36,"enemies":"Slime Boss","floor":16,"turns":4}],"seed_played":"4055775352945410022","potions_obtained":[{"floor":7,"key":"Swift Potion"},{"floor":8,"key":"SteroidPotion"},{"floor":14,"key":"SkillPotion"}],"is_trial":false,"path_per_floor":["M","?","M","M","M","R","M","M","T","M","R","E","R","M","R","B"],"character_chosen":"THE_SILENT","items_purchased":[],"campfire_rested":3,"item_purchase_floors":[],"current_hp_per_floor":[52,52,51,51,29,48,20,12,12,12,46,19,53,32,32,0],"gold":275,"neow_bonus":"RANDOM_COMMON_RELIC","is_prod":false,"is_daily":false,"chose_seed":false,"campfire_upgraded":1,"win_rate":0,"timestamp":1557872181,"path_taken":["M","?","M","?","M","R","M","M","T","M","R","E","R","M","R","BOSS"],"build_version":"2019-01-23","purchased_purges":0,"victory":false,"max_hp_per_floor":[66,66,66,66,66,66,66,66,66,66,66,66,66,66,66,66],"card_choices":[{"not_picked":["Underhanded Strike","Terror"],"picked":"Flying Knee","floor":1},{"not_picked":["Bane","Distraction","Deflect"],"picked":"SKIP","floor":3},{"not_picked":["Concentrate","Slice"],"picked":"Dagger Throw","floor":4},{"not_picked":["Cloak And Dagger","Prepared","Deadly Poison"],"picked":"SKIP","floor":5},{"not_picked":["Eviscerate","Dagger Throw","Deadly Poison"],"picked":"SKIP","floor":7},{"not_picked":["Deflect","Deadly Poison","Terror"],"picked":"SKIP","floor":8},{"not_picked":["Flying Knee","Dodge and Roll","Expertise"],"picked":"SKIP","floor":10},{"not_picked":["Choke","Riddle With Holes","Bane"],"picked":"SKIP","floor":12},{"not_picked":["Leg Sweep","Bane"],"picked":"Dagger Spray","floor":14}],"player_experience":1332888,"relics_obtained":[{"floor":9,"key":"Regal Pillow"},{"floor":12,"key":"Whetstone"}],"event_choices":[{"cards_removed":["Strike_G"],"damage_healed":0,"gold_gain":0,"player_choice":"Purged","damage_taken":0,"max_hp_gain":0,"max_hp_loss":0,"event_name":"Purifier","floor":2,"gold_loss":0}],"is_beta":false,"boss_relics":[],"items_purged_floors":[],"is_endless":false,"potions_floor_spawned":[7,8,10,14],"killed_by":"Slime Boss","ascension_level":20}