{"gold_per_floor":[119,134,134,151,151,151,170,200,224,249,261,299,311,356,368,380],"floor_reached":16,"playtime":922,"items_purged":[],"score":256,"play_id":"5b228f13-35fc-4d20-a8e1-486344e148a0","local_time":"20190512235940","is_ascension_mode":true,"campfire_choices":[{"data":"Neutralize","floor":6,"key":"SMITH"},{"floor":11,"key":"REST"},{"floor":13,"key":"REST"},{"data":"Predator","floor":15,"key":"SMITH"}],"neow_cost":"NONE","seed_source_timestamp":108773402564079,"circlet_count":0,"master_deck":["AscendersBane","Defend_G","Defend_G","Defend_G","Defend_G","Defend_G","Strike_G","Strike_G","Strike_G","Strike_G","Strike_G+1","Survivor","Neutralize+1","Cloak And Dagger","Dagger Spray+1","Blur","Footwork","Predator+1","Well Laid Plans"],"relics":["Ring of the Snake","PreservedInsect","Whetstone","MawBank","Ancient Tea Set","Smiling Mask"],"potions_floor_usage":[8,10,16,16],"damage_taken":[{"damage":4,"enemies":"Jaw Worm","floor":1,"turns":4},{"damage":2,"enemies":"Cultist","floor":2,"turns":5},{"damage":2,"enemies":"Small Slimes","floor":4,"turns":6},{"damage":2,"enemies":"Exordium Wildlife","floor":7,"turns":4},{"damage":20,"enemies":"3 Sentries","floor":8,"turns":6},{"damage":18,"enemies":"Gremlin Nob","floor":10,"turns":4},{"damage":20,"enemies":"Lagavulin","floor":12,"turns":9},{"damage":3,"enemies":"3 Sentries","floor":14,"turns":6},{"damage":67,"enemies":"Slime Boss","floor":16,"turns":11}],"seed_played":"3689455690433458947","potions_obtained":[{"floor":2,"key":"Weak Potion"},{"floor":7,"key":"AttackPotion"},{"floor":8,"key":"Swift Potion"},{"floor":12,"key":"Regen Potion"}],"is_trial":false,"path_per_floor":["M","M","?","M","T","R","M","E","T","E","R","E","R","E","R","B"],"character_chosen":"THE_SILENT","items_purchased":[],"campfire_rested":2,"item_purchase_floors":[],"current_hp_per_floor":[61,59,64,62,62,62,60,40,40,22,45,25,48,45,45,0],"gold":380,"neow_bonus":"TEN_PERCENT_HP_BONUS","is_prod":false,"is_daily":false,"chose_seed":false,"campfire_upgraded":2,"win_rate":0,"timestamp":1557701980,"path_taken":["M","M","?","M","?","R","M","E","T","E","R","E","R","E","R","BOSS"],"build_version":"2019-01-23","purchased_purges":0,"victory":false,"max_hp_per_floor":[72,72,77,77,77,77,77,77,77,77,77,77,77,77,77,77],"card_choices":[{"not_picked":["Blade Dance","Reflex"],"picked":"Cloak And Dagger","floor":1},{"not_picked":["Crippling Poison","Slice","Blade Dance"],"picked":"SKIP","floor":2},{"not_picked":["Distraction","Slice","Accuracy"],"picked":"SKIP","floor":4},{"not_picked":["Acrobatics","Riddle With Holes"],"picked":"Dagger Spray","floor":7},{"not_picked":["Escape Plan","Calculated Gamble"],"picked":"Blur","floor":8},{"not_picked":["Outmaneuver","Wraith Form v2"],"picked":"Footwork","floor":10},{"not_picked":["Quick Slash","Outmaneuver"],"picked":"Predator","floor":12},{"not_picked":["PiercingWail","Acrobatics"],"picked":"Well Laid Plans","floor":14}],"player_experience":1319954,"relics_obtained":[{"floor":8,"key":"PreservedInsect"},{"floor":9,"key":"Whetstone"},{"floor":10,"key":"MawBank"},{"floor":12,"key":"Ancient Tea Set"},{"floor":14,"key":"Smiling Mask"}],"event_choices":[{"damage_healed":0,"gold_gain":0,"player_choice":"Donut","damage_taken":0,"max_hp_gain":5,"max_hp_loss":0,"event_name":"Big Fish","floor":3,"gold_loss":0}],"is_beta":false,"boss_relics":[],"items_purged_floors":[],"is_endless":false,"potions_floor_spawned":[2,7,8,12,14],"killed_by":"Slime Boss","ascension_level":20}