{"gold_per_floor":[113,35,35,35,11,43,43,70,70,85,111,111,111,129,129,203,203,203,78,78,78,78,78,78,78,78,78,78,78,78,78,78,78,78,78,78,78,78,78,78,78,78,78,78,78,78,0,0,0,0,0,0,0,0,0,0],"floor_reached":56,"playtime":3625,"items_purged":["Strike_G"],"score":2076,"play_id":"e78f47ea-b524-415c-bea1-ea0aae70fa2e","local_time":"20190514223842","is_ascension_mode":true,"campfire_choices":[{"data":"Noxious Fumes","floor":7.0,"key":"SMITH"},{"data":"Dagger Spray","floor":13.0,"key":"SMITH"},{"data":"Neutralize","floor":15.0,"key":"SMITH"},{"data":"Well Laid Plans","floor":23.0,"key":"SMITH"},{"floor":28.0,"key":"REST"},{"floor":32.0,"key":"REST"},{"floor":40.0,"key":"REST"},{"floor":42.0,"key":"REST"},{"floor":49.0,"key":"RECALL"},{"data":"Wraith Form v2","floor":53,"key":"SMITH"}],"neow_cost":"NONE","seed_source_timestamp":0,"circlet_count":0,"master_deck":["AscendersBane","Defend_G","Defend_G","Defend_G","Defend_G","Defend_G","Strike_G","Strike_G","Survivor","Neutralize+1","Noxious Fumes+1","Well Laid Plans+1","Dagger Spray+1","Skewer+1","Backstab","Bullet Time+1","Bouncing Flask+1","Corpse Explosion+1","Acrobatics+1","PiercingWail+1","Acrobatics+1","Catalyst+1","PiercingWail+1","Malaise+1","PiercingWail+1","Dodge and Roll+1","Wraith Form v2+1","Backflip+1","Footwork","Caltrops","Bouncing Flask+1"],"special_seed":0,"relics":["Ring of the Snake","NeowsBlessing","Letter Opener","Happy Flower","Toxic Egg 2","Lantern","Ectoplasm","StoneCalendar","Mercury Hourglass","White Beast Statue","Nunchaku","Blood Vial","Smiling Mask","Tingsha","Red Mask","Anchor"],"potions_floor_usage":[56],"damage_taken":[{"damage":0.0,"enemies":"Jaw Worm","floor":1.0,"turns":1.0},{"damage":0.0,"enemies":"Gremlin Nob","floor":6.0,"turns":1.0},{"damage":0.0,"enemies":"Lagavulin","floor":8.0,"turns":1.0},{"damage":5.0,"enemies":"2 Louse","floor":10.0,"turns":2.0},{"damage":6.0,"enemies":"Gremlin Nob","floor":11.0,"turns":3.0},{"damage":3.0,"enemies":"Small Slimes","floor":14.0,"turns":3.0},{"damage":9.0,"enemies":"The Guardian","floor":16.0,"turns":8.0},{"damage":6.0,"enemies":"3 Byrds","floor":18.0,"turns":2.0},{"damage":14.0,"enemies":"Shell Parasite","floor":20.0,"turns":5.0},{"damage":0.0,"enemies":"Slavers","floor":24.0,"turns":1.0},{"damage":6.0,"enemies":"Centurion and Healer","floor":25.0,"turns":4.0},{"damage":6.0,"enemies":"Snake Plant","floor":29.0,"turns":3.0},{"damage":2.0,"enemies":"Gremlin Leader","floor":30.0,"turns":4.0},{"damage":0.0,"enemies":"Sentry and Sphere","floor":31.0,"turns":1.0},{"damage":35.0,"enemies":"Automaton","floor":33.0,"turns":7.0},{"damage":10.0,"enemies":"3 Darklings","floor":35.0,"turns":3.0},{"damage":3.0,"enemies":"Mind Bloom Boss Battle","floor":36.0,"turns":6.0},{"damage":2.0,"enemies":"Orb Walker","floor":37.0,"turns":3.0},{"damage":15.0,"enemies":"Writhing Mass","floor":39.0,"turns":6.0},{"damage":18.0,"enemies":"Reptomancer","floor":41.0,"turns":5.0},{"damage":0.0,"enemies":"Transient","floor":44.0,"turns":6.0},{"damage":3.0,"enemies":"Maw","floor":45.0,"turns":7.0},{"damage":8.0,"enemies":"Giant Head","floor":46.0,"turns":7.0},{"damage":0.0,"enemies":"Writhing Mass","floor":48.0,"turns":4.0},{"damage":14.0,"enemies":"Time Eater","floor":50.0,"turns":7.0},{"damage":28.0,"enemies":"Awakened One","floor":51.0,"turns":12.0},{"damage":46,"enemies":"Shield and Spear","floor":55,"turns":8},{"damage":11,"enemies":"The Heart","floor":56,"turns":5}],"seed_played":"-5509143240548149719","potions_obtained":[{"floor":1.0,"key":"FearPotion"},{"floor":14.0,"key":"Weak Potion"},{"floor":16.0,"key":"SneckoOil"},{"floor":25.0,"key":"Energy Potion"},{"floor":30.0,"key":"Block Potion"},{"floor":33.0,"key":"Block Potion"},{"floor":35.0,"key":"Strength Potion"},{"floor":36.0,"key":"GhostInAJar"},{"floor":44.0,"key":"Ancient Potion"},{"floor":55,"key":"AttackPotion"}],"is_trial":false,"path_per_floor":["M","$","?","?","$","E","R","E","T","M","E","?","R","M","R","B",null,"M","$","M","?","$","R","E","M","T","?","R","M","E","M","R","B",null,"M","?","M","?","M","R","E","R","T","M","M","E","?","M","R","B","B",null,"R","$","E","B"],"character_chosen":"THE_SILENT","items_purchased":["Well Laid Plans","Dagger Spray","Acrobatics+1"],"campfire_rested":4,"item_purchase_floors":[2,5,19],"current_hp_per_floor":[59,59,52,52,52,52,52,52,52,47,41,41,41,38,38,29,57,51,51,37,37,37,37,37,31,31,31,50,44,42,42,61,26,56,46,43,41,41,26,45,27,46,46,48,47,41,41,43,43,31,5,51,51,51,7,0],"gold":0,"neow_bonus":"THREE_ENEMY_KILL","is_prod":false,"is_daily":false,"chose_seed":false,"campfire_upgraded":5,"win_rate":0,"timestamp":1557869922,"path_taken":["M","$","?","?","$","E","R","E","T","M","E","?","R","M","R","BOSS","M","$","M","?","?","R","E","M","T","?","R","M","E","M","R","BOSS","M","?","M","?","M","R","E","R","T","?","M","E","?","M","R","BOSS","BOSS","R","$","E","BOSS"],"build_version":"2019-01-23","purchased_purges":1,"victory":false,"max_hp_per_floor":[66,66,66,66,66,66,66,66,66,66,66,66,66,66,66,66,66,66,66,66,66,66,66,66,66,66,66,66,66,66,66,66,66,66,66,66,66,66,66,66,66,66,66,66,66,66,66,66,66,66,66,66,66,66,66,66],"card_choices":[{"not_picked":["Prepared","Choke"],"picked":"Noxious Fumes","floor":1.0},{"not_picked":["Acrobatics","Bane","Underhanded Strike"],"picked":"SKIP","floor":6.0},{"not_picked":["Dagger Spray","Deflect"],"picked":"Skewer","floor":8.0},{"not_picked":["Terror+1","Acrobatics+1"],"picked":"Backstab","floor":10.0},{"not_picked":["Predator","Riddle With Holes"],"picked":"Bullet Time+1","floor":11.0},{"not_picked":["Endless Agony","Skewer"],"picked":"Bouncing Flask+1","floor":14.0},{"not_picked":["Bullet Time+1","Doppelganger+1"],"picked":"Corpse Explosion+1","floor":16.0},{"not_picked":["Poisoned Stab","Blade Dance+1","Endless Agony"],"picked":"SKIP","floor":18.0},{"not_picked":["Outmaneuver+1","Dagger Spray","Backstab"],"picked":"SKIP","floor":20.0},{"not_picked":["Blade Dance+1","Masterful Stab"],"picked":"Acrobatics+1","floor":24.0},{"not_picked":["Acrobatics+1","Masterful Stab","Underhanded Strike"],"picked":"SKIP","floor":25.0},{"not_picked":["Cloak And Dagger+1","Bane","Deadly Poison+1"],"picked":"SKIP","floor":29.0},{"not_picked":["Reflex+1","Leg Sweep+1"],"picked":"Catalyst+1","floor":30.0},{"not_picked":["Underhanded Strike","Acrobatics+1"],"picked":"PiercingWail+1","floor":31.0},{"not_picked":["Phantasmal Killer+1","Night Terror+1"],"picked":"Malaise+1","floor":33.0},{"not_picked":["Acrobatics+1","Slice"],"picked":"PiercingWail+1","floor":35.0},{"not_picked":["Well Laid Plans","Finisher"],"picked":"Dodge and Roll+1","floor":37.0},{"not_picked":["Tools of the Trade","Sucker Punch"],"picked":"Backflip+1","floor":39.0},{"not_picked":["Backflip+1","Riddle With Holes"],"picked":"Footwork","floor":41.0},{"not_picked":["Backflip+1","Masterful Stab"],"picked":"Caltrops","floor":44.0},{"not_picked":["Doppelganger+1","Dagger Throw+1","Prepared+1"],"picked":"SKIP","floor":45.0},{"not_picked":["Dagger Throw","Cloak And Dagger+1","Quick Slash"],"picked":"SKIP","floor":46.0},{"not_picked":["PiercingWail+1","Dagger Throw"],"picked":"Bouncing Flask+1","floor":48.0},{"not_picked":["Dagger Spray","Poisoned Stab","Riddle With Holes"],"picked":"SKIP","floor":55}],"player_experience":1328351,"relics_obtained":[{"floor":6.0,"key":"Letter Opener"},{"floor":8.0,"key":"Happy Flower"},{"floor":9.0,"key":"Toxic Egg 2"},{"floor":11.0,"key":"Lantern"},{"floor":24.0,"key":"StoneCalendar"},{"floor":30.0,"key":"Mercury Hourglass"},{"floor":36.0,"key":"Nunchaku"},{"floor":41.0,"key":"Blood Vial"},{"floor":43.0,"key":"Smiling Mask"},{"floor":46.0,"key":"Tingsha"},{"floor":55,"key":"Anchor"}],"event_choices":[{"cards_removed":["Strike_G"],"damage_healed":0.0,"max_hp_gain":0.0,"max_hp_loss":0.0,"gold_gain":0.0,"event_name":"Golden Wing","player_choice":"Card Removal","floor":3.0,"gold_loss":0.0,"damage_taken":7.0},{"damage_healed":0.0,"max_hp_gain":0.0,"max_hp_loss":0.0,"gold_gain":0.0,"event_name":"Liars Game","player_choice":"Ignored","floor":4.0,"gold_loss":0.0,"damage_taken":0.0},{"damage_healed":0.0,"max_hp_gain":0.0,"max_hp_loss":0.0,"gold_gain":0.0,"event_name":"Living Wall","player_choice":"Grow","floor":12.0,"gold_loss":0.0,"damage_taken":0.0,"cards_upgraded":["Skewer"]},{"damage_healed":0.0,"max_hp_gain":0.0,"max_hp_loss":0.0,"gold_gain":0.0,"event_name":"The Library","player_choice":"Read","floor":21.0,"gold_loss":0.0,"damage_taken":0.0,"cards_obtained":["PiercingWail"]},{"damage_healed":0.0,"max_hp_gain":0.0,"max_hp_loss":0.0,"gold_gain":0.0,"event_name":"The Mausoleum","player_choice":"Ignored","floor":27.0,"gold_loss":0.0,"damage_taken":0.0},{"damage_healed":0.0,"max_hp_gain":0.0,"max_hp_loss":0.0,"gold_gain":0.0,"event_name":"MindBloom","player_choice":"Fight","floor":36.0,"gold_loss":0.0,"damage_taken":0.0},{"damage_healed":0.0,"max_hp_gain":0.0,"max_hp_loss":0.0,"gold_gain":0.0,"cards_transformed":["Strike_G"],"event_name":"Transmorgrifier","player_choice":"Transformed","floor":38.0,"gold_loss":0.0,"damage_taken":0.0,"cards_obtained":["Wraith Form v2"]},{"damage_healed":0.0,"max_hp_gain":0.0,"max_hp_loss":0.0,"gold_gain":0.0,"event_name":"Tomb of Lord Red Mask","player_choice":"Paid","floor":47.0,"gold_loss":78.0,"damage_taken":0.0,"relics_obtained":["Red Mask"]}],"is_beta":false,"boss_relics":[{"not_picked":["Astrolabe","Busted Crown"],"picked":"Ectoplasm"},{"not_picked":["Coffee Dripper","Calling Bell"],"picked":"White Beast Statue"}],"items_purged_floors":[19],"is_endless":false,"potions_floor_spawned":[1,14,16,18,25,30,33,35,36,37,39,41,44,45,46,48,55],"killed_by":"The Heart","ascension_level":20}