{"gold_per_floor":[114,39,114,129,179,179,191,191,214,226,257,288,326,348,360,446,458,483,495,48,67,83,117,117,143,143,160,170,170,187,220,220,297,297,308,308],"floor_reached":36,"playtime":2372,"items_purged":[],"score":902,"play_id":"b96c7d0f-3804-48f2-8a36-a98094eee0eb","local_time":"20190515000554","is_ascension_mode":true,"campfire_choices":[{"data":"Dagger Spray","floor":6,"key":"SMITH"},{"data":"Neutralize","floor":8,"key":"SMITH"},{"data":"Survivor","floor":10,"key":"SMITH"},{"floor":15,"key":"REST"},{"floor":24,"key":"REST"},{"floor":29,"key":"REST"},{"floor":32,"key":"REST"}],"neow_cost":"NONE","seed_source_timestamp":280498202965207,"circlet_count":0,"master_deck":["AscendersBane","Defend_G","Defend_G","Defend_G","Defend_G","Defend_G","Strike_G","Strike_G","Strike_G","Strike_G","Survivor+1","Neutralize+1","Dagger Spray+1","Backstab","Backstab","Crippling Poison","Footwork","Bouncing Flask","Malaise","Footwork","Well Laid Plans","Bouncing Flask+1","Catalyst+1","Deadly Poison+1","Night Terror+1"],"relics":["Ring of the Snake","MawBank","Paper Crane","Velvet Choker","Toxic Egg 2","Omamori","PreservedInsect","The Specimen","Blood Vial","Cursed Key"],"potions_floor_usage":[13,22,23,25,31,31,33,36],"damage_taken":[{"damage":3,"enemies":"Jaw Worm","floor":1,"turns":6},{"damage":5,"enemies":"Small Slimes","floor":4,"turns":4},{"damage":0,"enemies":"2 Louse","floor":7,"turns":2},{"damage":0,"enemies":"Exordium Thugs","floor":11,"turns":5},{"damage":0,"enemies":"Red Slaver","floor":12,"turns":6},{"damage":30,"enemies":"Lagavulin","floor":13,"turns":6},{"damage":0,"enemies":"3 Louse","floor":14,"turns":1},{"damage":28,"enemies":"Hexaghost","floor":16,"turns":10},{"damage":16,"enemies":"Spheric Guardian","floor":18,"turns":4},{"damage":4,"enemies":"Shell Parasite","floor":21,"turns":6},{"damage":19,"enemies":"3 Cultists","floor":22,"turns":5},{"damage":3,"enemies":"Book of Stabbing","floor":23,"turns":7},{"damage":9,"enemies":"Gremlin Leader","floor":25,"turns":4},{"damage":19,"enemies":"Snecko","floor":27,"turns":5},{"damage":1,"enemies":"Chosen and Byrds","floor":28,"turns":5},{"damage":20,"enemies":"Cultist and Chosen","floor":30,"turns":5},{"damage":3,"enemies":"Book of Stabbing","floor":31,"turns":4},{"damage":19,"enemies":"Automaton","floor":33,"turns":10},{"damage":28,"enemies":"3 Darklings","floor":35,"turns":7},{"damage":38,"enemies":"2 Orb Walkers","floor":36,"turns":3}],"seed_played":"7355418546751416535","potions_obtained":[{"floor":4,"key":"EssenceOfSteel"},{"floor":7,"key":"AttackPotion"},{"floor":14,"key":"Dexterity Potion"},{"floor":21,"key":"SteroidPotion"},{"floor":22,"key":"Block Potion"},{"floor":25,"key":"FearPotion"},{"floor":28,"key":"Poison Potion"},{"floor":31,"key":"LiquidBronze"},{"floor":35,"key":"Strength Potion"}],"is_trial":false,"path_per_floor":["M","?","?","M","?","R","M","R","T","R","M","M","E","M","R","B",null,"M","?","$","M","M","E","R","E","T","M","M","R","M","E","R","B",null,"M","?"],"character_chosen":"THE_SILENT","items_purchased":["Toxic Egg 2","Omamori","Well Laid Plans"],"campfire_rested":4,"item_purchase_floors":[20,20,20],"current_hp_per_floor":[62,62,51,46,46,46,46,46,46,46,46,46,16,16,37,9,56,40,40,40,36,17,14,35,26,26,7,6,27,7,4,25,8,56,30,0],"gold":308,"neow_bonus":"TEN_PERCENT_HP_BONUS","is_prod":false,"is_daily":false,"chose_seed":false,"campfire_upgraded":3,"win_rate":0,"timestamp":1557875154,"path_taken":["M","?","?","M","?","R","M","R","T","R","M","?","E","M","R","BOSS","M","?","$","M","M","E","R","E","T","?","M","R","M","E","R","BOSS","M","?"],"build_version":"2019-01-23","purchased_purges":0,"victory":false,"max_hp_per_floor":[72,72,72,72,72,72,72,72,72,72,72,72,72,72,72,72,72,72,72,72,72,72,72,72,72,72,72,72,72,72,72,72,72,72,72,72],"card_choices":[{"not_picked":["Bane","Blade Dance"],"picked":"Dagger Spray","floor":1},{"not_picked":["Bane","Flying Knee"],"picked":"Backstab","floor":4},{"not_picked":["Quick Slash","Deflect"],"picked":"Backstab","floor":7},{"not_picked":["Masterful Stab","Quick Slash","Concentrate"],"picked":"SKIP","floor":11},{"not_picked":["Well Laid Plans","Masterful Stab"],"picked":"Crippling Poison","floor":12},{"not_picked":["Unload","Acrobatics"],"picked":"Footwork","floor":13},{"not_picked":["Deadly Poison","Poisoned Stab"],"picked":"Bouncing Flask","floor":14},{"not_picked":["Wraith Form v2","Tools of the Trade"],"picked":"Malaise","floor":16},{"not_picked":["Tactician","Blade Dance","Outmaneuver+1"],"picked":"SKIP","floor":18},{"not_picked":["Escape Plan+1","Underhanded Strike"],"picked":"Bouncing Flask+1","floor":21},{"not_picked":["Expertise+1","Distraction+1"],"picked":"Catalyst+1","floor":22},{"not_picked":["Expertise+1","Dagger Throw+1"],"picked":"Deadly Poison+1","floor":23},{"not_picked":["Deadly Poison+1","Sucker Punch+1","Bullet Time+1"],"picked":"SKIP","floor":25},{"not_picked":["Outmaneuver+1","Quick Slash+1","Heel Hook+1"],"picked":"SKIP","floor":27},{"not_picked":["Dagger Spray","Flechettes","Quick Slash"],"picked":"SKIP","floor":28},{"not_picked":["Slice","Masterful Stab+1","Accuracy"],"picked":"SKIP","floor":30},{"not_picked":["Riddle With Holes+1","Cloak And Dagger+1","Tactician+1"],"picked":"SKIP","floor":31},{"not_picked":["Envenom","Bullet Time+1"],"picked":"Night Terror+1","floor":33},{"not_picked":["Masterful Stab+1","Tactician+1","Quick Slash+1"],"picked":"SKIP","floor":35}],"player_experience":1334208,"relics_obtained":[{"floor":9,"key":"MawBank"},{"floor":13,"key":"Paper Crane"},{"floor":23,"key":"PreservedInsect"},{"floor":25,"key":"The Specimen"},{"floor":31,"key":"Blood Vial"}],"event_choices":[{"cards_removed":["Strike_G"],"damage_healed":0,"gold_gain":0,"player_choice":"Card Removal","damage_taken":0,"max_hp_gain":0,"max_hp_loss":0,"event_name":"The Cleric","floor":2,"gold_loss":75},{"damage_healed":0,"gold_gain":75,"player_choice":"Gather Gold","damage_taken":11,"max_hp_gain":0,"max_hp_loss":0,"event_name":"World of Goop","floor":3,"gold_loss":0},{"damage_healed":0,"gold_gain":50,"player_choice":"Pray","damage_taken":0,"max_hp_gain":0,"max_hp_loss":0,"event_name":"Golden Shrine","floor":5,"gold_loss":0},{"damage_healed":0,"gold_gain":0,"player_choice":"Copied","damage_taken":0,"max_hp_gain":0,"max_hp_loss":0,"event_name":"Duplicator","floor":19,"gold_loss":0,"cards_obtained":["Footwork"]},{"damage_healed":0,"gold_gain":0,"player_choice":"Fight","damage_taken":0,"max_hp_gain":0,"max_hp_loss":0,"event_name":"Mysterious Sphere","floor":36,"gold_loss":0}],"is_beta":false,"boss_relics":[{"not_picked":["Tiny House","HoveringKite"],"picked":"Velvet Choker"},{"not_picked":["Lizard Tail","Ring of the Serpent"],"picked":"Cursed Key"}],"items_purged_floors":[],"is_endless":false,"potions_floor_spawned":[4,7,14,21,22,25,28,31,35],"killed_by":"2 Orb Walkers","ascension_level":20}