{"gold_per_floor":[110,124,137,25,85,85,100,100,100,175,203,203,220,220,220,298,298,313,331,348,230,155,155,181,181,181,181,181,200,200,217,217,292,292,303,313,313,331,331,366,366,393,416,416,435,435],"floor_reached":46,"playtime":4071,"items_purged":["Strike_G"],"score":1045,"play_id":"c7a93f18-54af-43ac-9b29-620c3052722b","local_time":"20190515223227","is_ascension_mode":true,"campfire_choices":[{"data":"Dagger Spray","floor":6,"key":"SMITH"},{"data":"Neutralize","floor":8,"key":"SMITH"},{"data":"Dash","floor":12,"key":"SMITH"},{"floor":15,"key":"REST"},{"data":"A Thousand Cuts","floor":23,"key":"SMITH"},{"floor":25,"key":"REST"},{"data":"Blade Dance","floor":27,"key":"SMITH"},{"floor":32,"key":"REST"},{"floor":44,"key":"REST"}],"neow_cost":"NONE","seed_source_timestamp":72845730980542,"circlet_count":0,"master_deck":["AscendersBane","Defend_G+1","Defend_G+1","Defend_G+1","Defend_G+1","Defend_G+1","Strike_G+1","Strike_G+1","Strike_G+1","Survivor","Neutralize+1","Dagger Spray+1","Blade Dance+1","Well Laid Plans+1","Dash+1","Backstab","Adrenaline","Dagger Spray","Infinite Blades+1","A Thousand Cuts+1","Footwork+1","Envenom","Adrenaline","PiercingWail+1","Flash of Steel","PiercingWail","Wraith Form v2","Doubt"],"relics":["Ring of the Snake","Letter Opener","Gambling Chip","Cursed Key","Shuriken","Paper Crane","Spirit Poop","Eternal Feather","Mummified Hand","Anchor"],"potions_floor_usage":[16,16,24,29,33,40,40,45],"damage_taken":[{"damage":3,"enemies":"Cultist","floor":1,"turns":4},{"damage":3,"enemies":"2 Louse","floor":2,"turns":4},{"damage":0,"enemies":"Jaw Worm","floor":3,"turns":4},{"damage":0,"enemies":"Lots of Slimes","floor":7,"turns":1},{"damage":12,"enemies":"3 Sentries","floor":11,"turns":7},{"damage":4,"enemies":"Exordium Thugs","floor":13,"turns":3},{"damage":45,"enemies":"Hexaghost","floor":16,"turns":12},{"damage":8,"enemies":"Spheric Guardian","floor":18,"turns":4},{"damage":4,"enemies":"Shell Parasite","floor":19,"turns":4},{"damage":0,"enemies":"3 Cultists","floor":20,"turns":4},{"damage":23,"enemies":"Book of Stabbing","floor":24,"turns":5},{"damage":11,"enemies":"Shelled Parasite and Fungi","floor":29,"turns":4},{"damage":22,"enemies":"Snecko","floor":31,"turns":6},{"damage":13,"enemies":"Automaton","floor":33,"turns":8},{"damage":5,"enemies":"3 Shapes","floor":35,"turns":8},{"damage":0,"enemies":"Orb Walker","floor":36,"turns":3},{"damage":0,"enemies":"Maw","floor":38,"turns":7},{"damage":33,"enemies":"Giant Head","floor":40,"turns":9},{"damage":0,"enemies":"Reptomancer","floor":42,"turns":5},{"damage":35,"enemies":"Spire Growth","floor":45,"turns":4},{"damage":27,"enemies":"3 Darklings","floor":46,"turns":4}],"seed_played":"512427120945179510","potions_obtained":[{"floor":2,"key":"SteroidPotion"},{"floor":11,"key":"Energy Potion"},{"floor":18,"key":"Block Potion"},{"floor":19,"key":"Energy Potion"},{"floor":29,"key":"Explosive Potion"},{"floor":31,"key":"Block Potion"},{"floor":35,"key":"SteroidPotion"},{"floor":40,"key":"Swift Potion"}],"is_trial":false,"path_per_floor":["M","M","M","$","?","R","M","R","T","?","E","R","M","?","R","B",null,"M","M","M","$","?","R","E","R","T","R","?","M","?","M","R","B",null,"M","M","?","M","?","E","?","E","T","R","M","M"],"character_chosen":"THE_SILENT","items_purchased":["Well Laid Plans","Dash","Footwork"],"campfire_rested":4,"item_purchase_floors":[4,4,21],"current_hp_per_floor":[62,59,59,59,59,59,59,59,59,48,36,36,32,32,53,8,56,48,44,44,44,44,44,21,42,42,42,42,31,31,9,30,17,58,53,53,53,53,53,20,20,20,20,56,21,0],"gold":435,"neow_bonus":"TEN_PERCENT_HP_BONUS","is_prod":false,"is_daily":false,"chose_seed":false,"campfire_upgraded":5,"win_rate":0,"timestamp":1557955947,"path_taken":["M","M","?","$","?","R","M","R","T","?","E","R","M","?","R","BOSS","M","?","M","$","?","R","E","R","T","R","?","?","?","M","R","BOSS","M","M","?","?","?","E","?","E","T","R","?","M"],"build_version":"2019-01-23","purchased_purges":1,"victory":false,"max_hp_per_floor":[72,72,72,72,72,72,72,72,72,72,72,72,72,72,72,72,72,72,72,72,72,72,72,72,72,72,72,72,72,72,72,72,72,72,72,72,72,72,72,72,72,72,72,72,72,72],"card_choices":[{"not_picked":["Bane","Dodge and Roll","Endless Agony"],"picked":"SKIP","floor":1},{"not_picked":["Deflect","Heel Hook"],"picked":"Dagger Spray","floor":2},{"not_picked":["Dodge and Roll","Bane"],"picked":"Blade Dance","floor":3},{"not_picked":["Slice","Cloak And Dagger","Deflect"],"picked":"SKIP","floor":7},{"not_picked":["All Out Attack","Night Terror","Terror"],"picked":"SKIP","floor":11},{"not_picked":["Slice","Infinite Blades"],"picked":"Backstab","floor":13},{"not_picked":["Unload","Wraith Form v2"],"picked":"Adrenaline","floor":16},{"not_picked":["Finisher","Bane"],"picked":"Dagger Spray","floor":18},{"not_picked":["Quick Slash","Acrobatics+1"],"picked":"Infinite Blades+1","floor":19},{"not_picked":["Acrobatics","Backflip"],"picked":"A Thousand Cuts","floor":20},{"not_picked":["Heel Hook","Backflip","Outmaneuver+1"],"picked":"SKIP","floor":24},{"not_picked":["Quick Slash+1","Endless Agony+1","Backflip"],"picked":"SKIP","floor":29},{"not_picked":["Dash","Riddle With Holes","Acrobatics"],"picked":"SKIP","floor":31},{"not_picked":["Tools of the Trade","Corpse Explosion"],"picked":"Envenom","floor":33},{"not_picked":["Deadly Poison+1","Acrobatics+1","Distraction"],"picked":"SKIP","floor":35},{"not_picked":["Blade Dance","Dagger Spray","Outmaneuver"],"picked":"SKIP","floor":36},{"not_picked":["Flying Knee","Envenom"],"picked":"PiercingWail+1","floor":38},{"not_picked":["Swift Strike","PanicButton"],"picked":"Flash of Steel","floor":39},{"not_picked":["Poisoned Stab","Dagger Spray+1"],"picked":"PiercingWail","floor":40},{"not_picked":["Expertise","Quick Slash"],"picked":"Wraith Form v2","floor":42},{"not_picked":["Backflip","Flying Knee","Finisher"],"picked":"SKIP","floor":45}],"player_experience":1342915,"relics_obtained":[{"floor":9,"key":"Letter Opener"},{"floor":11,"key":"Gambling Chip"},{"floor":24,"key":"Shuriken"},{"floor":26,"key":"Paper Crane"},{"floor":40,"key":"Mummified Hand"},{"floor":42,"key":"Anchor"}],"event_choices":[{"damage_healed":0,"gold_gain":60,"player_choice":"Gained Gold","damage_taken":0,"max_hp_gain":0,"max_hp_loss":0,"event_name":"Golden Wing","floor":5,"gold_loss":0},{"damage_healed":0,"gold_gain":75,"player_choice":"Gather Gold","damage_taken":11,"max_hp_gain":0,"max_hp_loss":0,"event_name":"World of Goop","floor":10,"gold_loss":0},{"damage_healed":0,"gold_gain":0,"player_choice":"Forge","damage_taken":0,"max_hp_gain":0,"max_hp_loss":0,"event_name":"Accursed Blacksmith","floor":14,"gold_loss":0,"cards_upgraded":["Well Laid Plans"]},{"cards_removed":["Strike_G"],"damage_healed":0,"gold_gain":0,"player_choice":"Gave Gold","damage_taken":0,"max_hp_gain":0,"max_hp_loss":0,"event_name":"Beggar","floor":22,"gold_loss":75},{"cards_removed":["Normality"],"damage_healed":0,"gold_gain":0,"player_choice":"Offered Curse","damage_taken":0,"relics_obtained":["Spirit Poop"],"max_hp_gain":0,"max_hp_loss":0,"event_name":"Bonfire Elementals","floor":28,"gold_loss":0},{"damage_healed":0,"gold_gain":0,"player_choice":"Simplicity","damage_taken":0,"max_hp_gain":0,"max_hp_loss":0,"event_name":"Back to Basics","floor":30,"gold_loss":0,"cards_upgraded":["Defend_G","Defend_G","Defend_G","Defend_G","Defend_G","Strike_G","Strike_G","Strike_G"]},{"damage_healed":0,"gold_gain":0,"player_choice":"Copied","damage_taken":0,"max_hp_gain":0,"max_hp_loss":0,"event_name":"Duplicator","floor":37,"gold_loss":0,"cards_obtained":["Adrenaline"]},{"damage_healed":0,"gold_gain":0,"player_choice":"Memory 1","damage_taken":0,"max_hp_gain":0,"max_hp_loss":0,"event_name":"SensoryStone","floor":39,"gold_loss":0},{"damage_healed":0,"gold_gain":0,"player_choice":"Upgraded","damage_taken":0,"max_hp_gain":0,"max_hp_loss":0,"event_name":"Upgrade Shrine","floor":41,"gold_loss":0,"cards_upgraded":["Footwork"]}],"is_beta":false,"boss_relics":[{"not_picked":["White Beast Statue","Snecko Eye"],"picked":"Cursed Key"},{"not_picked":["Empty Cage","Black Star"],"picked":"Eternal Feather"}],"items_purged_floors":[21],"is_endless":false,"potions_floor_spawned":[2,11,18,19,29,31,35,40],"killed_by":"3 Darklings","ascension_level":20}