{"gold_per_floor":[367,382,457,475,475,510,510,526,526,526,526],"floor_reached":11,"playtime":473,"items_purged":[],"score":146,"play_id":"abe61001-83ca-41c4-baa5-d2ac96eec186","local_time":"20190513205937","is_ascension_mode":true,"campfire_choices":[{"floor":7,"key":"REST"},{"floor":10,"key":"REST"}],"neow_cost":"PERCENT_DAMAGE","seed_source_timestamp":184821901998128,"circlet_count":0,"master_deck":["AscendersBane","Defend_G","Defend_G","Defend_G","Defend_G","Defend_G","Strike_G","Strike_G","Strike_G","Strike_G","Strike_G","Survivor","Neutralize","Dagger Throw","PiercingWail"],"relics":["Ring of the Snake","Ninja Scroll","The Courier"],"potions_floor_usage":[6,6,11],"damage_taken":[{"damage":0,"enemies":"2 Louse","floor":1,"turns":5},{"damage":3,"enemies":"Jaw Worm","floor":2,"turns":4},{"damage":4,"enemies":"Cultist","floor":4,"turns":4},{"damage":24,"enemies":"Gremlin Nob","floor":6,"turns":4},{"damage":17,"enemies":"Exordium Thugs","floor":8,"turns":7},{"damage":30,"enemies":"3 Sentries","floor":11,"turns":9}],"seed_played":"2300619357734954997","potions_obtained":[{"floor":1,"key":"SneckoOil"},{"floor":2,"key":"Weak Potion"},{"floor":5,"key":"LiquidBronze"},{"floor":8,"key":"GhostInAJar"}],"is_trial":false,"path_per_floor":["M","M","?","M","?","E","R","M","T","R","E"],"character_chosen":"THE_SILENT","items_purchased":[],"campfire_rested":2,"item_purchase_floors":[],"current_hp_per_floor":[44,41,30,26,26,2,21,4,4,23,0],"gold":526,"neow_bonus":"TWO_FIFTY_GOLD","is_prod":false,"is_daily":false,"chose_seed":false,"campfire_upgraded":0,"win_rate":0,"timestamp":1557777577,"path_taken":["M","M","?","M","?","E","R","?","T","R","E"],"build_version":"2019-01-23","purchased_purges":0,"victory":false,"max_hp_per_floor":[66,66,66,66,66,66,66,66,66,66,66],"card_choices":[{"not_picked":["Masterful Stab","Calculated Gamble"],"picked":"Dagger Throw","floor":1},{"not_picked":["Sucker Punch","Eviscerate","Dodge and Roll"],"picked":"SKIP","floor":2},{"not_picked":["Eviscerate","Acrobatics","Prepared"],"picked":"SKIP","floor":4},{"not_picked":["Acrobatics","Bane","Prepared"],"picked":"SKIP","floor":6},{"not_picked":["Acrobatics","Underhanded Strike"],"picked":"PiercingWail","floor":8}],"player_experience":1324795,"relics_obtained":[{"floor":6,"key":"Ninja Scroll"},{"floor":9,"key":"The Courier"}],"event_choices":[{"damage_healed":0,"gold_gain":75,"player_choice":"Gather Gold","damage_taken":11,"max_hp_gain":0,"max_hp_loss":0,"event_name":"World of Goop","floor":3,"gold_loss":0},{"damage_healed":0,"gold_gain":0,"player_choice":"Got Potions","damage_taken":0,"max_hp_gain":0,"max_hp_loss":0,"event_name":"Lab","floor":5,"gold_loss":0}],"is_beta":false,"boss_relics":[],"items_purged_floors":[],"is_endless":false,"potions_floor_spawned":[1,2,8],"killed_by":"3 Sentries","ascension_level":20}