{"gold_per_floor":[118,43,62,81,81,111,123,123,148,160,172,216,242,274,286,298],"floor_reached":16,"playtime":912,"items_purged":["Pain"],"score":224,"play_id":"4280d698-2069-4faf-8926-77cef3f9d97d","local_time":"20190514225946","is_ascension_mode":true,"campfire_choices":[{"data":"Dagger Spray","floor":8,"key":"SMITH"},{"floor":10,"key":"REST"},{"data":"Glass Knife","floor":15,"key":"SMITH"}],"neow_cost":"CURSE","seed_source_timestamp":277992429287309,"circlet_count":0,"master_deck":["AscendersBane","Defend_G+1","Defend_G","Defend_G","Defend_G","Defend_G+1","Strike_G","Strike_G","Strike_G","Strike_G","Strike_G","Survivor","Neutralize","Dash","Leg Sweep+1","Dagger Spray+1","PiercingWail","Glass Knife+1"],"relics":["Ring of the Snake","Du-Vu Doll","Strawberry","MawBank","War Paint"],"potions_floor_usage":[6,12,16],"damage_taken":[{"damage":6,"enemies":"Jaw Worm","floor":1,"turns":5},{"damage":0,"enemies":"2 Louse","floor":3,"turns":2},{"damage":0,"enemies":"Small Slimes","floor":4,"turns":4},{"damage":41,"enemies":"Lagavulin","floor":6,"turns":9},{"damage":0,"enemies":"Looter","floor":7,"turns":3},{"damage":3,"enemies":"3 Sentries","floor":12,"turns":7},{"damage":1,"enemies":"Exordium Wildlife","floor":13,"turns":3},{"damage":1,"enemies":"Large Slime","floor":14,"turns":5},{"damage":39,"enemies":"Hexaghost","floor":16,"turns":11}],"seed_played":"-8933074442027847648","potions_obtained":[{"floor":1,"key":"AttackPotion"},{"floor":6,"key":"GhostInAJar"},{"floor":7,"key":"EssenceOfSteel"}],"is_trial":false,"path_per_floor":["M","$","M","M","?","E","M","R","T","R","?","E","M","M","R","B"],"character_chosen":"THE_SILENT","items_purchased":[],"campfire_rested":1,"item_purchase_floors":[],"current_hp_per_floor":[53,53,53,53,53,19,19,19,19,40,40,37,36,35,35,0],"gold":298,"neow_bonus":"ONE_RARE_RELIC","is_prod":false,"is_daily":false,"chose_seed":false,"campfire_upgraded":2,"win_rate":0,"timestamp":1557871186,"path_taken":["M","$","M","M","?","E","M","R","T","R","?","E","M","M","R","BOSS"],"build_version":"2019-01-23","purchased_purges":1,"victory":false,"max_hp_per_floor":[66,66,66,66,66,73,73,73,73,73,73,73,73,73,73,73],"card_choices":[{"not_picked":["Outmaneuver","Prepared"],"picked":"Dash","floor":1},{"not_picked":["Flying Knee","Deflect","Bane"],"picked":"SKIP","floor":3},{"not_picked":["Accuracy","Cloak And Dagger"],"picked":"Leg Sweep","floor":4},{"not_picked":["Heel Hook","Dodge and Roll"],"picked":"Dagger Spray","floor":6},{"not_picked":["Slice","Eviscerate","Deadly Poison"],"picked":"SKIP","floor":7},{"not_picked":["Deflect","Infinite Blades"],"picked":"PiercingWail","floor":12},{"not_picked":["Prepared","Flying Knee"],"picked":"Glass Knife","floor":13},{"not_picked":["Skewer","Concentrate","Blade Dance"],"picked":"SKIP","floor":14}],"player_experience":1331976,"relics_obtained":[{"floor":6,"key":"Strawberry"},{"floor":9,"key":"MawBank"},{"floor":12,"key":"War Paint"}],"event_choices":[{"damage_healed":0,"gold_gain":0,"player_choice":"Leave","damage_taken":0,"max_hp_gain":0,"max_hp_loss":0,"event_name":"The Cleric","floor":5,"gold_loss":0},{"damage_healed":0,"gold_gain":0,"player_choice":"Grow","damage_taken":0,"max_hp_gain":0,"max_hp_loss":0,"event_name":"Living Wall","floor":11,"gold_loss":0,"cards_upgraded":["Leg Sweep"]}],"is_beta":false,"boss_relics":[],"items_purged_floors":[2],"is_endless":false,"potions_floor_spawned":[1,6,7],"killed_by":"Hexaghost","ascension_level":20}