{"gold_per_floor":[114,126,140,12,31,31,57,57,57,57,77,77,77,90,90,183,183,197,197,222,222,236,236,276,292,292,292,58,89,24,74,74,170,170],"floor_reached":34,"playtime":2226,"items_purged":["Strike_G"],"score":780,"play_id":"5e0da24a-6c1d-4041-aba4-34b12f1ed0d0","local_time":"20190514000455","is_ascension_mode":true,"campfire_choices":[{"data":"Riddle With Holes","floor":6,"key":"SMITH"},{"floor":8,"key":"REST"},{"floor":13,"key":"REST"},{"data":"Noxious Fumes","floor":15,"key":"SMITH"},{"data":"Dagger Spray","floor":23,"key":"SMITH"},{"floor":27,"key":"REST"},{"floor":32,"key":"REST"}],"neow_cost":"NONE","seed_source_timestamp":194185862350925,"circlet_count":0,"master_deck":["AscendersBane","Survivor","Neutralize","PiercingWail","Riddle With Holes+1","Dash","Noxious Fumes+1","Well Laid Plans","Malaise","Footwork","Unload","Dagger Spray+1","Apotheosis","PiercingWail","After Image","Tools of the Trade","Flying Knee","Accuracy","Infinite Blades","Dagger Spray","Phantasmal Killer"],"relics":["Ring of the Snake","Vajra","Orichalcum","Regal Pillow","Golden Idol","Velvet Choker","GremlinMask","The Courier","Sundial","Juzu Bracelet","Pandora\u0027s Box"],"potions_floor_usage":[7,16,16,24,29],"damage_taken":[{"damage":1,"enemies":"Jaw Worm","floor":1,"turns":5},{"damage":0,"enemies":"2 Louse","floor":2,"turns":4},{"damage":0,"enemies":"Cultist","floor":3,"turns":3},{"damage":17,"enemies":"Exordium Thugs","floor":5,"turns":5},{"damage":14,"enemies":"Lagavulin","floor":7,"turns":5},{"damage":0,"enemies":"2 Fungi Beasts","floor":11,"turns":3},{"damage":0,"enemies":"Exordium Wildlife","floor":14,"turns":4},{"damage":24,"enemies":"Hexaghost","floor":16,"turns":10},{"damage":14,"enemies":"2 Thieves","floor":18,"turns":5},{"damage":3,"enemies":"Shell Parasite","floor":20,"turns":5},{"damage":7,"enemies":"Sentry and Sphere","floor":22,"turns":5},{"damage":25,"enemies":"Slavers","floor":24,"turns":5},{"damage":2,"enemies":"Centurion and Healer","floor":25,"turns":7},{"damage":9,"enemies":"Book of Stabbing","floor":29,"turns":8},{"damage":22,"enemies":"Collector","floor":33,"turns":14}],"seed_played":"-478937011775823301","potions_obtained":[{"floor":2,"key":"PowerPotion"},{"floor":11,"key":"PowerPotion"},{"floor":22,"key":"Strength Potion"},{"floor":25,"key":"Ancient Potion"}],"is_trial":false,"path_per_floor":["M","M","M","$","M","R","E","R","T","?","M","?","R","M","R","B",null,"M","?","M","?","M","R","E","M","T","R","$","E","$","?","R","B",null],"character_chosen":"THE_SILENT","items_purchased":["Poison Potion","Apotheosis","PiercingWail","PowerPotion","GhostInAJar"],"campfire_rested":4,"item_purchase_floors":[4,28,28,28,30],"current_hp_per_floor":[58,58,58,58,41,41,27,46,46,39,39,16,50,50,50,26,56,42,42,39,39,32,32,7,5,5,39,39,30,30,30,64,42,60],"gold":170,"neow_bonus":"RANDOM_COMMON_RELIC","is_prod":false,"is_daily":false,"chose_seed":false,"campfire_upgraded":3,"win_rate":0,"timestamp":1557788695,"path_taken":["M","M","M","$","M","R","E","R","T","?","M","?","R","?","R","BOSS","M","?","?","?","M","R","E","M","T","R","$","E","$","?","R","BOSS"],"build_version":"2019-01-23","purchased_purges":1,"victory":false,"max_hp_per_floor":[66,66,66,66,66,66,66,66,66,66,66,66,66,66,66,66,66,66,66,66,66,66,66,66,66,66,66,66,66,66,66,66,66,66],"card_choices":[{"not_picked":["Sucker Punch","Reflex"],"picked":"PiercingWail","floor":1},{"not_picked":["Quick Slash","Catalyst"],"picked":"Riddle With Holes","floor":2},{"not_picked":["Reflex","Concentrate"],"picked":"Dash","floor":3},{"not_picked":["Flying Knee","Prepared"],"picked":"Noxious Fumes","floor":5},{"not_picked":["Dodge and Roll","Deadly Poison","Predator"],"picked":"SKIP","floor":7},{"not_picked":["Calculated Gamble","Cloak And Dagger"],"picked":"Well Laid Plans","floor":11},{"not_picked":["Quick Slash","Deflect","Flying Knee"],"picked":"SKIP","floor":14},{"not_picked":["Grand Finale","After Image"],"picked":"Malaise","floor":16},{"not_picked":["Acrobatics","Sucker Punch","Predator+1"],"picked":"SKIP","floor":18},{"not_picked":["Terror","Prepared","Blade Dance"],"picked":"SKIP","floor":20},{"not_picked":["Footwork","Underhanded Strike"],"picked":"Dagger Spray","floor":22},{"not_picked":["Well Laid Plans","Doppelganger","Flechettes"],"picked":"SKIP","floor":24},{"not_picked":["Bane","Quick Slash","Calculated Gamble"],"picked":"SKIP","floor":25},{"not_picked":["Catalyst","Predator","Masterful Stab+1"],"picked":"SKIP","floor":29},{"not_picked":["Doppelganger","Malaise"],"picked":"After Image","floor":33}],"player_experience":1326125,"relics_obtained":[{"floor":7,"key":"Orichalcum"},{"floor":9,"key":"Regal Pillow"},{"floor":24,"key":"The Courier"},{"floor":26,"key":"Sundial"},{"floor":29,"key":"Juzu Bracelet"}],"event_choices":[{"cards_removed":["Strike_G"],"damage_healed":0,"gold_gain":0,"player_choice":"Card Removal","damage_taken":7,"max_hp_gain":0,"max_hp_loss":0,"event_name":"Golden Wing","floor":10,"gold_loss":0},{"damage_healed":0,"gold_gain":0,"player_choice":"Take Damage","damage_taken":23,"relics_obtained":["Golden Idol"],"max_hp_gain":0,"max_hp_loss":0,"event_name":"Golden Idol","floor":12,"gold_loss":0},{"damage_healed":0,"gold_gain":0,"player_choice":"Trade","damage_taken":0,"relics_obtained":["GremlinMask"],"max_hp_gain":0,"max_hp_loss":0,"event_name":"FaceTrader","floor":19,"gold_loss":0},{"damage_healed":0,"gold_gain":0,"cards_transformed":["Strike_G","Strike_G"],"player_choice":"Became Test Subject","damage_taken":0,"max_hp_gain":0,"max_hp_loss":0,"event_name":"Drug Dealer","floor":21,"gold_loss":0,"cards_obtained":["Footwork","Unload"]},{"damage_healed":0,"gold_gain":50,"player_choice":"Stole From Cult","damage_taken":0,"max_hp_gain":0,"max_hp_loss":0,"event_name":"Nest","floor":31,"gold_loss":0}],"is_beta":false,"boss_relics":[{"not_picked":["Black Star","HoveringKite"],"picked":"Velvet Choker"},{"not_picked":["White Beast Statue","Cursed Key"],"picked":"Pandora\u0027s Box"}],"items_purged_floors":[4],"is_endless":false,"potions_floor_spawned":[2,5,11,14,22,25,33],"ascension_level":20}