{"gold_per_floor":[115,126,144,16,16,16,47,57,82,82,117,117,135,152,152,152],"floor_reached":16,"playtime":662,"items_purged":[],"score":224,"play_id":"68a07cca-6bae-4b63-8d45-5b04d0069558","local_time":"20190515195459","is_ascension_mode":true,"campfire_choices":[{"data":"Dagger Spray","floor":6,"key":"SMITH"},{"data":"Footwork","floor":10,"key":"SMITH"},{"data":"Neutralize","floor":12,"key":"SMITH"},{"data":"Noxious Fumes","floor":15,"key":"SMITH"}],"neow_cost":"NONE","seed_source_timestamp":66809661687647,"circlet_count":0,"master_deck":["AscendersBane","Defend_G","Defend_G","Defend_G","Defend_G","Defend_G","Strike_G","Strike_G","Strike_G","Strike_G","Strike_G","Survivor","Neutralize+1","Adrenaline","Dagger Spray+1","Footwork+1","Skewer+1","Adrenaline","Dash","Noxious Fumes+1","Leg Sweep"],"relics":["Ring of the Snake","Bag of Marbles","Blood Vial","PreservedInsect"],"potions_floor_usage":[7,11,16,16],"damage_taken":[{"damage":1,"enemies":"Cultist","floor":1,"turns":4},{"damage":0,"enemies":"Small Slimes","floor":2,"turns":2},{"damage":2,"enemies":"2 Louse","floor":3,"turns":3},{"damage":14,"enemies":"Gremlin Nob","floor":7,"turns":4},{"damage":0,"enemies":"Blue Slaver","floor":8,"turns":1},{"damage":8,"enemies":"Lagavulin","floor":11,"turns":7},{"damage":0,"enemies":"Exordium Wildlife","floor":13,"turns":2},{"damage":3,"enemies":"Looter","floor":14,"turns":3},{"damage":43,"enemies":"Slime Boss","floor":16,"turns":8}],"seed_played":"4487045089223254857","potions_obtained":[{"floor":2,"key":"Block Potion"},{"floor":7,"key":"Fire Potion"},{"floor":11,"key":"Block Potion"},{"floor":13,"key":"FearPotion"}],"is_trial":false,"path_per_floor":["M","M","M","$","?","R","E","M","T","R","E","R","M","M","R","B"],"character_chosen":"THE_SILENT","items_purchased":["Skewer","Weak Potion"],"campfire_rested":0,"item_purchase_floors":[4,4],"current_hp_per_floor":[58,58,56,56,56,56,42,42,42,42,36,36,38,37,37,0],"gold":152,"neow_bonus":"ONE_RANDOM_RARE_CARD","is_prod":false,"is_daily":false,"chose_seed":false,"campfire_upgraded":4,"win_rate":0,"timestamp":1557946499,"path_taken":["M","M","?","$","?","R","E","M","T","R","E","R","M","M","R","BOSS"],"build_version":"2019-01-23","purchased_purges":0,"victory":false,"max_hp_per_floor":[66,66,66,66,66,66,66,66,66,66,66,66,66,66,66,66],"card_choices":[{"not_picked":["Deflect","Outmaneuver"],"picked":"Dagger Spray","floor":1},{"not_picked":["Sucker Punch","Expertise","Setup"],"picked":"SKIP","floor":2},{"not_picked":["Riddle With Holes","Accuracy"],"picked":"Footwork","floor":3},{"not_picked":["Sucker Punch","Backflip"],"picked":"Adrenaline","floor":7},{"not_picked":["Quick Slash","All Out Attack","Flying Knee"],"picked":"SKIP","floor":8},{"not_picked":["Night Terror","Acrobatics"],"picked":"Dash","floor":11},{"not_picked":["Dash","Outmaneuver"],"picked":"Noxious Fumes","floor":13},{"not_picked":["Poisoned Stab","Prepared"],"picked":"Leg Sweep","floor":14}],"player_experience":1338284,"relics_obtained":[{"floor":7,"key":"Bag of Marbles"},{"floor":9,"key":"Blood Vial"},{"floor":11,"key":"PreservedInsect"}],"event_choices":[{"damage_healed":0,"gold_gain":0,"player_choice":"Forge","damage_taken":0,"max_hp_gain":0,"max_hp_loss":0,"event_name":"Accursed Blacksmith","floor":5,"gold_loss":0,"cards_upgraded":["Skewer"]}],"is_beta":false,"boss_relics":[],"items_purged_floors":[],"is_endless":false,"potions_floor_spawned":[2,7,8,11,13],"killed_by":"Slime Boss","ascension_level":20}