{"gold_per_floor":[113,113,71,88,104,104,130,130,206,233,233,248,248,261,261,333,363,333,333,343,370,383,383,257,257,306,22,33,63,63,63,63,63],"floor_reached":33,"playtime":1652,"items_purged":["Normality","Shame"],"score":546,"play_id":"e37469e2-d4ad-4b7e-8c40-4aafdcec77e3","local_time":"20190513205125","is_ascension_mode":true,"campfire_choices":[{"data":"Skewer","floor":6,"key":"SMITH"},{"data":"Caltrops","floor":8,"key":"SMITH"},{"floor":11,"key":"REST"},{"data":"A Thousand Cuts","floor":15,"key":"SMITH"},{"floor":23,"key":"REST"},{"floor":30,"key":"REST"},{"floor":32,"key":"REST"}],"neow_cost":"PERCENT_DAMAGE","seed_source_timestamp":183151083779040,"circlet_count":0,"master_deck":["AscendersBane","Defend_G","Defend_G","Defend_G","Defend_G","Defend_G","Strike_G","Strike_G","Strike_G","Strike_G","Strike_G","Survivor","Neutralize","PiercingWail","Skewer+1","Leg Sweep","Caltrops+1","Cloak And Dagger","A Thousand Cuts+1","Die Die Die+1","Normality","Crippling Poison","Prepared+1","Prepared+1","Footwork","Backflip+1","PiercingWail+1","Cloak And Dagger+1","Dodge and Roll+1","Backstab+1","Decay"],"relics":["Ring of the Snake","Du-Vu Doll","Oddly Smooth Stone","Molten Egg 2","Bottled Lightning","Calling Bell","The Courier","Tiny Chest","StoneCalendar","Question Card","Bag of Marbles","Toxic Egg 2","Bronze Scales","Juzu Bracelet"],"potions_floor_usage":[7,10,18,22,29,29],"damage_taken":[{"damage":0,"enemies":"2 Louse","floor":1,"turns":2},{"damage":0,"enemies":"Small Slimes","floor":4,"turns":2},{"damage":1,"enemies":"Cultist","floor":5,"turns":4},{"damage":18,"enemies":"Gremlin Nob","floor":7,"turns":4},{"damage":49,"enemies":"Lagavulin","floor":10,"turns":8},{"damage":10,"enemies":"Exordium Wildlife","floor":12,"turns":4},{"damage":1,"enemies":"Looter","floor":14,"turns":3},{"damage":5,"enemies":"The Guardian","floor":16,"turns":12},{"damage":20,"enemies":"2 Thieves","floor":18,"turns":4},{"damage":12,"enemies":"Chosen","floor":20,"turns":5},{"damage":20,"enemies":"Snake Plant","floor":22,"turns":4},{"damage":10,"enemies":"Centurion and Healer","floor":28,"turns":6},{"damage":15,"enemies":"Gremlin Leader","floor":29,"turns":5},{"damage":50,"enemies":"Collector","floor":33,"turns":3}],"seed_played":"7712555578190871128","potions_obtained":[{"floor":1,"key":"Weak Potion"},{"floor":5,"key":"FearPotion"},{"floor":7,"key":"Regen Potion"},{"floor":20,"key":"Poison Potion"},{"floor":28,"key":"Explosive Potion"}],"is_trial":false,"path_per_floor":["M","?","$","M","M","R","E","R","T","E","R","M","?","M","R","B",null,"M","T","M","T","M","R","$","T","T","$","M","E","R","?","R","B"],"character_chosen":"THE_SILENT","items_purchased":["Skewer","GhostInAJar","Footwork","Backflip+1","PiercingWail+1","Cloak And Dagger+1","Weak Potion"],"campfire_rested":4,"item_purchase_floors":[3,24,27,27,27,27,27],"current_hp_per_floor":[44,66,66,66,65,65,47,47,47,13,32,22,66,65,65,60,65,45,45,33,33,13,32,32,32,32,32,22,7,26,26,45,0],"gold":63,"neow_bonus":"ONE_RARE_RELIC","is_prod":false,"is_daily":false,"chose_seed":false,"campfire_upgraded":3,"win_rate":0,"timestamp":1557777085,"path_taken":["M","?","$","M","M","R","E","R","T","E","R","M","?","M","R","BOSS","M","?","M","?","M","R","$","?","T","$","M","E","R","?","R","BOSS"],"build_version":"2019-01-23","purchased_purges":2,"victory":false,"max_hp_per_floor":[66,66,66,66,66,66,66,66,66,66,66,66,66,66,66,66,66,66,66,66,66,66,66,66,66,66,66,66,66,66,66,66,66],"card_choices":[{"not_picked":["Blur","Cloak And Dagger"],"picked":"PiercingWail","floor":1},{"not_picked":["Bane","Quick Slash"],"picked":"Leg Sweep","floor":4},{"not_picked":["Deflect","Prepared","Blade Dance"],"picked":"SKIP","floor":5},{"not_picked":["Prepared","Wraith Form v2"],"picked":"Caltrops","floor":7},{"not_picked":["Prepared","Outmaneuver","Acrobatics"],"picked":"SKIP","floor":10},{"not_picked":["Acrobatics","Deadly Poison"],"picked":"Cloak And Dagger","floor":12},{"not_picked":["Dagger Spray+1","Cloak And Dagger"],"picked":"A Thousand Cuts","floor":14},{"not_picked":["Unload+1","Venomology"],"picked":"Die Die Die+1","floor":16},{"not_picked":["Reflex","Poisoned Stab+1"],"picked":"Crippling Poison","floor":18},{"not_picked":["Concentrate","Catalyst","Heel Hook+1"],"picked":"Prepared+1","floor":20},{"not_picked":["Bouncing Flask","Acrobatics","Poisoned Stab+1"],"picked":"Prepared+1","floor":22},{"not_picked":["Flying Knee+1","Masterful Stab+1","Quick Slash+1"],"picked":"Dodge and Roll+1","floor":28},{"not_picked":["Outmaneuver+1","Underhanded Strike+1","Terror+1"],"picked":"Backstab+1","floor":29}],"player_experience":1323143,"relics_obtained":[{"floor":7,"key":"Oddly Smooth Stone"},{"floor":9,"key":"Molten Egg 2"},{"floor":10,"key":"Bottled Lightning"},{"floor":17,"key":"The Courier"},{"floor":17,"key":"Tiny Chest"},{"floor":17,"key":"StoneCalendar"},{"floor":19,"key":"Question Card"},{"floor":21,"key":"Bag of Marbles"},{"floor":25,"key":"Toxic Egg 2"},{"floor":26,"key":"Bronze Scales"},{"floor":29,"key":"Juzu Bracelet"}],"event_choices":[{"damage_healed":22,"gold_gain":0,"player_choice":"Banana","damage_taken":0,"max_hp_gain":0,"max_hp_loss":0,"event_name":"Big Fish","floor":2,"gold_loss":0},{"damage_healed":44,"gold_gain":0,"player_choice":"Full Heal","damage_taken":0,"max_hp_gain":0,"max_hp_loss":0,"event_name":"Wheel of Change","floor":13,"gold_loss":0},{"damage_healed":0,"gold_gain":0,"player_choice":"Smashed Altar","damage_taken":0,"max_hp_gain":0,"max_hp_loss":0,"event_name":"Forgotten Altar","floor":31,"gold_loss":0,"cards_obtained":["Decay"]}],"is_beta":false,"boss_relics":[{"not_picked":["HoveringKite","Sozu"],"picked":"Calling Bell"}],"items_purged_floors":[24,27],"is_endless":false,"potions_floor_spawned":[1,5,7,20,28],"killed_by":"Collector","ascension_level":20}