{"gold_per_floor":[110,123,135,135,135,174,174,197,250,250],"floor_reached":10,"playtime":868,"items_purged":[],"score":136,"play_id":"da4bd913-8387-420e-ae2f-82bf3f150563","local_time":"20190515202242","is_ascension_mode":true,"campfire_choices":[{"data":"Skewer","floor":7,"key":"SMITH"}],"neow_cost":"NONE","seed_source_timestamp":68265852329602,"circlet_count":0,"master_deck":["AscendersBane","Defend_G","Defend_G","Defend_G","Defend_G","Defend_G","Strike_G","Strike_G","Strike_G","Strike_G","Strike_G","Survivor","Neutralize","Dagger Throw","Poisoned Stab","Skewer+1"],"relics":["Ring of the Snake","Golden Idol","Dodecahedron","Bag of Preparation"],"potions_floor_usage":[8,8],"damage_taken":[{"damage":15,"enemies":"Cultist","floor":1,"turns":6},{"damage":3,"enemies":"Jaw Worm","floor":2,"turns":6},{"damage":0,"enemies":"Small Slimes","floor":3,"turns":4},{"damage":40,"enemies":"3 Sentries","floor":6,"turns":11},{"damage":7,"enemies":"Exordium Thugs","floor":8,"turns":3},{"damage":7,"enemies":"Lagavulin","floor":10,"turns":2}],"seed_played":"4585019833069159493","potions_obtained":[{"floor":1,"key":"FearPotion"},{"floor":2,"key":"GamblersBrew"},{"floor":6,"key":"Strength Potion"}],"is_trial":false,"path_per_floor":["M","M","M","?","?","E","R","M","T","E"],"character_chosen":"THE_SILENT","items_purchased":[],"campfire_rested":0,"item_purchase_floors":[],"current_hp_per_floor":[50,47,47,47,52,12,12,5,5,0],"gold":250,"neow_bonus":"TEN_PERCENT_HP_BONUS","is_prod":false,"is_daily":false,"chose_seed":false,"campfire_upgraded":1,"win_rate":0,"timestamp":1557948162,"path_taken":["M","M","?","?","?","E","R","M","T","E"],"build_version":"2019-01-23","purchased_purges":0,"victory":false,"max_hp_per_floor":[72,72,72,65,70,70,70,70,70,70],"card_choices":[{"not_picked":["Concentrate","Slice"],"picked":"Dagger Throw","floor":1},{"not_picked":["Outmaneuver","Dagger Throw"],"picked":"Poisoned Stab","floor":2},{"not_picked":["Flying Knee","Distraction","Calculated Gamble"],"picked":"SKIP","floor":3},{"not_picked":["Deadly Poison","Blade Dance"],"picked":"Skewer","floor":6},{"not_picked":["Underhanded Strike","Sucker Punch","Slice"],"picked":"SKIP","floor":8}],"player_experience":1339536,"relics_obtained":[{"floor":6,"key":"Dodecahedron"},{"floor":9,"key":"Bag of Preparation"}],"event_choices":[{"damage_healed":0,"gold_gain":0,"player_choice":"Lose Max HP","damage_taken":0,"relics_obtained":["Golden Idol"],"max_hp_gain":0,"max_hp_loss":7,"event_name":"Golden Idol","floor":4,"gold_loss":0},{"damage_healed":0,"gold_gain":0,"player_choice":"Donut","damage_taken":0,"max_hp_gain":5,"max_hp_loss":0,"event_name":"Big Fish","floor":5,"gold_loss":0}],"is_beta":false,"boss_relics":[],"items_purged_floors":[],"is_endless":false,"potions_floor_spawned":[1,2,6],"killed_by":"Lagavulin","ascension_level":20}