{"gold_per_floor":[113,113,113,113,133,133,147,147,147,147,147,182,28,51,51,140,140,163,163,163,163,163,163,163,163,218,263,275,287,324,251,263,348,360,387,416,447,459,141,141],"floor_reached":40,"playtime":2267,"items_purged":["Strike_G","Well Laid Plans"],"score":832,"play_id":"c0eff26b-159c-4ff0-9b0d-7ba4528dbefa","local_time":"20190513202256","is_ascension_mode":true,"campfire_choices":[{"data":"Skewer","floor":6.0,"key":"SMITH"},{"data":"Neutralize","floor":8.0,"key":"SMITH"},{"floor":15.0,"key":"REST"},{"data":"Ghostly","floor":23.0,"key":"SMITH"},{"data":"Catalyst","floor":25.0,"key":"SMITH"},{"data":"Ghostly","floor":32.0,"key":"SMITH"}],"neow_cost":"NONE","seed_source_timestamp":0,"circlet_count":0,"master_deck":["AscendersBane","Defend_G","Defend_G","Defend_G","Defend_G+1","Strike_G+1","Strike_G+1","Survivor","Neutralize+1","Dagger Throw+1","Skewer+1","Noxious Fumes+1","Infinite Blades+1","Well Laid Plans+1","Leg Sweep+1","Catalyst+1","Ghostly","Ghostly+1","Ghostly+1","Adrenaline","Catalyst","PiercingWail"],"special_seed":0,"relics":["Ring of the Snake","Juzu Bracelet","Bloody Idol","Regal Pillow","Whetstone","Astrolabe","MawBank","Smiling Mask","Thread and Needle","Dodecahedron","Cursed Key","OrangePellets"],"potions_floor_usage":[],"damage_taken":[{"damage":0.0,"enemies":"2 Louse","floor":1.0,"turns":2.0},{"damage":6.0,"enemies":"Jaw Worm","floor":5.0,"turns":7.0},{"damage":3.0,"enemies":"Small Slimes","floor":7.0,"turns":3.0},{"damage":30.0,"enemies":"Gremlin Nob","floor":12.0,"turns":4.0},{"damage":2.0,"enemies":"3 Louse","floor":14.0,"turns":4.0},{"damage":29.0,"enemies":"The Guardian","floor":16.0,"turns":11.0},{"damage":10.0,"enemies":"Spheric Guardian","floor":18.0,"turns":7.0},{"damage":5.0,"enemies":"Colosseum Slavers","floor":22.0,"turns":4.0},{"damage":4.0,"enemies":"Gremlin Leader","floor":27.0,"turns":6.0},{"damage":14.0,"enemies":"Book of Stabbing","floor":30.0,"turns":8.0},{"damage":31.0,"enemies":"Collector","floor":33.0,"turns":12.0},{"damage":0,"enemies":"3 Shapes","floor":35,"turns":6},{"damage":0,"enemies":"Orb Walker","floor":36,"turns":4},{"damage":3,"enemies":"Spire Growth","floor":37,"turns":6},{"damage":35,"enemies":"Reptomancer","floor":40,"turns":3}],"seed_played":"-8691377347598935763","potions_obtained":[{"floor":7.0,"key":"Dexterity Potion"},{"floor":12.0,"key":"LiquidBronze"},{"floor":18.0,"key":"AttackPotion"},{"floor":35,"key":"Dexterity Potion"},{"floor":37,"key":"Dexterity Potion"}],"is_trial":false,"path_per_floor":["M","?","?","?","M","R","M","R","T","?","?","E","$","M","R","B",null,"M","?","?","?","?","R","?","R","T","E","?","$","E","?","R","B",null,"M","M","M","?","$","E"],"character_chosen":"THE_SILENT","items_purchased":["Noxious Fumes","PiercingWail","OrangePellets"],"campfire_rested":1,"item_purchase_floors":[13,39,39],"current_hp_per_floor":[59,59,59,59,53,53,50,50,50,55,35,5,5,3,37,8,51,41,32,32,32,27,27,27,27,27,23,23,28,23,28,32,6,27,32,32,32,32,32,0],"gold":141,"neow_bonus":"RANDOM_COMMON_RELIC","is_prod":false,"is_daily":false,"chose_seed":false,"campfire_upgraded":5,"win_rate":0,"timestamp":1557775376,"path_taken":["M","?","?","?","M","R","M","R","T","?","?","E","$","M","R","BOSS","M","?","?","?","?","R","?","R","T","E","?","$","E","?","R","BOSS","M","M","M","?","$","E"],"build_version":"2019-01-23","purchased_purges":2,"victory":false,"max_hp_per_floor":[66,66,60,60,60,60,60,60,60,65,65,65,65,65,65,65,65,65,32,32,32,32,32,32,32,32,32,32,32,32,32,32,32,32,32,32,32,32,32,32],"card_choices":[{"not_picked":["Blur","Cloak And Dagger"],"picked":"Dagger Throw","floor":1.0},{"not_picked":["Finisher","Flying Knee"],"picked":"Skewer","floor":5.0},{"not_picked":["Flechettes","Choke","Slice"],"picked":"SKIP","floor":7.0},{"not_picked":["Outmaneuver","Venomology","All Out Attack"],"picked":"SKIP","floor":12.0},{"not_picked":["Masterful Stab","Expertise"],"picked":"Well Laid Plans","floor":14.0},{"not_picked":["Deadly Poison","Bane"],"picked":"Catalyst","floor":18.0},{"not_picked":["Dagger Spray","Calculated Gamble","Cloak And Dagger"],"picked":"SKIP","floor":27.0},{"not_picked":["Dodge and Roll","Choke","Flying Knee"],"picked":"SKIP","floor":30.0},{"not_picked":["After Image","Doppelganger"],"picked":"Adrenaline","floor":33.0},{"not_picked":["Escape Plan","Flying Knee+1"],"picked":"Catalyst","floor":35},{"not_picked":["Dash","Skewer","Finisher+1"],"picked":"SKIP","floor":36},{"not_picked":["Reflex","Cloak And Dagger","Quick Slash"],"picked":"SKIP","floor":37}],"player_experience":1320876,"relics_obtained":[{"floor":9.0,"key":"Regal Pillow"},{"floor":12.0,"key":"Whetstone"},{"floor":26.0,"key":"MawBank"},{"floor":27.0,"key":"Smiling Mask"},{"floor":30.0,"key":"Thread and Needle"}],"event_choices":[{"damage_healed":0.0,"max_hp_gain":0.0,"max_hp_loss":0.0,"gold_gain":0.0,"event_name":"The Cleric","player_choice":"Leave","floor":2.0,"gold_loss":0.0,"damage_taken":0.0},{"damage_healed":0.0,"max_hp_gain":0.0,"max_hp_loss":6.0,"gold_gain":0.0,"event_name":"Golden Idol","player_choice":"Lose Max HP","floor":3.0,"gold_loss":0.0,"damage_taken":0.0,"relics_obtained":["Golden Idol"]},{"damage_healed":0.0,"max_hp_gain":0.0,"max_hp_loss":0.0,"gold_gain":0.0,"event_name":"Liars Game","player_choice":"Ignored","floor":4.0,"gold_loss":0.0,"damage_taken":0.0},{"damage_healed":0.0,"max_hp_gain":5.0,"max_hp_loss":0.0,"gold_gain":0.0,"event_name":"Big Fish","player_choice":"Donut","floor":10.0,"gold_loss":0.0,"damage_taken":0.0},{"damage_healed":0.0,"max_hp_gain":0.0,"max_hp_loss":0.0,"gold_gain":0.0,"event_name":"Shining Light","player_choice":"Entered Light","floor":11.0,"gold_loss":0.0,"damage_taken":20.0,"cards_upgraded":["Defend_G","Dagger Throw"]},{"damage_healed":0.0,"max_hp_gain":0.0,"max_hp_loss":33.0,"gold_gain":0.0,"event_name":"Ghosts","player_choice":"Became a Ghost","floor":19.0,"gold_loss":0.0,"damage_taken":0.0,"cards_obtained":["Ghostly","Ghostly","Ghostly"]},{"damage_healed":0.0,"max_hp_gain":0.0,"max_hp_loss":0.0,"gold_gain":0.0,"event_name":"Upgrade Shrine","player_choice":"Upgraded","floor":20.0,"gold_loss":0.0,"damage_taken":0.0,"cards_upgraded":["Noxious Fumes"]},{"damage_healed":0.0,"max_hp_gain":0.0,"max_hp_loss":0.0,"gold_gain":0.0,"event_name":"Vampires","player_choice":"Ignored","floor":21.0,"gold_loss":0.0,"damage_taken":0.0},{"damage_healed":0.0,"max_hp_gain":0.0,"max_hp_loss":0.0,"gold_gain":0.0,"event_name":"Colosseum","player_choice":"Fight","floor":22.0,"gold_loss":0.0,"damage_taken":0.0},{"damage_healed":0.0,"max_hp_gain":0.0,"max_hp_loss":0.0,"gold_gain":0.0,"event_name":"Colosseum","player_choice":"Fled From Nobs","floor":22.0,"gold_loss":0.0,"damage_taken":0.0},{"damage_healed":0.0,"max_hp_gain":0.0,"max_hp_loss":0.0,"gold_gain":0.0,"event_name":"The Mausoleum","player_choice":"Ignored","floor":24.0,"gold_loss":0.0,"damage_taken":0.0},{"damage_healed":0.0,"max_hp_gain":0.0,"max_hp_loss":0.0,"gold_gain":0.0,"event_name":"Forgotten Altar","player_choice":"Gave Idol","floor":28.0,"relics_lost":["Golden Idol"],"gold_loss":0.0,"damage_taken":0.0,"relics_obtained":["Bloody Idol"]},{"damage_healed":0.0,"max_hp_gain":0.0,"max_hp_loss":0.0,"gold_gain":0.0,"event_name":"Addict","player_choice":"Obtained Relic","floor":31.0,"gold_loss":85.0,"damage_taken":0.0,"relics_obtained":["Dodecahedron"]},{"damage_healed":0,"gold_gain":0,"player_choice":"Ignored","damage_taken":0,"max_hp_gain":0,"max_hp_loss":0,"event_name":"Tomb of Lord Red Mask","floor":38,"gold_loss":0}],"is_beta":false,"boss_relics":[{"not_picked":["White Beast Statue","Ectoplasm"],"picked":"Astrolabe"},{"not_picked":["Tiny House","Black Star"],"picked":"Cursed Key"}],"items_purged_floors":[13,39],"is_endless":false,"potions_floor_spawned":[7,12,18,22,35,37],"killed_by":"Reptomancer","ascension_level":20}