{"gold_per_floor":[112,130,130,150,150,175,175,210,210,226,226,226,251,271,271,345,345,364,383,5,18,18,51,101,101,101,101,130,165,165,179,179,256,256,276,498,547,562,562,592,592,625,625,625,641,641,652,652,652,652,652,652,652,372,398,398],"floor_reached":56,"playtime":3714,"items_purged":["Strike_G","Strike_G+1"],"score":1947,"play_id":"cb869a98-2e11-49bc-9bb5-9263a5b744ec","local_time":"20190519000405","is_ascension_mode":true,"campfire_choices":[{"floor":7,"key":"REST"},{"data":"Noxious Fumes","floor":11,"key":"SMITH"},{"data":"Neutralize","floor":15,"key":"SMITH"},{"floor":25,"key":"REST"},{"data":"Catalyst","floor":30,"key":"SMITH"},{"data":"Corpse Explosion","floor":32,"key":"SMITH"},{"floor":41,"key":"RECALL"},{"data":"Regret","floor":44,"key":"PURGE"},{"floor":46,"key":"REST"},{"floor":49,"key":"REST"},{"data":"Strike_G+1","floor":53,"key":"PURGE"}],"neow_cost":"NONE","seed_source_timestamp":337906926088897,"circlet_count":0,"master_deck":["AscendersBane","Defend_G+1","Defend_G+1","Defend_G+1","Defend_G+1","Defend_G+1","Survivor","Neutralize+1","Flying Knee","Quick Slash","Predator","Noxious Fumes+1","Deadly Poison","Deflect","Malaise","Noxious Fumes","Backflip+1","PiercingWail","Corpse Explosion+1","Catalyst+1","Dodge and Roll","A Thousand Cuts+1","Catalyst+1","Blur","Catalyst"],"relics":["Sozu","Blue Candle","Meat on the Bone","Bottled Tornado","Snake Skull","Gremlin Horn","Snecko Eye","TwistedFunnel","Smiling Mask","Mango","Kunai","Red Mask","Cursed Key","Peace Pipe","Pear","Blood Vial","TheAbacus","Thread and Needle"],"potions_floor_usage":[],"damage_taken":[{"damage":0,"enemies":"Small Slimes","floor":1,"turns":5},{"damage":0,"enemies":"Jaw Worm","floor":2,"turns":4},{"damage":0,"enemies":"Cultist","floor":4,"turns":4},{"damage":28,"enemies":"Lagavulin","floor":6,"turns":7},{"damage":17,"enemies":"3 Sentries","floor":8,"turns":8},{"damage":0,"enemies":"Blue Slaver","floor":10,"turns":4},{"damage":27,"enemies":"Gremlin Nob","floor":13,"turns":4},{"damage":0,"enemies":"Large Slime","floor":14,"turns":4},{"damage":23,"enemies":"Slime Boss","floor":16,"turns":8},{"damage":10,"enemies":"Shell Parasite","floor":18,"turns":6},{"damage":15,"enemies":"Spheric Guardian","floor":19,"turns":5},{"damage":0,"enemies":"Snecko","floor":21,"turns":4},{"damage":32,"enemies":"Slavers","floor":23,"turns":5},{"damage":2,"enemies":"Book of Stabbing","floor":28,"turns":7},{"damage":0,"enemies":"Masked Bandits","floor":29,"turns":2},{"damage":0,"enemies":"Cultist and Chosen","floor":31,"turns":4},{"damage":38,"enemies":"Collector","floor":33,"turns":7},{"damage":7,"enemies":"3 Darklings","floor":35,"turns":3},{"damage":4,"enemies":"2 Orb Walkers","floor":37,"turns":2},{"damage":0,"enemies":"3 Shapes","floor":38,"turns":3},{"damage":24,"enemies":"Nemesis","floor":40,"turns":5},{"damage":34,"enemies":"Giant Head","floor":42,"turns":7},{"damage":17,"enemies":"Spire Growth","floor":45,"turns":4},{"damage":0,"enemies":"Transient","floor":47,"turns":6},{"damage":31,"enemies":"Time Eater","floor":50,"turns":5},{"damage":26,"enemies":"Donu and Deca","floor":51,"turns":3},{"damage":57,"enemies":"Shield and Spear","floor":55,"turns":5},{"damage":97,"enemies":"The Heart","floor":56,"turns":3}],"seed_played":"-2423926988926522612","potions_obtained":[],"is_trial":false,"path_per_floor":["M","M","?","M","?","E","R","E","T","M","R","T","E","M","R","B",null,"M","M","$","M","?","E","?","R","T","?","E","?","R","M","R","B",null,"M","?","?","M","?","E","R","E","T","R","M","R","M","?","R","B","B",null,"R","$","E","B"],"character_chosen":"THE_SILENT","items_purchased":["TwistedFunnel","Noxious Fumes","TheAbacus"],"campfire_rested":4,"item_purchase_floors":[20,20,54],"current_hp_per_floor":[59,59,52,52,52,24,43,26,26,38,38,38,23,35,35,24,56,46,43,43,43,43,23,23,42,56,56,54,54,54,54,54,28,67,60,60,56,56,56,54,54,32,32,32,29,56,58,58,85,56,44,79,79,79,36,0],"gold":398,"neow_bonus":"BOSS_RELIC","is_prod":false,"is_daily":false,"chose_seed":false,"campfire_upgraded":4,"win_rate":0,"timestamp":1558220645,"path_taken":["M","M","?","M","?","E","R","E","T","?","R","?","E","M","R","BOSS","M","M","$","M","?","E","?","R","T","?","E","?","R","?","R","BOSS","M","?","?","M","?","E","R","E","T","R","M","R","?","?","R","BOSS","BOSS","R","$","E","BOSS"],"build_version":"2019-01-23","purchased_purges":2,"victory":false,"max_hp_per_floor":[66,66,66,66,66,66,66,66,66,66,66,66,66,66,66,66,66,66,66,66,66,66,66,66,66,80,80,80,80,80,80,80,80,80,80,80,80,80,80,90,90,90,90,90,90,90,90,90,90,90,90,90,90,90,90,90],"card_choices":[{"not_picked":["Dodge and Roll","Deflect"],"picked":"Flying Knee","floor":1},{"not_picked":["Backflip","Bane"],"picked":"Quick Slash","floor":2},{"not_picked":["Dodge and Roll","Caltrops"],"picked":"Predator","floor":4},{"not_picked":["Deadly Poison","Caltrops"],"picked":"Noxious Fumes","floor":6},{"not_picked":["Cloak And Dagger","Underhanded Strike","Backflip"],"picked":"SKIP","floor":8},{"not_picked":["Acrobatics","Riddle With Holes","Flechettes"],"picked":"SKIP","floor":10},{"not_picked":["Predator","Concentrate"],"picked":"Deadly Poison","floor":13},{"not_picked":["Dagger Throw","Slice"],"picked":"Deflect","floor":14},{"not_picked":["Glass Knife","Night Terror"],"picked":"Malaise","floor":16},{"not_picked":["Caltrops","Infinite Blades","Quick Slash+1"],"picked":"SKIP","floor":18},{"not_picked":["Dagger Throw","Poisoned Stab","Backflip"],"picked":"SKIP","floor":19},{"not_picked":["Well Laid Plans","Bane"],"picked":"Backflip+1","floor":21},{"not_picked":["Prepared","Catalyst"],"picked":"PiercingWail","floor":23},{"not_picked":["Blur","Finisher"],"picked":"Corpse Explosion","floor":28},{"not_picked":["Dagger Throw","Endless Agony"],"picked":"Catalyst","floor":29},{"not_picked":["Poisoned Stab","Prepared"],"picked":"Dodge and Roll","floor":31},{"not_picked":["Grand Finale","Venomology"],"picked":"A Thousand Cuts","floor":33},{"not_picked":["Quick Slash+1","Poisoned Stab","Deadly Poison"],"picked":"SKIP","floor":35},{"not_picked":["Blade Dance","Deadly Poison","Cloak And Dagger"],"picked":"SKIP","floor":38},{"not_picked":["Terror","Quick Slash","Expertise"],"picked":"SKIP","floor":40},{"not_picked":["Backflip","Concentrate"],"picked":"Catalyst+1","floor":42},{"not_picked":["Acrobatics","Outmaneuver"],"picked":"Blur","floor":45},{"not_picked":["Dagger Spray","Acrobatics+1"],"picked":"Catalyst","floor":47},{"not_picked":["Corpse Explosion","Acrobatics","Concentrate"],"picked":"SKIP","floor":55}],"player_experience":1376734,"relics_obtained":[{"floor":6,"key":"Blue Candle"},{"floor":8,"key":"Meat on the Bone"},{"floor":9,"key":"Bottled Tornado"},{"floor":12,"key":"Snake Skull"},{"floor":13,"key":"Gremlin Horn"},{"floor":23,"key":"Smiling Mask"},{"floor":26,"key":"Mango"},{"floor":28,"key":"Kunai"},{"floor":29,"key":"Red Mask"},{"floor":37,"key":"Peace Pipe"},{"floor":40,"key":"Pear"},{"floor":42,"key":"Blood Vial"},{"floor":55,"key":"Thread and Needle"}],"event_choices":[{"cards_removed":["Strike_G"],"damage_healed":0,"gold_gain":0,"player_choice":"Card Removal","damage_taken":7,"max_hp_gain":0,"max_hp_loss":0,"event_name":"Golden Wing","floor":3,"gold_loss":0},{"damage_healed":0,"gold_gain":0,"player_choice":"Ignored","damage_taken":0,"max_hp_gain":0,"max_hp_loss":0,"event_name":"Liars Game","floor":5,"gold_loss":0},{"damage_healed":0,"gold_gain":50,"player_choice":"Stole From Cult","damage_taken":0,"max_hp_gain":0,"max_hp_loss":0,"event_name":"Nest","floor":24,"gold_loss":0},{"damage_healed":0,"gold_gain":0,"player_choice":"Simplicity","damage_taken":0,"max_hp_gain":0,"max_hp_loss":0,"event_name":"Back to Basics","floor":27,"gold_loss":0,"cards_upgraded":["Defend_G","Defend_G","Defend_G","Defend_G","Defend_G","Strike_G","Strike_G","Strike_G"]},{"damage_healed":0,"gold_gain":0,"player_choice":"Fought Bandits","damage_taken":0,"max_hp_gain":0,"max_hp_loss":0,"event_name":"Masked Bandits","floor":29,"gold_loss":0},{"damage_healed":0,"gold_gain":222,"player_choice":"Wore Mask","damage_taken":0,"max_hp_gain":0,"max_hp_loss":0,"event_name":"Tomb of Lord Red Mask","floor":36,"gold_loss":0},{"damage_healed":0,"gold_gain":0,"player_choice":"Fight","damage_taken":0,"max_hp_gain":0,"max_hp_loss":0,"event_name":"Mysterious Sphere","floor":37,"gold_loss":0},{"damage_healed":0,"gold_gain":0,"player_choice":"Forge","damage_taken":0,"max_hp_gain":0,"max_hp_loss":0,"event_name":"Accursed Blacksmith","floor":39,"gold_loss":0,"cards_upgraded":["A Thousand Cuts"]},{"cards_removed":["Strike_G"],"damage_healed":0,"gold_gain":0,"player_choice":"Removed Attack","damage_taken":0,"max_hp_gain":0,"max_hp_loss":0,"event_name":"Falling","floor":48,"gold_loss":0}],"is_beta":false,"boss_relics":[{"not_picked":["White Beast Statue","Tiny House"],"picked":"Snecko Eye"},{"not_picked":["Black Star","Runic Dome"],"picked":"Cursed Key"}],"items_purged_floors":[20,54],"is_endless":false,"potions_floor_spawned":[4,6,13,16,19,21,29,33,35,45,47],"killed_by":"The Heart","ascension_level":20}