{"gold_per_floor":[17,36,36,46,57,57,92,92,92,92,121,121],"floor_reached":12,"playtime":568,"items_purged":[],"score":176,"play_id":"e93a0d99-70b8-4f53-a952-2a7a1fed0449","local_time":"20190519103442","is_ascension_mode":true,"campfire_choices":[{"data":"Neutralize","floor":6,"key":"SMITH"},{"data":"All Out Attack","floor":10,"key":"SMITH"}],"neow_cost":"NO_GOLD","seed_source_timestamp":378891877785548,"circlet_count":0,"master_deck":["AscendersBane","Defend_G","Defend_G","Defend_G","Defend_G","Defend_G","Strike_G","Strike_G","Strike_G","Strike_G","Strike_G","Survivor","Neutralize+1","Grand Finale","Quick Slash","Acrobatics","All Out Attack+1","Dagger Throw"],"relics":["Ring of the Snake","Juzu Bracelet","Question Card"],"potions_floor_usage":[12],"damage_taken":[{"damage":4,"enemies":"Cultist","floor":1,"turns":4},{"damage":1,"enemies":"2 Louse","floor":2,"turns":2},{"damage":4,"enemies":"Small Slimes","floor":4,"turns":5},{"damage":8,"enemies":"Looter","floor":5,"turns":5},{"damage":12,"enemies":"3 Sentries","floor":7,"turns":3},{"damage":44,"enemies":"Gremlin Nob","floor":11,"turns":5},{"damage":9,"enemies":"Exordium Wildlife","floor":12,"turns":2}],"seed_played":"-5063993678023240012","potions_obtained":[{"floor":7,"key":"LiquidBronze"},{"floor":11,"key":"SpeedPotion"}],"is_trial":false,"path_per_floor":["M","M","$","M","M","R","E","?","T","R","E","M"],"character_chosen":"THE_SILENT","items_purchased":[],"campfire_rested":0,"item_purchase_floors":[],"current_hp_per_floor":[55,54,54,50,42,42,30,52,52,52,8,0],"gold":121,"neow_bonus":"THREE_RARE_CARDS","is_prod":false,"is_daily":false,"chose_seed":false,"campfire_upgraded":2,"win_rate":0,"timestamp":1558258482,"path_taken":["M","M","$","M","M","R","E","?","T","R","E","M"],"build_version":"2019-01-23","purchased_purges":0,"victory":false,"max_hp_per_floor":[66,66,66,66,66,66,66,66,66,66,66,66],"card_choices":[{"not_picked":["Bullet Time","Burst"],"picked":"Grand Finale","floor":0},{"not_picked":["Poisoned Stab","Backstab"],"picked":"Quick Slash","floor":1},{"not_picked":["Crippling Poison","Flying Knee"],"picked":"Acrobatics","floor":2},{"not_picked":["Cloak And Dagger","Expertise"],"picked":"All Out Attack","floor":4},{"not_picked":["Prepared","Acrobatics"],"picked":"Dagger Throw","floor":5},{"not_picked":["Calculated Gamble","Flying Knee","Heel Hook"],"picked":"SKIP","floor":7},{"not_picked":["Prepared","Expertise","Reflex"],"picked":"SKIP","floor":11}],"player_experience":1383345,"relics_obtained":[{"floor":7,"key":"Juzu Bracelet"},{"floor":11,"key":"Question Card"}],"event_choices":[{"damage_healed":22,"gold_gain":0,"player_choice":"Banana","damage_taken":0,"max_hp_gain":0,"max_hp_loss":0,"event_name":"Big Fish","floor":8,"gold_loss":0}],"is_beta":false,"boss_relics":[],"items_purged_floors":[],"is_endless":false,"potions_floor_spawned":[7,11],"killed_by":"Exordium Wildlife","ascension_level":20}