{"gold_per_floor":[119,139,153,54,104,134,134,165,165,165,184,195,195,210,210,285,285,305,230,51,67,86,86,86,86,86,86,119,119,130,161,161,236,236,246,139,139,153,153,188,188,188,188,201,110,145,158,170,170,170,170,170,170,36,67,67],"floor_reached":56,"playtime":4427,"items_purged":["Defend_G","Flying Knee","Shame","Dagger Spray"],"score":1910,"play_id":"9b6b4fac-af94-47fa-94f8-825d696684ed","local_time":"20190520212801","is_ascension_mode":true,"campfire_choices":[{"floor":7.0,"key":"REST"},{"floor":10.0,"key":"REST"},{"data":"Noxious Fumes","floor":13.0,"key":"SMITH"},{"data":"Bouncing Flask","floor":15.0,"key":"SMITH"},{"data":"Apotheosis","floor":23.0,"key":"SMITH"},{"floor":27.0,"key":"REST"},{"floor":29.0,"key":"REST"},{"floor":32.0,"key":"REST"},{"floor":41.0,"key":"REST"},{"floor":42.0,"key":"REST"},{"floor":49.0,"key":"RECALL"},{"floor":53,"key":"REST"}],"neow_cost":"NONE","seed_source_timestamp":0,"circlet_count":0,"master_deck":["AscendersBane","Survivor","Neutralize","Deadly Poison","PiercingWail","Leg Sweep","Backflip","Noxious Fumes+1","Bouncing Flask+1","Die Die Die","Predator","Blur","Backflip","Noxious Fumes+1","Concentrate","Backflip","Heel Hook","Apotheosis+1","Escape Plan","Cloak And Dagger+1","Dodge and Roll+1","PiercingWail","Madness","Escape Plan","Footwork","PiercingWail","Cloak And Dagger+1","Blur"],"special_seed":0,"relics":["Ring of the Snake","Blood Vial","WingedGreaves","Letter Opener","Pandora\u0027s Box","Nilry\u0027s Codex","Pear","Smiling Mask","Happy Flower","Cursed Key","Mercury Hourglass"],"potions_floor_usage":[55,56],"damage_taken":[{"damage":3.0,"enemies":"Cultist","floor":1.0,"turns":5.0},{"damage":0.0,"enemies":"Small Slimes","floor":2.0,"turns":4.0},{"damage":1.0,"enemies":"2 Louse","floor":3.0,"turns":3.0},{"damage":28.0,"enemies":"Lagavulin","floor":6.0,"turns":7.0},{"damage":43.0,"enemies":"Gremlin Nob","floor":8.0,"turns":5.0},{"damage":0.0,"enemies":"Exordium Wildlife","floor":11.0,"turns":6.0},{"damage":1.0,"enemies":"Blue Slaver","floor":12.0,"turns":6.0},{"damage":3.0,"enemies":"Looter","floor":14.0,"turns":4.0},{"damage":21.0,"enemies":"Hexaghost","floor":16.0,"turns":8.0},{"damage":14.0,"enemies":"Chosen","floor":18.0,"turns":6.0},{"damage":0.0,"enemies":"3 Byrds","floor":21.0,"turns":4.0},{"damage":17.0,"enemies":"Snake Plant","floor":22.0,"turns":6.0},{"damage":24.0,"enemies":"Book of Stabbing","floor":28.0,"turns":6.0},{"damage":9.0,"enemies":"Sentry and Sphere","floor":30.0,"turns":5.0},{"damage":26.0,"enemies":"Slavers","floor":31.0,"turns":5.0},{"damage":8.0,"enemies":"Automaton","floor":33.0,"turns":10.0},{"damage":9.0,"enemies":"3 Shapes","floor":35.0,"turns":5.0},{"damage":18.0,"enemies":"3 Darklings","floor":38.0,"turns":5.0},{"damage":24.0,"enemies":"Reptomancer","floor":40.0,"turns":6.0},{"damage":0.0,"enemies":"Maw","floor":44.0,"turns":6.0},{"damage":2.0,"enemies":"Giant Head","floor":46.0,"turns":9.0},{"damage":0.0,"enemies":"Jaw Worm Horde","floor":47.0,"turns":3.0},{"damage":7.0,"enemies":"Spire Growth","floor":48.0,"turns":5.0},{"damage":20,"enemies":"Awakened One","floor":50,"turns":15},{"damage":31,"enemies":"Time Eater","floor":51,"turns":14},{"damage":67,"enemies":"Shield and Spear","floor":55,"turns":7},{"damage":57,"enemies":"The Heart","floor":56,"turns":5}],"seed_played":"3443977790690434197","potions_obtained":[{"floor":0.0,"key":"PowerPotion"},{"floor":0.0,"key":"Poison Potion"},{"floor":6.0,"key":"Weak Potion"},{"floor":11.0,"key":"Poison Potion"},{"floor":14.0,"key":"SkillPotion"},{"floor":18.0,"key":"GhostInAJar"},{"floor":22.0,"key":"Ancient Potion"},{"floor":30.0,"key":"SpeedPotion"},{"floor":33.0,"key":"EntropicBrew"},{"floor":35.0,"key":"SteroidPotion"},{"floor":40.0,"key":"Regen Potion"},{"floor":46.0,"key":"Explosive Potion"},{"floor":48.0,"key":"FearPotion"}],"is_trial":false,"path_per_floor":["M","M","M","$","?","E","R","E","T","R","M","M","R","M","R","B",null,"M","?","$","M","M","R","?","?","T","R","E","R","M","E","R","B",null,"M","$","?","M","?","E","R","R","T","M","$","E","M","M","R","B","B",null,"R","$","E","B"],"character_chosen":"THE_SILENT","items_purchased":["Flying Knee","Apotheosis","PiercingWail","Footwork","GhostInAJar"],"campfire_rested":8,"item_purchase_floors":[4,20,36,45,54],"current_hp_per_floor":[56,56,55,55,55,27,46,5,5,24,26,27,27,26,26,7,51,39,39,39,41,26,26,5,5,15,37,15,37,30,6,28,22,63,56,56,51,35,35,13,35,57,57,59,59,74,76,69,69,51,22,63,76,76,9,0],"gold":67,"neow_bonus":"THREE_SMALL_POTIONS","is_prod":false,"is_daily":false,"chose_seed":false,"campfire_upgraded":3,"win_rate":0,"timestamp":1558384081,"path_taken":["M","?","M","?","?","E","R","E","T","R","M","?","R","M","R","BOSS","M","?","$","M","M","R","?","?","T","R","E","R","?","E","R","BOSS","M","$","?","M","?","E","R","R","T","M","$","E","?","M","R","BOSS","BOSS","R","$","E","BOSS"],"build_version":"2019-01-23","purchased_purges":4,"victory":false,"max_hp_per_floor":[66,66,66,66,66,66,66,66,66,66,66,66,66,66,66,66,66,66,66,66,66,66,66,66,66,76,76,76,76,76,76,76,76,76,76,76,76,76,76,76,76,76,76,76,76,76,76,76,76,76,76,76,76,76,76,76],"card_choices":[{"not_picked":["Cloak And Dagger","Quick Slash"],"picked":"Deadly Poison","floor":1.0},{"not_picked":["Cloak And Dagger","Blade Dance"],"picked":"PiercingWail","floor":2.0},{"not_picked":["Outmaneuver","Deflect"],"picked":"Leg Sweep","floor":3.0},{"not_picked":["Masterful Stab","All Out Attack","PiercingWail"],"picked":"SKIP","floor":6.0},{"not_picked":["Envenom","Setup"],"picked":"Backflip","floor":8.0},{"not_picked":["Backflip","Blade Dance"],"picked":"Dagger Spray","floor":11.0},{"not_picked":["Endless Agony","Acrobatics"],"picked":"Noxious Fumes","floor":12.0},{"not_picked":["Caltrops","Flechettes"],"picked":"Bouncing Flask","floor":14.0},{"not_picked":["Burst","Night Terror"],"picked":"Die Die Die","floor":16.0},{"not_picked":["Flechettes","Dagger Throw","Prepared"],"picked":"SKIP","floor":18.0},{"not_picked":["Prepared","Underhanded Strike"],"picked":"Escape Plan","floor":21.0},{"not_picked":["Dagger Spray","Noxious Fumes","Bouncing Flask"],"picked":"SKIP","floor":22.0},{"not_picked":["Accuracy","Blade Dance+1","Eviscerate"],"picked":"SKIP","floor":28.0},{"not_picked":["Prepared","Underhanded Strike","Eviscerate"],"picked":"SKIP","floor":30.0},{"not_picked":["Glass Knife","Sucker Punch"],"picked":"Cloak And Dagger+1","floor":31.0},{"not_picked":["Backflip","Dagger Spray"],"picked":"Dodge and Roll+1","floor":35.0},{"not_picked":["Magnetism","Blind"],"picked":"Madness","floor":37.0},{"not_picked":["Dash","Backstab","Bane"],"picked":"SKIP","floor":38.0},{"not_picked":["Deadly Poison","Poisoned Stab"],"picked":"Escape Plan","floor":40.0},{"not_picked":["Skewer","Dagger Throw","Accuracy"],"picked":"SKIP","floor":44.0},{"not_picked":["Cloak And Dagger","Sucker Punch"],"picked":"PiercingWail","floor":46.0},{"not_picked":["Bane","Terror"],"picked":"Cloak And Dagger+1","floor":47.0},{"not_picked":["Dagger Spray","Dodge and Roll"],"picked":"Blur","floor":48.0},{"not_picked":["Eviscerate","Finisher","Distraction"],"picked":"SKIP","floor":55}],"player_experience":1406450,"relics_obtained":[{"floor":6.0,"key":"Blood Vial"},{"floor":8.0,"key":"WingedGreaves"},{"floor":9.0,"key":"Letter Opener"},{"floor":24.0,"key":"Nilry\u0027s Codex"},{"floor":26.0,"key":"Pear"},{"floor":28.0,"key":"Smiling Mask"},{"floor":31.0,"key":"Happy Flower"},{"floor":46.0,"key":"Mercury Hourglass"}],"event_choices":[{"damage_healed":0.0,"max_hp_gain":0.0,"max_hp_loss":0.0,"gold_gain":50.0,"event_name":"Golden Shrine","player_choice":"Pray","floor":5.0,"gold_loss":0.0,"damage_taken":0.0},{"cards_removed":["Envenom"],"damage_healed":0.0,"max_hp_gain":0.0,"max_hp_loss":0.0,"gold_gain":0.0,"event_name":"Beggar","player_choice":"Gave Gold","floor":19.0,"gold_loss":75.0,"damage_taken":0.0},{"damage_healed":0.0,"max_hp_gain":0.0,"max_hp_loss":0.0,"gold_gain":0.0,"event_name":"Cursed Tome","player_choice":"Obtained Book","floor":24.0,"gold_loss":0.0,"damage_taken":21.0},{"cards_removed":["Tools of the Trade"],"damage_healed":0.0,"max_hp_gain":0.0,"max_hp_loss":0.0,"gold_gain":0.0,"event_name":"Back to Basics","player_choice":"Elegance","floor":25.0,"gold_loss":0.0,"damage_taken":0.0},{"damage_healed":0.0,"max_hp_gain":0.0,"max_hp_loss":0.0,"gold_gain":0.0,"event_name":"SensoryStone","player_choice":"Memory 2","floor":37.0,"gold_loss":0.0,"damage_taken":5.0},{"damage_healed":0.0,"max_hp_gain":0.0,"max_hp_loss":0.0,"gold_gain":0.0,"event_name":"Upgrade Shrine","player_choice":"Upgraded","floor":39.0,"gold_loss":0.0,"damage_taken":0.0,"cards_upgraded":["Noxious Fumes"]}],"is_beta":false,"boss_relics":[{"not_picked":["Runic Pyramid","Calling Bell"],"picked":"Pandora\u0027s Box"},{"not_picked":["Eternal Feather","Philosopher\u0027s Stone"],"picked":"Cursed Key"}],"items_purged_floors":[4,36,45,54],"is_endless":false,"potions_floor_spawned":[3,6,11,14,18,22,30,33,35,40,46,48],"killed_by":"The Heart","ascension_level":20}