{"gold_per_floor":[117,117,133,30,44,44,69,69,115,115,145,145,155,188,188,260,260,272,272,272,42,53,53],"floor_reached":23,"playtime":1068,"items_purged":[],"score":464,"play_id":"d6b274ed-8c5a-4196-8972-b04fc9f6c4e5","local_time":"20190519105307","is_ascension_mode":true,"campfire_choices":[{"data":"Cloak And Dagger","floor":6,"key":"SMITH"},{"floor":8,"key":"REST"},{"data":"Skewer","floor":12,"key":"SMITH"},{"floor":15,"key":"REST"}],"neow_cost":"NONE","seed_source_timestamp":379497159259355,"circlet_count":0,"master_deck":["AscendersBane","Defend_G","Defend_G","Defend_G","Defend_G","Defend_G+1","Strike_G","Strike_G+1","Strike_G","Strike_G","Strike_G","Survivor","Neutralize","Endless Agony","Well Laid Plans","Blade Dance","Cloak And Dagger+1","Finisher","Skewer+1","Dash","Backstab","A Thousand Cuts","Backstab","Heel Hook","Neutralize","Blur+1"],"relics":["Ring of the Snake","Snake Skull","Happy Flower","Ancient Tea Set","Boot","Black Star","Chemical X"],"potions_floor_usage":[7,7,11,11,14,23],"damage_taken":[{"damage":0,"enemies":"2 Louse","floor":1,"turns":2},{"damage":0,"enemies":"Small Slimes","floor":3,"turns":4},{"damage":0,"enemies":"Cultist","floor":5,"turns":4},{"damage":29,"enemies":"Lagavulin","floor":7,"turns":5},{"damage":6,"enemies":"3 Sentries","floor":11,"turns":8},{"damage":0,"enemies":"Blue Slaver","floor":13,"turns":2},{"damage":0,"enemies":"Lagavulin","floor":14,"turns":2},{"damage":35,"enemies":"The Guardian","floor":16,"turns":10},{"damage":0,"enemies":"Spheric Guardian","floor":18,"turns":3},{"damage":12,"enemies":"Chosen","floor":22,"turns":4},{"damage":29,"enemies":"Gremlin Leader","floor":23,"turns":4}],"seed_played":"-4049526853106424293","potions_obtained":[{"floor":1,"key":"Swift Potion"},{"floor":5,"key":"Fire Potion"},{"floor":7,"key":"SteroidPotion"},{"floor":10,"key":"EntropicBrew"},{"floor":16,"key":"SpeedPotion"}],"is_trial":false,"path_per_floor":["M","?","M","$","M","R","E","R","T","?","E","R","M","E","R","B",null,"M","?","?","$","M","E"],"character_chosen":"THE_SILENT","items_purchased":["Well Laid Plans","Blade Dance","Chemical X"],"campfire_rested":2,"item_purchase_floors":[4,4,21],"current_hp_per_floor":[65,43,43,43,43,43,14,35,35,35,29,29,29,29,50,15,58,58,38,38,38,26,0],"gold":53,"neow_bonus":"TEN_PERCENT_HP_BONUS","is_prod":false,"is_daily":false,"chose_seed":false,"campfire_upgraded":2,"win_rate":0,"timestamp":1558259587,"path_taken":["M","?","M","$","M","R","E","R","T","?","E","R","M","E","R","BOSS","M","?","?","$","?","E"],"build_version":"2019-01-23","purchased_purges":0,"victory":false,"max_hp_per_floor":[72,72,72,72,72,72,72,72,72,72,72,72,72,72,72,72,72,72,77,77,77,77,77],"card_choices":[{"not_picked":["Heel Hook","PiercingWail","Acrobatics"],"picked":"SKIP","floor":1},{"not_picked":["Deflect","Prepared"],"picked":"Endless Agony","floor":3},{"not_picked":["Dagger Throw","Poisoned Stab"],"picked":"Cloak And Dagger","floor":5},{"not_picked":["Bane","Dodge and Roll"],"picked":"Finisher","floor":7},{"not_picked":["Escape Plan","PiercingWail"],"picked":"Skewer","floor":11},{"not_picked":["Cloak And Dagger","Poisoned Stab"],"picked":"Dash","floor":13},{"not_picked":["Grand Finale","Catalyst"],"picked":"Backstab","floor":14},{"not_picked":["After Image","Tools of the Trade"],"picked":"A Thousand Cuts","floor":16},{"not_picked":["Flying Knee","Dagger Throw"],"picked":"Backstab","floor":18},{"not_picked":["Deadly Poison","Flying Knee"],"picked":"Blur+1","floor":22}],"player_experience":1383913,"relics_obtained":[{"floor":7,"key":"Snake Skull"},{"floor":9,"key":"Happy Flower"},{"floor":11,"key":"Ancient Tea Set"},{"floor":14,"key":"Boot"}],"event_choices":[{"damage_healed":0,"gold_gain":0,"player_choice":"Entered Light","damage_taken":22,"max_hp_gain":0,"max_hp_loss":0,"event_name":"Shining Light","floor":2,"gold_loss":0,"cards_upgraded":["Defend_G","Strike_G"]},{"damage_healed":0,"gold_gain":0,"player_choice":"Got Potions","damage_taken":0,"max_hp_gain":0,"max_hp_loss":0,"event_name":"Lab","floor":10,"gold_loss":0},{"damage_healed":0,"gold_gain":0,"player_choice":"Shed Blood","damage_taken":25,"max_hp_gain":5,"max_hp_loss":0,"event_name":"Forgotten Altar","floor":19,"gold_loss":0},{"damage_healed":0,"gold_gain":0,"player_choice":"2 cards matched","damage_taken":0,"max_hp_gain":0,"max_hp_loss":0,"event_name":"Match and Keep!","floor":20,"gold_loss":0,"cards_obtained":["Heel Hook","Neutralize"]}],"is_beta":false,"boss_relics":[{"not_picked":["Calling Bell","Lizard Tail"],"picked":"Black Star"}],"items_purged_floors":[],"is_endless":false,"potions_floor_spawned":[1,5,7,16],"killed_by":"Gremlin Leader","ascension_level":20}