{"gold_per_floor":[211,228,239,239,254,279,279,291,291,54,54,74,84,84],"floor_reached":14,"playtime":776,"items_purged":["Strike_G"],"score":188,"play_id":"052b10b4-6f19-4180-93fc-f58d45da03b9","local_time":"20190521203934","is_ascension_mode":true,"campfire_choices":[{"floor":7,"key":"REST"},{"data":"1","floor":11,"key":"LIFT"}],"neow_cost":"NONE","seed_source_timestamp":155936220443726,"circlet_count":0,"master_deck":["AscendersBane","Defend_G","Defend_G","Defend_G","Defend_G","Defend_G","Strike_G","Strike_G","Strike_G","Strike_G","Survivor","Neutralize","Poisoned Stab","Deadly Poison","Dagger Spray","Dash","Noxious Fumes","Leg Sweep","Dagger Spray","Dodge and Roll"],"relics":["Ring of the Snake","Pantograph","Girya","Dream Catcher"],"potions_floor_usage":[6,6],"damage_taken":[{"damage":6,"enemies":"Cultist","floor":1,"turns":5},{"damage":4,"enemies":"Small Slimes","floor":2,"turns":4},{"damage":2,"enemies":"Jaw Worm","floor":3,"turns":4},{"damage":16,"enemies":"Exordium Thugs","floor":5,"turns":4},{"damage":16,"enemies":"3 Sentries","floor":6,"turns":8},{"damage":12,"enemies":"Large Slime","floor":8,"turns":7},{"damage":13,"enemies":"Exordium Wildlife","floor":12,"turns":4},{"damage":0,"enemies":"2 Fungi Beasts","floor":13,"turns":3},{"damage":12,"enemies":"Lagavulin","floor":14,"turns":4}],"seed_played":"8064960777721674100","potions_obtained":[{"floor":2,"key":"EssenceOfSteel"},{"floor":5,"key":"PowerPotion"},{"floor":13,"key":"FearPotion"}],"is_trial":false,"path_per_floor":["M","M","M","T","M","E","R","M","T","$","R","M","M","E"],"character_chosen":"THE_SILENT","items_purchased":["Noxious Fumes","Leg Sweep"],"campfire_rested":1,"item_purchase_floors":[10,10],"current_hp_per_floor":[53,49,47,47,31,15,34,22,22,22,22,9,9,0],"gold":84,"neow_bonus":"HUNDRED_GOLD","is_prod":false,"is_daily":false,"chose_seed":false,"campfire_upgraded":0,"win_rate":0,"timestamp":1558467574,"path_taken":["M","M","?","?","M","E","R","M","T","$","R","?","M","E"],"build_version":"2019-01-23","purchased_purges":1,"victory":false,"max_hp_per_floor":[66,66,66,66,66,66,66,66,66,66,66,66,66,66],"card_choices":[{"not_picked":["Underhanded Strike","Sucker Punch"],"picked":"Poisoned Stab","floor":1},{"not_picked":["Backflip","Dodge and Roll"],"picked":"Deadly Poison","floor":2},{"not_picked":["Dodge and Roll","Slice"],"picked":"Dagger Spray","floor":3},{"not_picked":["Quick Slash","Underhanded Strike","Eviscerate"],"picked":"SKIP","floor":5},{"not_picked":["Masterful Stab","Sucker Punch"],"picked":"Dash","floor":6},{"not_picked":["Poisoned Stab","Setup","Escape Plan"],"picked":"SKIP","floor":8},{"not_picked":["Bullet Time","Eviscerate"],"picked":"Dagger Spray","floor":12},{"not_picked":["Slice","Flying Knee"],"picked":"Dodge and Roll","floor":13}],"player_experience":1414538,"relics_obtained":[{"floor":4,"key":"Pantograph"},{"floor":6,"key":"Girya"},{"floor":9,"key":"Dream Catcher"}],"event_choices":[],"is_beta":false,"boss_relics":[],"items_purged_floors":[10],"is_endless":false,"potions_floor_spawned":[2,5,13],"killed_by":"Lagavulin","ascension_level":20}