{"gold_per_floor":[111,179,13,13,13,13,32,64,91,91,106,106,124,152,152,229,229,229,12,12,12,12,12,12,12,12,12,12,12,12,12,12,12,12,12,12,12,12,12,12,12,12,12,12,12,12,12,12,12,12],"floor_reached":50,"playtime":3448,"items_purged":["Strike_G"],"score":1178,"play_id":"f4f9583c-e00a-4abf-b227-2f887c045d12","local_time":"20190519115546","is_ascension_mode":true,"campfire_choices":[{"data":"Skewer","floor":6.0,"key":"SMITH"},{"data":"Noxious Fumes","floor":10.0,"key":"SMITH"},{"floor":12.0,"key":"REST"},{"data":"Catalyst","floor":15.0,"key":"SMITH"},{"data":"Footwork","floor":23.0,"key":"SMITH"},{"floor":27.0,"key":"REST"},{"floor":29.0,"key":"REST"},{"floor":32.0,"key":"REST"},{"floor":41,"key":"REST"},{"floor":44,"key":"REST"},{"floor":47,"key":"RECALL"},{"data":"Well Laid Plans","floor":49,"key":"SMITH"}],"neow_cost":"NONE","seed_source_timestamp":380836364570000,"circlet_count":0,"master_deck":["AscendersBane","Defend_G","Defend_G","Defend_G","Strike_G+1","Strike_G+1","Survivor","Neutralize","Backstab+1","Burst+1","Die Die Die+1","Skewer+1","Footwork+1","Dash","PiercingWail","Noxious Fumes+1","Deadly Poison","Catalyst+1","Blur","Well Laid Plans+1","Backflip","PiercingWail","Escape Plan","Leg Sweep+1","Leg Sweep+1","Dodge and Roll+1","Clumsy","Bouncing Flask"],"special_seed":0,"relics":["Astrolabe","Blood Vial","Snake Skull","Gremlin Horn","Ectoplasm","Happy Flower","Juzu Bracelet","Bottled Tornado","Cursed Key","Du-Vu Doll","Blue Candle","Bronze Scales","Whetstone"],"potions_floor_usage":[35,36,46],"damage_taken":[{"damage":0.0,"enemies":"2 Louse","floor":1.0,"turns":2.0},{"damage":0.0,"enemies":"Jaw Worm","floor":7.0,"turns":1.0},{"damage":25.0,"enemies":"3 Sentries","floor":8.0,"turns":8.0},{"damage":3.0,"enemies":"Small Slimes","floor":11.0,"turns":3.0},{"damage":0.0,"enemies":"2 Fungi Beasts","floor":13.0,"turns":1.0},{"damage":8.0,"enemies":"Gremlin Nob","floor":14.0,"turns":3.0},{"damage":7.0,"enemies":"Hexaghost","floor":16.0,"turns":7.0},{"damage":0.0,"enemies":"Spheric Guardian","floor":18.0,"turns":1.0},{"damage":18.0,"enemies":"Chosen","floor":20.0,"turns":6.0},{"damage":9.0,"enemies":"Snake Plant","floor":21.0,"turns":4.0},{"damage":29.0,"enemies":"Slavers","floor":25.0,"turns":4.0},{"damage":9.0,"enemies":"Book of Stabbing","floor":28.0,"turns":3.0},{"damage":20.0,"enemies":"Slavers","floor":30.0,"turns":5.0},{"damage":3.0,"enemies":"Centurion and Healer","floor":31.0,"turns":5.0},{"damage":6,"enemies":"Champ","floor":33,"turns":9},{"damage":0,"enemies":"3 Shapes","floor":35,"turns":2},{"damage":24,"enemies":"2 Orb Walkers","floor":36,"turns":5},{"damage":0,"enemies":"3 Darklings","floor":38,"turns":5},{"damage":15,"enemies":"Giant Head","floor":40,"turns":8},{"damage":18,"enemies":"Reptomancer","floor":42,"turns":5},{"damage":0,"enemies":"Jaw Worm Horde","floor":46,"turns":4},{"damage":4,"enemies":"4 Shapes","floor":48,"turns":5},{"damage":61,"enemies":"Time Eater","floor":50,"turns":3}],"seed_played":"8530226961418695027","potions_obtained":[{"floor":7.0,"key":"PowerPotion"},{"floor":8.0,"key":"Fire Potion"},{"floor":25.0,"key":"Swift Potion"},{"floor":30.0,"key":"SneckoOil"},{"floor":35,"key":"SteroidPotion"},{"floor":36,"key":"Dexterity Potion"},{"floor":42,"key":"Swift Potion"},{"floor":48,"key":"Fire Potion"}],"is_trial":false,"path_per_floor":["M","?","$","?","$","R","M","E","T","R","M","R","M","E","R","B",null,"M","$","M","M","?","R","$","E","T","R","E","R","E","M","R","B",null,"M","?","?","M","?","E","R","E","T","R","$","M","R","M","R","B"],"character_chosen":"THE_SILENT","items_purchased":["Footwork","Dash","Well Laid Plans","Backflip","PiercingWail"],"campfire_rested":6,"item_purchase_floors":[3,3,19,19,19],"current_hp_per_floor":[59,59,59,64,64,64,64,39,39,39,38,59,61,55,55,50,66,68,68,52,45,45,45,45,18,18,39,32,53,35,34,55,51,66,68,46,41,43,43,30,51,35,35,56,56,58,58,56,56,0],"gold":12,"neow_bonus":"BOSS_RELIC","is_prod":false,"is_daily":false,"chose_seed":false,"campfire_upgraded":5,"win_rate":0,"timestamp":1558263346,"path_taken":["M","?","$","?","?","R","M","E","T","R","M","R","M","E","R","BOSS","M","$","M","M","?","R","$","E","T","R","E","R","E","M","R","BOSS","M","?","?","M","?","E","R","E","T","R","$","M","R","M","R","BOSS"],"build_version":"2019-01-23","purchased_purges":1,"victory":false,"max_hp_per_floor":[66,66,66,71,71,71,71,71,71,71,71,71,71,71,71,71,71,71,71,71,71,71,71,71,71,71,71,71,71,71,71,71,71,71,71,71,71,71,71,71,71,71,71,71,71,71,71,71,71,71],"card_choices":[{"not_picked":["Prepared","Slice"],"picked":"Skewer","floor":1.0},{"not_picked":["Setup","Quick Slash"],"picked":"PiercingWail","floor":7.0},{"not_picked":["Concentrate","Deadly Poison"],"picked":"Noxious Fumes","floor":8.0},{"not_picked":["Prepared","Riddle With Holes","Setup"],"picked":"SKIP","floor":11.0},{"not_picked":["Flechettes","PiercingWail"],"picked":"Deadly Poison","floor":13.0},{"not_picked":["Slice","Sucker Punch"],"picked":"Catalyst","floor":14.0},{"not_picked":["Predator","Cloak And Dagger"],"picked":"Blur","floor":18.0},{"not_picked":["Poisoned Stab","Choke","Backflip"],"picked":"SKIP","floor":20.0},{"not_picked":["Cloak And Dagger","Underhanded Strike+1","Choke"],"picked":"SKIP","floor":21.0},{"not_picked":["Concentrate","Cloak And Dagger","Grand Finale"],"picked":"SKIP","floor":25.0},{"not_picked":["Dagger Spray","Well Laid Plans"],"picked":"Escape Plan","floor":28.0},{"not_picked":["Escape Plan","Acrobatics+1"],"picked":"Leg Sweep+1","floor":30.0},{"not_picked":["Poisoned Stab","Terror","Bane"],"picked":"SKIP","floor":31.0},{"not_picked":["Accuracy+1","Bane"],"picked":"Leg Sweep+1","floor":35},{"not_picked":["Quick Slash","Poisoned Stab+1","All Out Attack+1"],"picked":"SKIP","floor":38},{"not_picked":["Deadly Poison","All Out Attack+1"],"picked":"Dodge and Roll+1","floor":40},{"not_picked":["Bane","Blade Dance","Infinite Blades"],"picked":"SKIP","floor":42},{"not_picked":["Setup","Cloak And Dagger+1","Dagger Spray"],"picked":"SKIP","floor":46},{"not_picked":["Underhanded Strike","Grand Finale"],"picked":"Bouncing Flask","floor":48}],"player_experience":1384981,"relics_obtained":[{"floor":8.0,"key":"Blood Vial"},{"floor":9.0,"key":"Snake Skull"},{"floor":14.0,"key":"Gremlin Horn"},{"floor":25.0,"key":"Happy Flower"},{"floor":28.0,"key":"Juzu Bracelet"},{"floor":30.0,"key":"Bottled Tornado"},{"floor":36,"key":"Du-Vu Doll"},{"floor":40,"key":"Blue Candle"},{"floor":42,"key":"Bronze Scales"},{"floor":43,"key":"Whetstone"}],"event_choices":[{"damage_healed":0.0,"max_hp_gain":0.0,"max_hp_loss":0.0,"gold_gain":68.0,"event_name":"Golden Wing","player_choice":"Gained Gold","floor":2.0,"gold_loss":0.0,"damage_taken":0.0},{"damage_healed":0.0,"max_hp_gain":5.0,"max_hp_loss":0.0,"gold_gain":0.0,"event_name":"Big Fish","player_choice":"Donut","floor":4.0,"gold_loss":0.0,"damage_taken":0.0},{"damage_healed":0.0,"max_hp_gain":0.0,"max_hp_loss":0.0,"gold_gain":50.0,"event_name":"Nest","player_choice":"Stole From Cult","floor":22.0,"gold_loss":0.0,"damage_taken":0.0},{"damage_healed":0,"gold_gain":0,"player_choice":"Fight","damage_taken":0,"max_hp_gain":0,"max_hp_loss":0,"event_name":"Mysterious Sphere","floor":36,"gold_loss":0},{"damage_healed":0,"gold_gain":0,"player_choice":"Memory 2","damage_taken":5,"max_hp_gain":0,"max_hp_loss":0,"event_name":"SensoryStone","floor":37,"gold_loss":0},{"cards_removed":["Strike_G"],"damage_healed":0,"gold_gain":0,"player_choice":"Removed Attack","damage_taken":0,"max_hp_gain":0,"max_hp_loss":0,"event_name":"Falling","floor":39,"gold_loss":0}],"is_beta":false,"boss_relics":[{"not_picked":["Calling Bell","Tiny House"],"picked":"Ectoplasm"},{"not_picked":["Runic Pyramid","White Beast Statue"],"picked":"Cursed Key"}],"items_purged_floors":[19],"is_endless":false,"potions_floor_spawned":[7,8,14,25,30,35,36,42,48],"killed_by":"Time Eater","ascension_level":20}