{"gold_per_floor":[119,138,213,213,17,29,57,57,105,105,116,116,149,159,159,159],"floor_reached":16,"playtime":807,"items_purged":["Pain"],"score":220,"play_id":"913763f9-bb53-46a8-96cf-28c5fa3d8698","local_time":"20190519144225","is_ascension_mode":true,"campfire_choices":[{"data":"Bouncing Flask","floor":10,"key":"SMITH"},{"data":"Neutralize","floor":12,"key":"SMITH"},{"data":"Dagger Spray","floor":15,"key":"SMITH"}],"neow_cost":"CURSE","seed_source_timestamp":393516295815694,"circlet_count":0,"master_deck":["AscendersBane","Defend_G","Defend_G","Defend_G","Defend_G","Defend_G","Strike_G","Strike_G","Strike_G","Strike_G","Strike_G","Survivor","Neutralize+1","Bouncing Flask+1","Dash","Caltrops","Dash","Dagger Spray+1"],"relics":["Ring of the Snake","Incense Burner","Lantern","PreservedInsect","The Courier"],"potions_floor_usage":[7,16],"damage_taken":[{"damage":1,"enemies":"2 Louse","floor":1,"turns":3},{"damage":2,"enemies":"Jaw Worm","floor":2,"turns":5},{"damage":2,"enemies":"Small Slimes","floor":6,"turns":7},{"damage":13,"enemies":"Lagavulin","floor":7,"turns":8},{"damage":1,"enemies":"Exordium Wildlife","floor":11,"turns":6},{"damage":8,"enemies":"Gremlin Nob","floor":13,"turns":3},{"damage":0,"enemies":"Blue Slaver","floor":14,"turns":4},{"damage":54,"enemies":"Slime Boss","floor":16,"turns":7}],"seed_played":"-3941797548102766543","potions_obtained":[{"floor":6,"key":"Poison Potion"},{"floor":7,"key":"Poison Potion"}],"is_trial":false,"path_per_floor":["M","M","?","?","$","M","E","?","T","R","M","R","E","M","R","B"],"character_chosen":"THE_SILENT","items_purchased":["Caltrops","Dash"],"campfire_rested":0,"item_purchase_floors":[5,5],"current_hp_per_floor":[58,56,45,45,45,43,30,52,52,52,51,51,43,43,43,0],"gold":159,"neow_bonus":"ONE_RARE_RELIC","is_prod":false,"is_daily":false,"chose_seed":false,"campfire_upgraded":3,"win_rate":0,"timestamp":1558273345,"path_taken":["M","M","?","?","$","M","E","?","T","R","M","R","E","M","R","BOSS"],"build_version":"2019-01-23","purchased_purges":1,"victory":false,"max_hp_per_floor":[66,66,66,66,66,66,66,66,66,66,66,66,66,66,66,66],"card_choices":[{"not_picked":["Slice","Endless Agony"],"picked":"Bouncing Flask","floor":1},{"not_picked":["Backflip","Reflex"],"picked":"Dash","floor":2},{"not_picked":["Blade Dance","Deadly Poison","Flying Knee"],"picked":"SKIP","floor":6},{"not_picked":["Quick Slash","Caltrops","Poisoned Stab"],"picked":"SKIP","floor":7},{"not_picked":["Dagger Throw","Prepared","Envenom"],"picked":"SKIP","floor":11},{"not_picked":["Calculated Gamble","Dodge and Roll","Bane"],"picked":"SKIP","floor":13},{"not_picked":["Blade Dance","Prepared"],"picked":"Dagger Spray","floor":14}],"player_experience":1388429,"relics_obtained":[{"floor":7,"key":"Lantern"},{"floor":9,"key":"PreservedInsect"},{"floor":13,"key":"The Courier"}],"event_choices":[{"damage_healed":0,"gold_gain":75,"player_choice":"Gather Gold","damage_taken":11,"max_hp_gain":0,"max_hp_loss":0,"event_name":"World of Goop","floor":3,"gold_loss":0},{"damage_healed":0,"gold_gain":0,"player_choice":"Ignored","damage_taken":0,"max_hp_gain":0,"max_hp_loss":0,"event_name":"Liars Game","floor":4,"gold_loss":0},{"damage_healed":22,"gold_gain":0,"player_choice":"Banana","damage_taken":0,"max_hp_gain":0,"max_hp_loss":0,"event_name":"Big Fish","floor":8,"gold_loss":0}],"is_beta":false,"boss_relics":[],"items_purged_floors":[5],"is_endless":false,"potions_floor_spawned":[6,7],"killed_by":"Slime Boss","ascension_level":20}