{"gold_per_floor":[109,34,49,49,12,12,12,43,43,43,53,53,82,82,82,82],"floor_reached":16,"playtime":1270,"items_purged":["Strike_G"],"score":212,"play_id":"107fad95-ed60-4577-b655-4649e5d1c6da","local_time":"20190519235235","is_ascension_mode":true,"campfire_choices":[{"data":"Neutralize","floor":6,"key":"SMITH"},{"data":"Dash","floor":10,"key":"SMITH"},{"floor":12,"key":"REST"},{"floor":15,"key":"REST"}],"neow_cost":"NONE","seed_source_timestamp":426063799126074,"circlet_count":0,"master_deck":["AscendersBane","Defend_G+1","Defend_G","Defend_G","Defend_G","Defend_G","Strike_G","Strike_G","Strike_G","Strike_G+1","Survivor","Neutralize+1","Dagger Throw","Dash+1","Footwork","Backflip","Crippling Poison","Parasite"],"relics":["Ring of the Snake","Letter Opener","Blood Vial"],"potions_floor_usage":[8,13],"damage_taken":[{"damage":1,"enemies":"Cultist","floor":1,"turns":4},{"damage":1,"enemies":"2 Louse","floor":3,"turns":3},{"damage":20,"enemies":"Gremlin Nob","floor":8,"turns":4},{"damage":0,"enemies":"Jaw Worm","floor":11,"turns":2},{"damage":22,"enemies":"Lagavulin","floor":13,"turns":8},{"damage":51,"enemies":"The Guardian","floor":16,"turns":17}],"seed_played":"3584589519719828624","potions_obtained":[{"floor":0,"key":"PowerPotion"},{"floor":0,"key":"EntropicBrew"},{"floor":1,"key":"GhostInAJar"},{"floor":8,"key":"FearPotion"}],"is_trial":false,"path_per_floor":["M","$","M","?","$","R","$","E","T","R","M","R","E","?","R","B"],"character_chosen":"THE_SILENT","items_purchased":["Footwork"],"campfire_rested":2,"item_purchase_floors":[5],"current_hp_per_floor":[58,58,57,37,37,37,37,17,17,17,17,36,14,30,49,0],"gold":82,"neow_bonus":"THREE_SMALL_POTIONS","is_prod":false,"is_daily":false,"chose_seed":false,"campfire_upgraded":2,"win_rate":0,"timestamp":1558306355,"path_taken":["M","?","M","?","$","R","$","E","T","R","M","R","E","?","R","BOSS"],"build_version":"2019-01-23","purchased_purges":1,"victory":false,"max_hp_per_floor":[66,66,66,66,66,66,66,66,66,66,66,66,66,66,66,66],"card_choices":[{"not_picked":["Footwork","Terror"],"picked":"Dagger Throw","floor":1},{"not_picked":["Predator","Bouncing Flask"],"picked":"Dash","floor":3},{"not_picked":["Cloak And Dagger","Poisoned Stab"],"picked":"Backflip","floor":8},{"not_picked":["Dagger Throw","Backflip"],"picked":"Crippling Poison","floor":11},{"not_picked":["Flechettes","Phantasmal Killer","Heel Hook"],"picked":"SKIP","floor":13}],"player_experience":1403359,"relics_obtained":[{"floor":8,"key":"Letter Opener"},{"floor":13,"key":"Blood Vial"}],"event_choices":[{"damage_healed":0,"gold_gain":0,"player_choice":"Entered Light","damage_taken":20,"max_hp_gain":0,"max_hp_loss":0,"event_name":"Shining Light","floor":4,"gold_loss":0,"cards_upgraded":["Strike_G","Defend_G"]},{"damage_healed":16,"gold_gain":0,"player_choice":"Healed and dodged fight","damage_taken":0,"max_hp_gain":0,"max_hp_loss":0,"event_name":"Mushrooms","floor":14,"gold_loss":0,"cards_obtained":["Parasite"]}],"is_beta":false,"boss_relics":[],"items_purged_floors":[2],"is_endless":false,"potions_floor_spawned":[1,8],"killed_by":"The Guardian","ascension_level":20}