{"gold_per_floor":[113,131,20,36,0,0,0,0,30,64,64,64,5,5,5,82,82,93,93],"floor_reached":19,"playtime":949,"items_purged":[],"score":326,"play_id":"c806fd21-9601-4977-a331-98e5e9863329","local_time":"20190517230820","is_ascension_mode":true,"campfire_choices":[{"data":"Dagger Spray","floor":6,"key":"SMITH"},{"floor":8,"key":"REST"},{"floor":15,"key":"REST"}],"neow_cost":"PERCENT_DAMAGE","seed_source_timestamp":250928300595293,"circlet_count":0,"master_deck":["AscendersBane","Defend_G","Defend_G","Defend_G","Defend_G","Defend_G","Strike_G","Strike_G","Strike_G","Strike_G","Strike_G","Survivor","Neutralize","PiercingWail","Dagger Spray+1","Grand Finale","Dash+1","Prepared","Wraith Form v2"],"relics":["Ring of the Snake","Incense Burner","StoneCalendar","Tiny Chest","Molten Egg 2","Mummified Hand","Velvet Choker"],"potions_floor_usage":[10,16,19],"damage_taken":[{"damage":0,"enemies":"Cultist","floor":1,"turns":4},{"damage":0,"enemies":"2 Louse","floor":2,"turns":4},{"damage":3,"enemies":"Small Slimes","floor":4,"turns":7},{"damage":0,"enemies":"Looter","floor":5,"turns":4},{"damage":24,"enemies":"Lagavulin","floor":10,"turns":7},{"damage":8,"enemies":"Slime Boss","floor":16,"turns":7},{"damage":9,"enemies":"Shell Parasite","floor":18,"turns":7},{"damage":13,"enemies":"Colosseum Slavers","floor":19,"turns":7},{"damage":48,"enemies":"Colosseum Nobs","floor":19,"turns":4}],"seed_played":"-8467665052472070728","potions_obtained":[{"floor":1,"key":"Energy Potion"},{"floor":2,"key":"GhostInAJar"},{"floor":10,"key":"Block Potion"}],"is_trial":false,"path_per_floor":["M","M","$","M","M","R","?","R","T","E","?","?","$","$","R","B",null,"M","?"],"character_chosen":"THE_SILENT","items_purchased":["PiercingWail","Poison Potion","Prepared"],"campfire_rested":2,"item_purchase_floors":[3,3,13],"current_hp_per_floor":[44,44,44,41,41,41,23,42,42,18,18,18,18,18,37,29,57,48,0],"gold":93,"neow_bonus":"ONE_RARE_RELIC","is_prod":false,"is_daily":false,"chose_seed":false,"campfire_upgraded":1,"win_rate":0,"timestamp":1558130900,"path_taken":["M","M","$","?","M","R","?","R","T","E","?","?","?","$","R","BOSS","M","?"],"build_version":"2019-01-23","purchased_purges":0,"victory":false,"max_hp_per_floor":[66,66,66,66,66,66,66,66,66,66,66,66,66,66,66,66,66,66,66],"card_choices":[{"not_picked":["Setup","Sucker Punch","Deflect"],"picked":"SKIP","floor":1},{"not_picked":["Eviscerate","Blade Dance","Dodge and Roll"],"picked":"SKIP","floor":2},{"not_picked":["Underhanded Strike","Dagger Throw"],"picked":"Dagger Spray","floor":4},{"not_picked":["Bane","Quick Slash"],"picked":"Grand Finale","floor":5},{"not_picked":["PiercingWail","Quick Slash"],"picked":"Dash","floor":10},{"not_picked":["Venomology","Adrenaline"],"picked":"Wraith Form v2","floor":16},{"not_picked":["Cloak And Dagger","Deadly Poison","Poisoned Stab+1"],"picked":"SKIP","floor":18}],"player_experience":1362063,"relics_obtained":[{"floor":9,"key":"Tiny Chest"},{"floor":10,"key":"Molten Egg 2"}],"event_choices":[{"damage_healed":0,"gold_gain":0,"player_choice":"Success","damage_taken":18,"relics_obtained":["StoneCalendar"],"max_hp_gain":0,"max_hp_loss":0,"event_name":"Scrap Ooze","floor":7,"gold_loss":0},{"damage_healed":0,"gold_gain":0,"player_choice":"Searched \u00271\u0027 times","damage_taken":0,"relics_obtained":["Mummified Hand"],"max_hp_gain":0,"max_hp_loss":0,"event_name":"Dead Adventurer","floor":11,"gold_loss":0},{"damage_healed":0,"gold_gain":0,"player_choice":"Ignored","damage_taken":0,"max_hp_gain":0,"max_hp_loss":0,"event_name":"Shining Light","floor":12,"gold_loss":0},{"damage_healed":0,"gold_gain":0,"player_choice":"Fight","damage_taken":0,"max_hp_gain":0,"max_hp_loss":0,"event_name":"Colosseum","floor":19,"gold_loss":0},{"damage_healed":0,"gold_gain":0,"player_choice":"Fought Nobs","damage_taken":0,"max_hp_gain":0,"max_hp_loss":0,"event_name":"Colosseum","floor":19,"gold_loss":0}],"is_beta":false,"boss_relics":[{"not_picked":["White Beast Statue","Fusion Hammer"],"picked":"Velvet Choker"}],"items_purged_floors":[],"is_endless":false,"potions_floor_spawned":[1,2,4,10,19],"killed_by":"Colosseum Nobs","ascension_level":20}