{"gold_per_floor":[119,119,33,51,65,65,100,100,100,25,25,55,83,95,107,191,203,229,259,271,383,410,422,349,391,403,40,59,59,75,88,88,162,162,181,228,4,4,18,18,38,138,165,165,197,216,216,216,216,216],"floor_reached":50,"playtime":7231,"items_purged":["Strike_G"],"score":1096,"play_id":"c6c10684-a7ce-4da5-8ada-637f019551d3","local_time":"20190519192845","is_ascension_mode":true,"campfire_choices":[{"data":"Skewer","floor":6,"key":"SMITH"},{"floor":8,"key":"REST"},{"floor":15,"key":"DIG"},{"floor":23,"key":"REST"},{"floor":29,"key":"REST"},{"floor":32,"key":"DIG"},{"floor":40,"key":"REST"},{"floor":44,"key":"RECALL"},{"floor":47,"key":"DIG"},{"floor":49,"key":"REST"}],"neow_cost":"NONE","seed_source_timestamp":404279223010834,"circlet_count":0,"master_deck":["AscendersBane","Defend_G","Defend_G","Defend_G","Defend_G+1","Defend_G","Strike_G+1","Survivor","Neutralize+1","Caltrops","Skewer+1","Adrenaline","Deadly Poison","Poisoned Stab","Adrenaline","Bane+1","Infinite Blades+1","Die Die Die+1","Blade Dance+1","Noxious Fumes+1","PiercingWail","PiercingWail","Caltrops+1","After Image+1","Noxious Fumes+1","Blade Dance+1"],"relics":["Ring of the Snake","Pantograph","Bronze Scales","Shovel","MawBank","Centennial Puzzle","Boot","Astrolabe","MutagenicStrength","Gambling Chip","Paper Crane","Molten Egg 2","Matryoshka","Blood Vial","Frozen Egg 2","Gremlin Horn","Runic Dome","Dead Branch","OrangePellets","Unceasing Top","Oddly Smooth Stone","Dream Catcher","Vajra","Mercury Hourglass","Toxic Egg 2"],"potions_floor_usage":[7,21,21,22,33,33,50,50],"damage_taken":[{"damage":6,"enemies":"Cultist","floor":1,"turns":4},{"damage":0,"enemies":"2 Louse","floor":4,"turns":3},{"damage":2,"enemies":"Jaw Worm","floor":5,"turns":4},{"damage":12,"enemies":"Lagavulin","floor":7,"turns":5},{"damage":17,"enemies":"3 Sentries","floor":12,"turns":6},{"damage":0,"enemies":"2 Fungi Beasts","floor":13,"turns":3},{"damage":16,"enemies":"Hexaghost","floor":16,"turns":8},{"damage":9,"enemies":"Shell Parasite","floor":18,"turns":5},{"damage":8,"enemies":"Chosen","floor":19,"turns":3},{"damage":0,"enemies":"Colosseum Slavers","floor":21,"turns":2},{"damage":7,"enemies":"Colosseum Nobs","floor":21,"turns":2},{"damage":8,"enemies":"Sentry and Sphere","floor":22,"turns":6},{"damage":33,"enemies":"Slavers","floor":25,"turns":4},{"damage":0,"enemies":"3 Cultists","floor":28,"turns":4},{"damage":7,"enemies":"Snecko","floor":30,"turns":3},{"damage":2,"enemies":"Chosen and Byrds","floor":31,"turns":3},{"damage":42,"enemies":"Champ","floor":33,"turns":13},{"damage":0,"enemies":"3 Shapes","floor":35,"turns":3},{"damage":37,"enemies":"2 Orb Walkers","floor":36,"turns":5},{"damage":0,"enemies":"Orb Walker","floor":39,"turns":2},{"damage":1,"enemies":"Writhing Mass","floor":41,"turns":5},{"damage":0,"enemies":"Mind Bloom Boss Battle","floor":42,"turns":4},{"damage":32,"enemies":"Reptomancer","floor":45,"turns":4},{"damage":0,"enemies":"3 Darklings","floor":46,"turns":3},{"damage":76,"enemies":"Awakened One","floor":50,"turns":7}],"seed_played":"-2767036784650934786","potions_obtained":[{"floor":4,"key":"SkillPotion"},{"floor":5,"key":"GamblersBrew"},{"floor":7,"key":"Poison Potion"},{"floor":16,"key":"Poison Potion"},{"floor":18,"key":"PowerPotion"},{"floor":21,"key":"Dexterity Potion"},{"floor":22,"key":"Weak Potion"},{"floor":30,"key":"Weak Potion"},{"floor":31,"key":"EssenceOfSteel"},{"floor":35,"key":"SkillPotion"},{"floor":42,"key":"Dexterity Potion"}],"is_trial":false,"path_per_floor":["M","?","$","M","M","R","E","R","T","$","?","E","M","T","R","B",null,"M","M","?","?","M","R","?","E","T","$","M","R","M","M","R","B",null,"M","?","$","?","M","R","M","?","T","R","E","M","R","T","R","B"],"character_chosen":"THE_SILENT","items_purchased":["Skewer","Frozen Egg 2","Noxious Fumes+1","PiercingWail","OrangePellets"],"campfire_rested":5,"item_purchase_floors":[3,27,27,27,37],"current_hp_per_floor":[53,33,33,33,31,31,19,38,38,38,38,21,21,21,21,30,57,48,40,40,33,25,44,44,11,11,11,13,32,27,27,27,12,53,55,20,20,20,22,41,42,66,66,66,34,36,36,36,55,0],"gold":216,"neow_bonus":"UPGRADE_CARD","is_prod":false,"is_daily":false,"chose_seed":false,"campfire_upgraded":1,"win_rate":0,"timestamp":1558290525,"path_taken":["M","?","$","M","M","R","E","R","T","$","?","E","?","?","R","BOSS","M","M","?","?","M","R","?","E","T","$","M","R","M","M","R","BOSS","M","?","$","?","M","R","M","?","T","R","E","M","R","?","R","BOSS"],"build_version":"2019-01-23","purchased_purges":1,"victory":false,"max_hp_per_floor":[66,66,66,66,66,66,66,66,66,66,66,66,66,66,66,66,66,66,66,66,66,66,66,66,66,66,66,66,66,66,66,66,66,66,66,66,66,66,66,66,66,66,66,66,66,66,66,66,66,66],"card_choices":[{"not_picked":["Deflect","Cloak And Dagger"],"picked":"Caltrops","floor":1},{"not_picked":["Backflip","Riddle With Holes","Acrobatics"],"picked":"SKIP","floor":4},{"not_picked":["PiercingWail","All Out Attack"],"picked":"Adrenaline","floor":5},{"not_picked":["Choke","Underhanded Strike","Dagger Spray"],"picked":"SKIP","floor":7},{"not_picked":["Bane","Cloak And Dagger"],"picked":"Deadly Poison","floor":12},{"not_picked":["Infinite Blades","Bane"],"picked":"Poisoned Stab","floor":13},{"not_picked":["Tools of the Trade","Burst"],"picked":"Adrenaline","floor":16},{"not_picked":["Dagger Spray","Outmaneuver","All Out Attack"],"picked":"SKIP","floor":18},{"not_picked":["Reflex","Slice"],"picked":"Blade Dance+1","floor":19},{"not_picked":["Acrobatics","Endless Agony","Dodge and Roll"],"picked":"SKIP","floor":22},{"not_picked":["Underhanded Strike+1","Riddle With Holes+1","Bouncing Flask"],"picked":"SKIP","floor":25},{"not_picked":["Heel Hook+1","Dagger Spray+1"],"picked":"PiercingWail","floor":28},{"not_picked":["Poisoned Stab+1","Sucker Punch+1"],"picked":"Caltrops+1","floor":30},{"not_picked":["Slice+1","Acrobatics+1"],"picked":"Escape Plan","floor":31},{"not_picked":["Adrenaline","Night Terror"],"picked":"After Image+1","floor":33},{"not_picked":["PiercingWail","Outmaneuver","Dagger Spray+1"],"picked":"SKIP","floor":35},{"not_picked":["Flechettes+1","Expertise"],"picked":"Noxious Fumes+1","floor":39},{"not_picked":["Endless Agony+1","Cloak And Dagger","Quick Slash+1"],"picked":"SKIP","floor":41},{"not_picked":["Noxious Fumes+1","Outmaneuver"],"picked":"Blade Dance+1","floor":42},{"not_picked":["Predator+1","Eviscerate+1","Night Terror"],"picked":"SKIP","floor":45},{"not_picked":["Cloak And Dagger","Slice+1","Deadly Poison"],"picked":"SKIP","floor":46}],"player_experience":1392068,"relics_obtained":[{"floor":7,"key":"Pantograph"},{"floor":9,"key":"Bronze Scales"},{"floor":12,"key":"MawBank"},{"floor":14,"key":"Centennial Puzzle"},{"floor":15,"key":"Boot"},{"floor":21,"key":"Gambling Chip"},{"floor":21,"key":"Paper Crane"},{"floor":25,"key":"Matryoshka"},{"floor":26,"key":"Blood Vial"},{"floor":32,"key":"Gremlin Horn"},{"floor":36,"key":"Dead Branch"},{"floor":42,"key":"Unceasing Top"},{"floor":43,"key":"Oddly Smooth Stone"},{"floor":43,"key":"Dream Catcher"},{"floor":45,"key":"Vajra"},{"floor":47,"key":"Mercury Hourglass"},{"floor":48,"key":"Toxic Egg 2"}],"event_choices":[{"damage_healed":0,"gold_gain":0,"player_choice":"Entered Light","damage_taken":20,"max_hp_gain":0,"max_hp_loss":0,"event_name":"Shining Light","floor":2,"gold_loss":0,"cards_upgraded":["Strike_G","Defend_G"]},{"damage_healed":0,"gold_gain":0,"player_choice":"Gave Potion","damage_taken":0,"relics_obtained":["Shovel"],"max_hp_gain":0,"max_hp_loss":0,"event_name":"WeMeetAgain","floor":11,"gold_loss":0},{"damage_healed":0,"gold_gain":0,"player_choice":"Inject Mutagens","damage_taken":0,"relics_obtained":["MutagenicStrength"],"max_hp_gain":0,"max_hp_loss":0,"event_name":"Drug Dealer","floor":20,"gold_loss":0},{"damage_healed":0,"gold_gain":0,"player_choice":"Fight","damage_taken":0,"max_hp_gain":0,"max_hp_loss":0,"event_name":"Colosseum","floor":21,"gold_loss":0},{"damage_healed":0,"gold_gain":0,"player_choice":"Fought Nobs","damage_taken":0,"max_hp_gain":0,"max_hp_loss":0,"event_name":"Colosseum","floor":21,"gold_loss":0},{"damage_healed":0,"gold_gain":0,"player_choice":"Obtained Relic","damage_taken":0,"relics_obtained":["Molten Egg 2"],"max_hp_gain":0,"max_hp_loss":0,"event_name":"Addict","floor":24,"gold_loss":85},{"damage_healed":0,"gold_gain":0,"player_choice":"Fight","damage_taken":0,"max_hp_gain":0,"max_hp_loss":0,"event_name":"Mysterious Sphere","floor":36,"gold_loss":0},{"cards_removed":["Escape Plan"],"damage_healed":0,"gold_gain":0,"player_choice":"Removed Skill","damage_taken":0,"max_hp_gain":0,"max_hp_loss":0,"event_name":"Falling","floor":38,"gold_loss":0},{"damage_healed":0,"gold_gain":0,"player_choice":"Fight","damage_taken":0,"max_hp_gain":0,"max_hp_loss":0,"event_name":"MindBloom","floor":42,"gold_loss":0}],"is_beta":false,"boss_relics":[{"not_picked":["Black Star","Cursed Key"],"picked":"Astrolabe"},{"not_picked":["Empty Cage","Calling Bell"],"picked":"Runic Dome"}],"items_purged_floors":[10],"is_endless":false,"potions_floor_spawned":[4,5,7,16,18,21,22,30,31,35,42,45,46],"killed_by":"Awakened One","ascension_level":20}