{"gold_per_floor":[117,129,145,145,169,169,184,218,218,218,228,228,240,255,255,332,332,346,375,23,23,23,23,52,102,102,102,102,134,57,57,57,136,136,147,167,10,10,1009,1035,1035,1035,1035,1257,642,63,98,116,116,116,116,116,116,2,28,28],"floor_reached":56,"playtime":4216,"items_purged":["Strike_G","Strike_G","Normality","Normality"],"score":1924,"play_id":"e707154a-cd32-4f55-bad9-dceec734eff7","local_time":"20190518124707","is_ascension_mode":true,"campfire_choices":[{"data":"Noxious Fumes","floor":6.0,"key":"SMITH"},{"data":"Neutralize","floor":10.0,"key":"SMITH"},{"data":"Poisoned Stab","floor":12.0,"key":"SMITH"},{"data":"Poisoned Stab","floor":15.0,"key":"SMITH"},{"floor":23,"key":"REST"},{"floor":27,"key":"REST"},{"floor":32,"key":"REST"},{"floor":41,"key":"RECALL"},{"floor":42,"key":"REST"},{"data":"Footwork","floor":49,"key":"SMITH"},{"data":"Cloak And Dagger","floor":53,"key":"SMITH"}],"neow_cost":"NONE","seed_source_timestamp":0,"circlet_count":0,"master_deck":["AscendersBane","Defend_G","Defend_G","Defend_G","Strike_G+1","Survivor","Neutralize+1","Noxious Fumes+1","Dagger Spray","Poisoned Stab+1","After Image","Poisoned Stab+1","After Image","Backstab+1","Dodge and Roll","Dagger Spray","Bane+1","Cloak And Dagger+1","Well Laid Plans","Neutralize","Corpse Explosion","Footwork+1","Blur","Leg Sweep","Noxious Fumes","Dodge and Roll","Deflect+1","PiercingWail+1","PiercingWail+1"],"special_seed":0,"relics":["Ring of the Serpent","Boot","Ancient Tea Set","Bag of Preparation","Pear","Black Star","Red Mask","TwistedFunnel","Letter Opener","Bottled Flame","Paper Crane","WingedGreaves","Du-Vu Doll","Whetstone","Kunai","Question Card","Lee\u0027s Waffle","Pen Nib","Snake Skull","Strawberry","Singing Bowl","Lantern","Blood Vial","Happy Flower"],"potions_floor_usage":[19,19,33,36,40,50,56,56,56],"damage_taken":[{"damage":0.0,"enemies":"Cultist","floor":1.0,"turns":4.0},{"damage":2.0,"enemies":"2 Louse","floor":2.0,"turns":3.0},{"damage":2.0,"enemies":"Jaw Worm","floor":3.0,"turns":4.0},{"damage":3.0,"enemies":"Looter","floor":7.0,"turns":3.0},{"damage":20.0,"enemies":"3 Sentries","floor":8.0,"turns":5.0},{"damage":4.0,"enemies":"Large Slime","floor":11.0,"turns":6.0},{"damage":1.0,"enemies":"Blue Slaver","floor":13.0,"turns":3.0},{"damage":0.0,"enemies":"2 Fungi Beasts","floor":14.0,"turns":3.0},{"damage":14.0,"enemies":"The Guardian","floor":16.0,"turns":9.0},{"damage":13,"enemies":"Spheric Guardian","floor":18,"turns":5},{"damage":33,"enemies":"Masked Bandits","floor":19,"turns":4},{"damage":36,"enemies":"Book of Stabbing","floor":24,"turns":6},{"damage":8,"enemies":"Gremlin Leader","floor":29,"turns":5},{"damage":15,"enemies":"Champ","floor":33,"turns":12},{"damage":0,"enemies":"3 Shapes","floor":35,"turns":2},{"damage":7,"enemies":"3 Darklings","floor":36,"turns":3},{"damage":36,"enemies":"Nemesis","floor":40,"turns":9},{"damage":16,"enemies":"Giant Head","floor":47,"turns":11},{"damage":4,"enemies":"Sphere and 2 Shapes","floor":48,"turns":6},{"damage":26,"enemies":"Awakened One","floor":50,"turns":19},{"damage":9,"enemies":"Time Eater","floor":51,"turns":17},{"damage":37,"enemies":"Shield and Spear","floor":55,"turns":7},{"damage":52,"enemies":"The Heart","floor":56,"turns":8}],"seed_played":"-4417901546329043219","potions_obtained":[{"floor":3.0,"key":"SteroidPotion"},{"floor":7.0,"key":"FearPotion"},{"floor":16.0,"key":"SpeedPotion"},{"floor":24,"key":"Fire Potion"},{"floor":29,"key":"FearPotion"},{"floor":36,"key":"Dexterity Potion"}],"is_trial":false,"path_per_floor":["M","M","M","?","T","R","M","E","T","R","M","R","M","M","R","B",null,"M","?","$","?","$","R","E","?","T","R","T","E","$","?","R","B",null,"M","M","$","?","?","E","R","R","T","?","$","$","E","M","R","B","B",null,"R","$","E","B"],"character_chosen":"THE_SILENT","items_purchased":["TwistedFunnel","Dodge and Roll","Well Laid Plans","Block Potion","Lee\u0027s Waffle","Leg Sweep","Pen Nib","SteroidPotion","Snake Skull","Noxious Fumes","Strawberry","Dodge and Roll","EntropicBrew"],"campfire_rested":4,"item_purchase_floors":[20,20,30,37,45,45,45,45,46,46,46,46,54],"current_hp_per_floor":[59,57,55,48,48,48,45,25,35,35,31,31,30,30,30,16,61,48,15,15,15,15,37,1,1,1,23,23,15,15,15,37,22,63,63,56,56,56,56,20,20,42,42,42,83,90,74,70,70,44,35,76,76,76,39,0],"gold":28,"neow_bonus":"RANDOM_COMMON_RELIC","is_prod":false,"is_daily":false,"chose_seed":false,"campfire_upgraded":6,"win_rate":0,"timestamp":1558180027,"path_taken":["M","?","M","?","?","R","M","E","T","R","M","R","M","M","R","BOSS","M","?","$","?","?","R","E","?","T","R","?","E","$","?","R","BOSS","M","M","$","?","?","E","R","R","T","?","$","$","E","M","R","BOSS","BOSS","R","$","E","BOSS"],"build_version":"2019-01-23","purchased_purges":4,"victory":false,"max_hp_per_floor":[66,66,66,66,66,66,66,66,76,76,76,76,76,76,76,76,76,76,76,76,76,76,76,76,76,76,76,76,76,76,76,76,76,76,76,76,76,76,76,76,76,76,76,76,83,90,90,90,90,90,90,90,90,90,90,90],"card_choices":[{"not_picked":["Cloak And Dagger","Underhanded Strike"],"picked":"Noxious Fumes","floor":1.0},{"not_picked":["Deadly Poison","Expertise"],"picked":"Dagger Spray","floor":2.0},{"not_picked":["Outmaneuver","Sucker Punch"],"picked":"Poisoned Stab","floor":3.0},{"not_picked":["Leg Sweep","Backflip"],"picked":"After Image","floor":7.0},{"not_picked":["Underhanded Strike","Dagger Spray","Flying Knee"],"picked":"SKIP","floor":8.0},{"not_picked":["Sucker Punch","Slice","Prepared"],"picked":"SKIP","floor":11.0},{"not_picked":["Backflip","Backstab"],"picked":"Poisoned Stab","floor":13.0},{"not_picked":["Blade Dance","Dagger Spray","Eviscerate"],"picked":"SKIP","floor":14.0},{"not_picked":["Storm of Steel","Burst"],"picked":"After Image","floor":16.0},{"not_picked":["Flying Knee","Eviscerate","Blade Dance"],"picked":"SKIP","floor":18},{"not_picked":["Dagger Throw+1","Prepared+1"],"picked":"Backstab+1","floor":19},{"not_picked":["Underhanded Strike","Predator+1","Envenom"],"picked":"SKIP","floor":24},{"not_picked":["Die Die Die","Flying Knee"],"picked":"Cloak And Dagger","floor":29},{"not_picked":["Glass Knife","Bullet Time"],"picked":"Corpse Explosion","floor":33},{"not_picked":["Slice+1","Sucker Punch+1"],"picked":"Footwork","floor":35},{"not_picked":["Quick Slash","Reflex"],"picked":"Blur","floor":36},{"not_picked":["Reflex","Eviscerate","Poisoned Stab"],"picked":"SKIP","floor":40},{"not_picked":["Prepared","Bane","Crippling Poison"],"picked":"Deflect+1","floor":47},{"not_picked":["Cloak And Dagger","Bane","Reflex"],"picked":"PiercingWail+1","floor":48},{"not_picked":["Dagger Throw+1","A Thousand Cuts","Poisoned Stab"],"picked":"PiercingWail+1","floor":55}],"player_experience":1363683,"relics_obtained":[{"floor":5.0,"key":"Ancient Tea Set"},{"floor":8.0,"key":"Bag of Preparation"},{"floor":9.0,"key":"Pear"},{"floor":19,"key":"Red Mask"},{"floor":24,"key":"Letter Opener"},{"floor":24,"key":"Bottled Flame"},{"floor":26,"key":"Paper Crane"},{"floor":28,"key":"WingedGreaves"},{"floor":29,"key":"Du-Vu Doll"},{"floor":29,"key":"Whetstone"},{"floor":40,"key":"Kunai"},{"floor":40,"key":"Question Card"},{"floor":47,"key":"Singing Bowl"},{"floor":47,"key":"Lantern"},{"floor":55,"key":"Blood Vial"},{"floor":55,"key":"Happy Flower"}],"event_choices":[{"cards_removed":["Strike_G"],"damage_healed":0.0,"max_hp_gain":0.0,"max_hp_loss":0.0,"gold_gain":0.0,"event_name":"Golden Wing","player_choice":"Card Removal","floor":4.0,"gold_loss":0.0,"damage_taken":7.0},{"damage_healed":0,"gold_gain":0,"player_choice":"Fought Bandits","damage_taken":0,"max_hp_gain":0,"max_hp_loss":0,"event_name":"Masked Bandits","floor":19,"gold_loss":0},{"damage_healed":0,"gold_gain":0,"cards_transformed":["Strike_G","Defend_G"],"player_choice":"Became Test Subject","damage_taken":0,"max_hp_gain":0,"max_hp_loss":0,"event_name":"Drug Dealer","floor":21,"gold_loss":0,"cards_obtained":["Dagger Spray","Bane"]},{"damage_healed":0,"gold_gain":50,"player_choice":"Stole From Cult","damage_taken":0,"max_hp_gain":0,"max_hp_loss":0,"event_name":"Nest","floor":25,"gold_loss":0},{"damage_healed":0,"gold_gain":0,"player_choice":"1 cards matched","damage_taken":0,"max_hp_gain":0,"max_hp_loss":0,"event_name":"Match and Keep!","floor":31,"gold_loss":0,"cards_obtained":["Neutralize"]},{"cards_removed":["Defend_G"],"damage_healed":0,"gold_gain":0,"player_choice":"Removed Skill","damage_taken":0,"max_hp_gain":0,"max_hp_loss":0,"event_name":"Falling","floor":38,"gold_loss":0},{"damage_healed":0,"gold_gain":999,"player_choice":"Gold","damage_taken":0,"max_hp_gain":0,"max_hp_loss":0,"event_name":"MindBloom","floor":39,"gold_loss":0,"cards_obtained":["Normality","Normality"]},{"damage_healed":0,"gold_gain":222,"player_choice":"Wore Mask","damage_taken":0,"max_hp_gain":0,"max_hp_loss":0,"event_name":"Tomb of Lord Red Mask","floor":44,"gold_loss":0}],"is_beta":false,"boss_relics":[{"not_picked":["Pandora\u0027s Box","Snecko Eye"],"picked":"Black Star"},{"not_picked":["Tiny House","Calling Bell"],"picked":"Ring of the Serpent"}],"items_purged_floors":[20,37,45,46],"is_endless":false,"potions_floor_spawned":[3,7,16,24,29,36,48],"killed_by":"The Heart","ascension_level":20}