{"gold_per_floor":[111,18,32,32,48,76,95,130,199,199,231,231,231,249,249,326,326,345,345,1,17,17,17,43,58,58,91,115,148,165,10,10,88,88,107,7,18,35,135,168,168,24,71,100,100,100,116,116,116,116,116,116,116,6,37,37],"floor_reached":56,"playtime":5109,"items_purged":["Strike_G","Strike_G"],"score":2012,"play_id":"51a88701-fbd7-40ad-ab60-56ef2760dc79","local_time":"20190516232157","is_ascension_mode":true,"campfire_choices":[{"floor":10.0,"key":"REST"},{"floor":12.0,"key":"REST"},{"floor":15.0,"key":"REST"},{"floor":23.0,"key":"REST"},{"floor":32,"key":"REST"},{"floor":41,"key":"RECALL"},{"data":"Wraith Form v2","floor":46,"key":"SMITH"},{"data":"Noxious Fumes","floor":49,"key":"SMITH"},{"floor":53,"key":"DIG"}],"neow_cost":"NONE","seed_source_timestamp":161027710248542,"circlet_count":0,"master_deck":["AscendersBane","Defend_G","Defend_G","Defend_G","Defend_G","Strike_G","Survivor","Neutralize+1","Deflect+1","Corpse Explosion+1","Poisoned Stab","Well Laid Plans","Poisoned Stab","Noxious Fumes+1","Storm of Steel","Wraith Form v2+1","Adrenaline","PiercingWail","Catalyst+1","Dash","Flash of Steel","Adrenaline","Cloak And Dagger+1","Crippling Poison","Deflect+1","Footwork","Catalyst","Envenom"],"special_seed":0,"relics":["Astrolabe","Du-Vu Doll","Tough Bandages","PreservedInsect","Anchor","Black Star","Sling","MutagenicStrength","Strawberry","Ancient Tea Set","Pear","Bird Faced Urn","Letter Opener","Snake Skull","Shovel","Bronze Scales","Snecko Eye","StoneCalendar","Shuriken","Bottled Tornado","Vajra","Blood Vial","Dream Catcher","Ninja Scroll","Art of War","Lantern"],"potions_floor_usage":[27,29,33,33,35,38,50,50,56,56],"damage_taken":[{"damage":7.0,"enemies":"Jaw Worm","floor":1.0,"turns":4.0},{"damage":0.0,"enemies":"Cultist","floor":3.0,"turns":4.0},{"damage":3.0,"enemies":"2 Louse","floor":5.0,"turns":3.0},{"damage":31.0,"enemies":"Gremlin Nob","floor":6.0,"turns":5.0},{"damage":7.0,"enemies":"Gremlin Gang","floor":7.0,"turns":3.0},{"damage":8.0,"enemies":"Lagavulin","floor":8.0,"turns":7.0},{"damage":11.0,"enemies":"Gremlin Nob","floor":11.0,"turns":3.0},{"damage":4.0,"enemies":"Large Slime","floor":14.0,"turns":4.0},{"damage":20.0,"enemies":"The Guardian","floor":16.0,"turns":10.0},{"damage":15.0,"enemies":"Shell Parasite","floor":18.0,"turns":5.0},{"damage":1.0,"enemies":"Chosen","floor":21.0,"turns":5.0},{"damage":13.0,"enemies":"Slavers","floor":24.0,"turns":2.0},{"damage":1.0,"enemies":"Centurion and Healer","floor":25.0,"turns":4.0},{"damage":17,"enemies":"Gremlin Leader","floor":27,"turns":5},{"damage":11,"enemies":"Slavers","floor":29,"turns":4},{"damage":1,"enemies":"Snecko","floor":30,"turns":4},{"damage":41,"enemies":"Collector","floor":33,"turns":6},{"damage":0,"enemies":"3 Shapes","floor":35,"turns":3},{"damage":0,"enemies":"3 Darklings","floor":37,"turns":2},{"damage":7,"enemies":"Writhing Mass","floor":38,"turns":5},{"damage":7,"enemies":"Mind Bloom Boss Battle","floor":39,"turns":7},{"damage":4,"enemies":"Nemesis","floor":40,"turns":5},{"damage":27,"enemies":"Reptomancer","floor":44,"turns":6},{"damage":0,"enemies":"Sphere and 2 Shapes","floor":47,"turns":3},{"damage":73,"enemies":"Donu and Deca","floor":50,"turns":8},{"damage":15,"enemies":"Time Eater","floor":51,"turns":5},{"damage":35,"enemies":"Shield and Spear","floor":55,"turns":5},{"damage":56,"enemies":"The Heart","floor":56,"turns":2}],"seed_played":"1878331328962804652","potions_obtained":[{"floor":1.0,"key":"Block Potion"},{"floor":5.0,"key":"Explosive Potion"},{"floor":7.0,"key":"FearPotion"},{"floor":11.0,"key":"SteroidPotion"},{"floor":16.0,"key":"EssenceOfSteel"},{"floor":29,"key":"Swift Potion"},{"floor":33,"key":"GamblersBrew"},{"floor":37,"key":"FearPotion"},{"floor":38,"key":"PowerPotion"},{"floor":47,"key":"Regen Potion"}],"is_trial":false,"path_per_floor":["M","$","M","?","M","E","M","E","T","R","E","R","?","M","R","B",null,"M","?","$","M","?","R","E","M","T","E","T","E","M","$","R","B",null,"M","$","M","M","?","E","R","$","T","E","?","R","M","?","R","B","B",null,"R","$","E","B"],"character_chosen":"THE_SILENT","items_purchased":["Well Laid Plans","Poisoned Stab","PiercingWail","Sling","Poison Potion","Flash of Steel","Footwork","Fire Potion","Dexterity Potion","SkillPotion"],"campfire_rested":5,"item_purchase_floors":[2,2,20,20,31,31,42,42,54,54],"current_hp_per_floor":[52,52,52,52,49,18,11,3,3,22,11,30,30,26,45,25,56,41,23,23,22,22,43,37,36,46,29,29,20,23,23,49,14,70,72,72,72,69,66,66,66,66,66,43,72,72,72,68,68,18,9,53,53,53,26,0],"gold":37,"neow_bonus":"BOSS_RELIC","is_prod":false,"is_daily":false,"chose_seed":false,"campfire_upgraded":2,"win_rate":0,"timestamp":1558045317,"path_taken":["M","$","M","?","M","E","?","E","T","R","E","R","?","?","R","BOSS","M","?","$","M","?","R","E","?","T","E","?","E","?","$","R","BOSS","M","$","M","M","?","E","R","$","T","E","?","R","M","?","R","BOSS","BOSS","R","$","E","BOSS"],"build_version":"2019-01-23","purchased_purges":2,"victory":false,"max_hp_per_floor":[66,66,66,66,66,66,66,66,66,66,66,66,66,66,66,66,66,66,71,71,71,71,71,78,78,88,88,88,88,88,88,88,88,88,88,88,88,88,88,88,88,88,88,88,72,72,72,68,68,68,68,68,68,68,68,68],"card_choices":[{"not_picked":["Outmaneuver","Predator"],"picked":"Poisoned Stab","floor":1.0},{"not_picked":["Calculated Gamble","Blade Dance"],"picked":"Noxious Fumes","floor":3.0},{"not_picked":["Deflect","Blade Dance","Underhanded Strike"],"picked":"SKIP","floor":5.0},{"not_picked":["Backflip","Bane","Dagger Throw"],"picked":"SKIP","floor":6.0},{"not_picked":["Slice","Underhanded Strike","Sucker Punch"],"picked":"SKIP","floor":7.0},{"not_picked":["Quick Slash","Acrobatics"],"picked":"Storm of Steel","floor":8.0},{"not_picked":["Dagger Spray","Venomology"],"picked":"Wraith Form v2","floor":11.0},{"not_picked":["Flying Knee","Slice","Bane"],"picked":"SKIP","floor":14.0},{"not_picked":["A Thousand Cuts","Night Terror"],"picked":"Adrenaline","floor":16.0},{"not_picked":["Dagger Spray","Finisher","Well Laid Plans"],"picked":"SKIP","floor":18.0},{"not_picked":["Endless Agony","Flying Knee","Slice"],"picked":"SKIP","floor":21.0},{"not_picked":["Poisoned Stab","Blade Dance"],"picked":"Catalyst+1","floor":24.0},{"not_picked":["Underhanded Strike","Slice"],"picked":"Dash","floor":25.0},{"not_picked":["Backflip","Dodge and Roll","Dagger Throw"],"picked":"SKIP","floor":27},{"not_picked":["Poisoned Stab","Outmaneuver","Envenom"],"picked":"SKIP","floor":29},{"not_picked":["Dodge and Roll","Blade Dance+1","Deflect"],"picked":"SKIP","floor":30},{"not_picked":["After Image","Glass Knife"],"picked":"Adrenaline","floor":33},{"not_picked":["Calculated Gamble","Sucker Punch+1"],"picked":"Cloak And Dagger+1","floor":35},{"not_picked":["Dagger Spray","Infinite Blades"],"picked":"Crippling Poison","floor":37},{"not_picked":["Cloak And Dagger","Backflip","Skewer"],"picked":"SKIP","floor":38},{"not_picked":["Quick Slash","Escape Plan"],"picked":"Deflect+1","floor":40},{"not_picked":["Sucker Punch","Dodge and Roll"],"picked":"Catalyst","floor":44},{"not_picked":["Prepared","Blade Dance"],"picked":"Envenom","floor":47},{"not_picked":["Choke","Flying Knee","Underhanded Strike+1"],"picked":"SKIP","floor":55}],"player_experience":1348979,"relics_obtained":[{"floor":6.0,"key":"Du-Vu Doll"},{"floor":8.0,"key":"Tough Bandages"},{"floor":11.0,"key":"PreservedInsect"},{"floor":24.0,"key":"Strawberry"},{"floor":24.0,"key":"Ancient Tea Set"},{"floor":26.0,"key":"Pear"},{"floor":27,"key":"Bird Faced Urn"},{"floor":27,"key":"Letter Opener"},{"floor":28,"key":"Snake Skull"},{"floor":29,"key":"Shovel"},{"floor":29,"key":"Bronze Scales"},{"floor":39,"key":"StoneCalendar"},{"floor":40,"key":"Shuriken"},{"floor":40,"key":"Bottled Tornado"},{"floor":43,"key":"Vajra"},{"floor":44,"key":"Blood Vial"},{"floor":44,"key":"Dream Catcher"},{"floor":53,"key":"Ninja Scroll"},{"floor":55,"key":"Art of War"},{"floor":55,"key":"Lantern"}],"event_choices":[{"damage_healed":0.0,"max_hp_gain":0.0,"max_hp_loss":0.0,"gold_gain":0.0,"event_name":"Accursed Blacksmith","player_choice":"Forge","floor":4.0,"gold_loss":0.0,"damage_taken":0.0,"cards_upgraded":["Neutralize"]},{"cards_removed":["Finisher"],"damage_healed":0.0,"max_hp_gain":0.0,"max_hp_loss":0.0,"gold_gain":0.0,"event_name":"WeMeetAgain","player_choice":"Gave Card","floor":13.0,"gold_loss":0.0,"damage_taken":0.0,"relics_obtained":["Anchor"]},{"damage_healed":0.0,"max_hp_gain":5.0,"max_hp_loss":0.0,"gold_gain":0.0,"event_name":"Forgotten Altar","player_choice":"Shed Blood","floor":19.0,"gold_loss":0.0,"damage_taken":23.0},{"damage_healed":0.0,"max_hp_gain":0.0,"max_hp_loss":0.0,"gold_gain":0.0,"event_name":"Drug Dealer","player_choice":"Inject Mutagens","floor":22.0,"gold_loss":0.0,"damage_taken":0.0,"relics_obtained":["MutagenicStrength"]},{"damage_healed":0,"gold_gain":0,"player_choice":"Fight","damage_taken":0,"max_hp_gain":0,"max_hp_loss":0,"event_name":"MindBloom","floor":39,"gold_loss":0},{"damage_healed":72,"gold_gain":0,"player_choice":"Heal","damage_taken":0,"max_hp_gain":0,"max_hp_loss":16,"event_name":"The Moai Head","floor":45,"gold_loss":0},{"damage_healed":0,"gold_gain":0,"player_choice":"Max HP","damage_taken":0,"max_hp_gain":0,"max_hp_loss":4,"event_name":"Winding Halls","floor":48,"gold_loss":0}],"is_beta":false,"boss_relics":[{"not_picked":["Lizard Tail","Cursed Key"],"picked":"Black Star"},{"not_picked":["WristBlade","Orrery"],"picked":"Snecko Eye"}],"items_purged_floors":[20,36],"is_endless":false,"potions_floor_spawned":[1,5,7,11,16,25,29,33,37,38,47],"killed_by":"The Heart","ascension_level":20}