{"gold_per_floor":[112,112,37,37,50,84,84,112,135,167,190,232,13,25,25,104,104,117,117,128,142,65,65,93,93,118,118,78,93,126,126,126,126],"floor_reached":33,"playtime":2832,"items_purged":["Shame"],"score":706,"play_id":"3d0fd466-2c5e-4bfc-8e27-9dfb01b239e8","local_time":"20190519172807","is_ascension_mode":true,"campfire_choices":[{"data":"Wraith Form v2","floor":7.0,"key":"SMITH"},{"floor":15.0,"key":"REST"},{"floor":23,"key":"REST"},{"floor":25,"key":"REST"},{"floor":27,"key":"REST"},{"floor":32,"key":"REST"}],"neow_cost":"CURSE","seed_source_timestamp":0,"circlet_count":0,"master_deck":["AscendersBane","Defend_G","Defend_G","Defend_G","Defend_G","Strike_G","Strike_G","Strike_G","Strike_G","Strike_G","Survivor","Neutralize","Cloak And Dagger","Dagger Throw","Wraith Form v2+1","Backstab","Dagger Spray","All Out Attack","After Image","Adrenaline","Bouncing Flask","Backflip","Adrenaline","Footwork","Catalyst","Crippling Poison+1"],"special_seed":0,"relics":["Ring of the Snake","StoneCalendar","Omamori","Strawberry","MawBank","Art of War","Cursed Key","Pantograph","Centennial Puzzle","Lantern"],"potions_floor_usage":[20,24,30,33,33],"damage_taken":[{"damage":2.0,"enemies":"2 Louse","floor":1.0,"turns":5.0},{"damage":2.0,"enemies":"Jaw Worm","floor":5.0,"turns":6.0},{"damage":26.0,"enemies":"3 Sentries","floor":6.0,"turns":7.0},{"damage":8.0,"enemies":"Gremlin Nob","floor":8.0,"turns":6.0},{"damage":1.0,"enemies":"Cultist","floor":10.0,"turns":4.0},{"damage":9.0,"enemies":"Gremlin Gang","floor":11.0,"turns":4.0},{"damage":16.0,"enemies":"3 Sentries","floor":12.0,"turns":7.0},{"damage":4.0,"enemies":"Red Slaver","floor":14.0,"turns":6.0},{"damage":0.0,"enemies":"Slime Boss","floor":16.0,"turns":7.0},{"damage":7,"enemies":"3 Byrds","floor":18,"turns":4},{"damage":12,"enemies":"Spheric Guardian","floor":20,"turns":4},{"damage":33,"enemies":"Centurion and Healer","floor":21,"turns":7},{"damage":24,"enemies":"Slavers","floor":24,"turns":5},{"damage":8,"enemies":"Cultist and Chosen","floor":29,"turns":7},{"damage":16,"enemies":"Gremlin Leader","floor":30,"turns":6},{"damage":101,"enemies":"Champ","floor":33,"turns":16}],"seed_played":"4535515568011006242","potions_obtained":[{"floor":5.0,"key":"SpeedPotion"},{"floor":6.0,"key":"Fire Potion"},{"floor":8.0,"key":"Block Potion"},{"floor":14.0,"key":"PowerPotion"},{"floor":16.0,"key":"Weak Potion"},{"floor":18,"key":"Explosive Potion"},{"floor":20,"key":"SpeedPotion"},{"floor":29,"key":"Explosive Potion"},{"floor":30,"key":"EssenceOfSteel"}],"is_trial":false,"path_per_floor":["M","?","$","?","M","E","R","E","T","M","M","E","$","M","R","B",null,"M","?","M","M","$","R","E","R","T","R","$","M","E","?","R","B"],"character_chosen":"THE_SILENT","items_purchased":["After Image","Regen Potion","Adrenaline","Footwork"],"campfire_rested":5,"item_purchase_floors":[13,13,22,28],"current_hp_per_floor":[57,57,57,57,55,29,29,28,28,27,18,2,2,13,34,34,63,56,56,44,11,11,32,8,29,29,50,50,42,26,26,47,0],"gold":126,"neow_bonus":"ONE_RARE_RELIC","is_prod":false,"is_daily":false,"chose_seed":false,"campfire_upgraded":1,"win_rate":0,"timestamp":1558283287,"path_taken":["M","?","$","?","M","E","R","E","T","?","?","E","?","M","R","BOSS","M","?","?","M","$","R","E","R","T","R","$","M","E","?","R","BOSS"],"build_version":"2019-01-23","purchased_purges":1,"victory":false,"max_hp_per_floor":[66,66,66,66,66,66,66,73,73,73,73,73,73,73,73,73,73,73,73,73,73,73,73,73,73,73,73,73,73,73,73,73,73],"card_choices":[{"not_picked":["Prepared","Concentrate"],"picked":"Cloak And Dagger","floor":1.0},{"not_picked":["Outmaneuver","Blur"],"picked":"Dagger Throw","floor":5.0},{"not_picked":["Calculated Gamble","Distraction"],"picked":"Wraith Form v2","floor":6.0},{"not_picked":["Expertise","Cloak And Dagger"],"picked":"Backstab","floor":8.0},{"not_picked":["Infinite Blades","Expertise"],"picked":"Dagger Spray","floor":10.0},{"not_picked":["Deflect","Prepared","Terror"],"picked":"SKIP","floor":11.0},{"not_picked":["Poisoned Stab","Accuracy"],"picked":"All Out Attack","floor":12.0},{"not_picked":["Underhanded Strike","Quick Slash","Slice"],"picked":"SKIP","floor":14.0},{"not_picked":["Corpse Explosion","Burst"],"picked":"Adrenaline","floor":16.0},{"not_picked":["Deflect","Outmaneuver"],"picked":"Bouncing Flask","floor":18},{"not_picked":["Dodge and Roll","Dagger Spray","Quick Slash"],"picked":"SKIP","floor":20},{"not_picked":["Heel Hook","Finisher","Sucker Punch"],"picked":"SKIP","floor":21},{"not_picked":["Concentrate","Finisher","Prepared"],"picked":"SKIP","floor":24},{"not_picked":["Acrobatics","Dagger Spray"],"picked":"Catalyst","floor":29},{"not_picked":["Distraction","Finisher+1"],"picked":"Crippling Poison+1","floor":30}],"player_experience":1389236,"relics_obtained":[{"floor":6.0,"key":"Omamori"},{"floor":8.0,"key":"Strawberry"},{"floor":9.0,"key":"MawBank"},{"floor":12.0,"key":"Art of War"},{"floor":24,"key":"Pantograph"},{"floor":26,"key":"Centennial Puzzle"},{"floor":30,"key":"Lantern"}],"event_choices":[{"damage_healed":0.0,"max_hp_gain":0.0,"max_hp_loss":0.0,"gold_gain":0.0,"event_name":"The Cleric","player_choice":"Leave","floor":2.0,"gold_loss":0.0,"damage_taken":0.0},{"cards_removed":["Defend_G"],"damage_healed":0.0,"max_hp_gain":0.0,"max_hp_loss":0.0,"gold_gain":0.0,"event_name":"Purifier","player_choice":"Purged","floor":4.0,"gold_loss":0.0,"damage_taken":0.0},{"damage_healed":0,"gold_gain":0,"player_choice":"1 cards matched","damage_taken":0,"max_hp_gain":0,"max_hp_loss":0,"event_name":"Match and Keep!","floor":19,"gold_loss":0,"cards_obtained":["Backflip"]},{"damage_healed":0,"gold_gain":0,"player_choice":"Got Potions","damage_taken":0,"max_hp_gain":0,"max_hp_loss":0,"event_name":"Lab","floor":31,"gold_loss":0}],"is_beta":false,"boss_relics":[{"not_picked":["Snecko Eye","Fusion Hammer"],"picked":"Cursed Key"}],"items_purged_floors":[3],"is_endless":false,"potions_floor_spawned":[5,6,8,14,16,18,20,29,30],"killed_by":"Champ","ascension_level":20}