{"gold_per_floor":[110,110,127,202,44,44,54,84,84,84,109,109,129,144,144,216,216,216,216,136,136,48,48,48,48,48,48,48,48,48,48,48,48],"floor_reached":33,"playtime":2809,"items_purged":["Strike_G"],"score":535,"play_id":"d450a93a-8687-4530-9eb7-e26ca8e659fb","local_time":"20190517224914","is_ascension_mode":true,"campfire_choices":[{"data":"Poisoned Stab","floor":6,"key":"SMITH"},{"floor":10,"key":"REST"},{"data":"Deadly Poison","floor":15,"key":"SMITH"},{"floor":23,"key":"REST"},{"data":"A Thousand Cuts","floor":30,"key":"SMITH"},{"floor":32,"key":"REST"}],"neow_cost":"CURSE","seed_source_timestamp":247922548674364,"circlet_count":0,"master_deck":["AscendersBane","Defend_G","Defend_G","Defend_G","Defend_G","Defend_G","Survivor","Neutralize","Poisoned Stab+1","Well Laid Plans","Flying Knee","Deadly Poison+1","Poisoned Stab","A Thousand Cuts+1","Crippling Poison","Leg Sweep","Footwork","Dash","Bite","Bite","Bite","Bite","Bite"],"relics":["Ring of the Snake","FossilizedHelix","Bird Faced Urn","Ginger","Strawberry","Ectoplasm","Lantern","Mercury Hourglass"],"potions_floor_usage":[8,16,21,21,33],"damage_taken":[{"damage":12,"enemies":"Jaw Worm","floor":1,"turns":9},{"damage":0,"enemies":"2 Louse","floor":3,"turns":3},{"damage":0,"enemies":"Small Slimes","floor":7,"turns":3},{"damage":14,"enemies":"3 Sentries","floor":8,"turns":11},{"damage":19,"enemies":"Gremlin Nob","floor":11,"turns":5},{"damage":0,"enemies":"Looter","floor":13,"turns":3},{"damage":1,"enemies":"2 Fungi Beasts","floor":14,"turns":4},{"damage":8,"enemies":"Hexaghost","floor":16,"turns":8},{"damage":6,"enemies":"Chosen","floor":18,"turns":5},{"damage":16,"enemies":"2 Thieves","floor":20,"turns":4},{"damage":15,"enemies":"Colosseum Slavers","floor":21,"turns":4},{"damage":19,"enemies":"Snake Plant","floor":24,"turns":5},{"damage":2,"enemies":"Centurion and Healer","floor":25,"turns":8},{"damage":8,"enemies":"Chosen and Byrds","floor":31,"turns":5},{"damage":89,"enemies":"Champ","floor":33,"turns":14}],"seed_played":"-8822146698278179769","potions_obtained":[{"floor":3,"key":"Energy Potion"},{"floor":7,"key":"Swift Potion"},{"floor":14,"key":"SkillPotion"},{"floor":20,"key":"AttackPotion"},{"floor":25,"key":"Ancient Potion"},{"floor":31,"key":"EssenceOfSteel"}],"is_trial":false,"path_per_floor":["M","?","M","?","$","R","M","E","T","R","E","?","M","M","R","B",null,"M","?","M","?","$","R","M","M","T","?","?","T","R","M","R","B"],"character_chosen":"THE_SILENT","items_purchased":["Well Laid Plans","Footwork"],"campfire_rested":3,"item_purchase_floors":[5,22],"current_hp_per_floor":[47,47,47,36,36,36,36,22,22,40,30,30,32,33,33,27,59,57,37,25,14,14,36,21,25,25,25,25,25,25,29,44,0],"gold":48,"neow_bonus":"ONE_RARE_RELIC","is_prod":false,"is_daily":false,"chose_seed":false,"campfire_upgraded":3,"win_rate":0,"timestamp":1558129754,"path_taken":["M","?","M","?","$","R","M","E","T","R","E","?","M","M","R","BOSS","M","?","M","?","$","R","M","M","T","?","?","?","R","M","R","BOSS"],"build_version":"2019-01-23","purchased_purges":1,"victory":false,"max_hp_per_floor":[66,63,63,63,63,63,63,63,63,63,70,70,70,70,70,70,70,70,75,75,75,75,75,75,75,75,52,52,52,52,52,52,52],"card_choices":[{"not_picked":["Dagger Throw","Caltrops"],"picked":"Poisoned Stab","floor":1},{"not_picked":["Bane","Accuracy","Tactician"],"picked":"SKIP","floor":3},{"not_picked":["Acrobatics","Masterful Stab"],"picked":"Flying Knee","floor":7},{"not_picked":["Underhanded Strike","Sucker Punch","Prepared"],"picked":"SKIP","floor":8},{"not_picked":["Dodge and Roll","Sucker Punch","Quick Slash"],"picked":"SKIP","floor":11},{"not_picked":["Phantasmal Killer","Skewer"],"picked":"Deadly Poison","floor":13},{"not_picked":["Masterful Stab","Blade Dance"],"picked":"Poisoned Stab","floor":14},{"not_picked":["Phantasmal Killer","Venomology"],"picked":"A Thousand Cuts","floor":16},{"not_picked":["Tactician","Cloak And Dagger+1"],"picked":"Crippling Poison","floor":18},{"not_picked":["Choke","Flying Knee"],"picked":"Leg Sweep","floor":20},{"not_picked":["Accuracy+1","Cloak And Dagger","Backflip"],"picked":"SKIP","floor":24},{"not_picked":["Flechettes","Deadly Poison"],"picked":"Dash","floor":25},{"not_picked":["Bane+1","Slice","Predator"],"picked":"SKIP","floor":31}],"player_experience":1359254,"relics_obtained":[{"floor":8,"key":"Bird Faced Urn"},{"floor":9,"key":"Ginger"},{"floor":11,"key":"Strawberry"},{"floor":26,"key":"Lantern"},{"floor":29,"key":"Mercury Hourglass"}],"event_choices":[{"cards_removed":["Parasite"],"damage_healed":0,"gold_gain":0,"player_choice":"Forget","damage_taken":0,"max_hp_gain":0,"max_hp_loss":0,"event_name":"Living Wall","floor":2,"gold_loss":0},{"damage_healed":0,"gold_gain":75,"player_choice":"Gather Gold","damage_taken":11,"max_hp_gain":0,"max_hp_loss":0,"event_name":"World of Goop","floor":4,"gold_loss":0},{"damage_healed":0,"gold_gain":0,"player_choice":"Ignored","damage_taken":0,"max_hp_gain":0,"max_hp_loss":0,"event_name":"Golden Idol","floor":12,"gold_loss":0},{"damage_healed":0,"gold_gain":0,"player_choice":"Shed Blood","damage_taken":25,"max_hp_gain":5,"max_hp_loss":0,"event_name":"Forgotten Altar","floor":19,"gold_loss":0},{"damage_healed":0,"gold_gain":0,"player_choice":"Fight","damage_taken":0,"max_hp_gain":0,"max_hp_loss":0,"event_name":"Colosseum","floor":21,"gold_loss":0},{"damage_healed":0,"gold_gain":0,"player_choice":"Fled From Nobs","damage_taken":0,"max_hp_gain":0,"max_hp_loss":0,"event_name":"Colosseum","floor":21,"gold_loss":0},{"damage_healed":0,"gold_gain":0,"player_choice":"Became a vampire","damage_taken":0,"max_hp_gain":0,"max_hp_loss":23,"event_name":"Vampires","floor":27,"gold_loss":0,"cards_obtained":["Bite","Bite","Bite","Bite","Bite"]},{"damage_healed":0,"gold_gain":0,"player_choice":"Ignored","damage_taken":0,"max_hp_gain":0,"max_hp_loss":0,"event_name":"The Mausoleum","floor":28,"gold_loss":0}],"is_beta":false,"boss_relics":[{"not_picked":["Runic Pyramid","Busted Crown"],"picked":"Ectoplasm"}],"items_purged_floors":[5],"is_endless":false,"potions_floor_spawned":[3,7,14,20,25,31],"killed_by":"Champ","ascension_level":20}