{"gold_per_floor":[118,43,43,56,67,101,127,127,151,180,196,196,224,224,224,224],"floor_reached":16,"playtime":1558,"items_purged":[],"score":236,"play_id":"4231d462-9041-4b7b-a6a3-85258000f909","local_time":"20190519200953","is_ascension_mode":true,"campfire_choices":[{"floor":8,"key":"REST"},{"floor":12,"key":"REST"},{"floor":15,"key":"REST"}],"neow_cost":"NONE","seed_source_timestamp":412413830836712,"circlet_count":0,"master_deck":["AscendersBane","Defend_G","Defend_G","Defend_G","Defend_G","Strike_G","Strike_G","Strike_G","Strike_G","Survivor","Neutralize","Dagger Throw","Terror","Adrenaline","Dash","Well Laid Plans","Predator"],"relics":["Ring of the Snake","Dream Catcher","Pear","Art of War","Potion Belt","Juzu Bracelet","Bag of Marbles"],"potions_floor_usage":[6,16,16,16],"damage_taken":[{"damage":7,"enemies":"Jaw Worm","floor":1,"turns":5},{"damage":8,"enemies":"Small Slimes","floor":4,"turns":4},{"damage":1,"enemies":"2 Louse","floor":5,"turns":2},{"damage":12,"enemies":"Lagavulin","floor":6,"turns":6},{"damage":23,"enemies":"Gremlin Nob","floor":10,"turns":4},{"damage":1,"enemies":"Red Slaver","floor":11,"turns":3},{"damage":17,"enemies":"Lagavulin","floor":13,"turns":5},{"damage":48,"enemies":"Hexaghost","floor":16,"turns":9}],"seed_played":"9135983253162183194","potions_obtained":[{"floor":4,"key":"Dexterity Potion"},{"floor":5,"key":"Fire Potion"},{"floor":10,"key":"Explosive Potion"},{"floor":11,"key":"Explosive Potion"},{"floor":13,"key":"Block Potion"}],"is_trial":false,"path_per_floor":["M","?","?","M","M","E","T","R","T","E","M","R","E","?","R","B"],"character_chosen":"THE_SILENT","items_purchased":[],"campfire_rested":3,"item_purchase_floors":[],"current_hp_per_floor":[58,58,23,15,14,12,12,36,36,13,12,36,19,19,43,0],"gold":224,"neow_bonus":"TEN_PERCENT_HP_BONUS","is_prod":false,"is_daily":false,"chose_seed":false,"campfire_upgraded":0,"win_rate":0,"timestamp":1558292993,"path_taken":["M","?","?","M","M","E","?","R","T","E","M","R","E","?","R","BOSS"],"build_version":"2019-01-23","purchased_purges":0,"victory":false,"max_hp_per_floor":[72,72,72,72,72,82,82,82,82,82,82,82,82,82,82,82],"card_choices":[{"not_picked":["Deflect","Endless Agony","Terror"],"picked":"SKIP","floor":1},{"not_picked":["Prepared","Sucker Punch"],"picked":"Dagger Throw","floor":4},{"not_picked":["Choke","Acrobatics"],"picked":"Terror","floor":5},{"not_picked":["PiercingWail","Bane"],"picked":"Adrenaline","floor":6},{"not_picked":["Poisoned Stab","Dagger Spray"],"picked":"Dash","floor":8},{"not_picked":["Blade Dance","Setup"],"picked":"Well Laid Plans","floor":10},{"not_picked":["Blur","Calculated Gamble","Escape Plan"],"picked":"SKIP","floor":11},{"not_picked":["Quick Slash","Acrobatics"],"picked":"Predator","floor":12},{"not_picked":["Deadly Poison","Quick Slash","Reflex"],"picked":"SKIP","floor":13}],"player_experience":1399773,"relics_obtained":[{"floor":6,"key":"Pear"},{"floor":7,"key":"Art of War"},{"floor":9,"key":"Potion Belt"},{"floor":10,"key":"Juzu Bracelet"},{"floor":13,"key":"Bag of Marbles"}],"event_choices":[{"cards_removed":["Defend_G"],"damage_healed":0,"gold_gain":0,"player_choice":"Card Removal","damage_taken":0,"max_hp_gain":0,"max_hp_loss":0,"event_name":"The Cleric","floor":2,"gold_loss":75},{"damage_healed":0,"gold_gain":0,"player_choice":"Success","damage_taken":35,"relics_obtained":["Dream Catcher"],"max_hp_gain":0,"max_hp_loss":0,"event_name":"Scrap Ooze","floor":3,"gold_loss":0},{"cards_removed":["Strike_G"],"damage_healed":0,"gold_gain":0,"player_choice":"Offered Basic","damage_taken":0,"max_hp_gain":0,"max_hp_loss":0,"event_name":"Bonfire Elementals","floor":14,"gold_loss":0}],"is_beta":false,"boss_relics":[],"items_purged_floors":[],"is_endless":false,"potions_floor_spawned":[4,5,10,11,13],"killed_by":"Hexaghost","ascension_level":20}