{"gold_per_floor":[115,115,115,115,139,179,192,192,219,233,266,140,140,159,159,255,255,278,278],"floor_reached":19,"playtime":1070,"items_purged":["Strike_G"],"score":354,"play_id":"81ac8a34-7e21-4f7e-9281-485846d9d5f3","local_time":"20190517220105","is_ascension_mode":true,"campfire_choices":[{"floor":8,"key":"REST"},{"floor":13,"key":"REST"},{"floor":15,"key":"REST"}],"neow_cost":"NONE","seed_source_timestamp":246772297589763,"circlet_count":0,"master_deck":["AscendersBane","Defend_G","Defend_G","Defend_G","Defend_G","Defend_G","Strike_G","Strike_G","Survivor","Neutralize","Caltrops","Dagger Throw","Backstab","Dash","Bouncing Flask","Well Laid Plans","Dagger Spray","Wraith Form v2"],"relics":["Ring of the Snake","Omamori","Golden Idol","Pen Nib","Art of War","Vajra","Smiling Mask","Empty Cage"],"potions_floor_usage":[6,11,16,19],"damage_taken":[{"damage":0,"enemies":"2 Louse","floor":1,"turns":4},{"damage":6,"enemies":"Jaw Worm","floor":5,"turns":6},{"damage":32,"enemies":"Gremlin Nob","floor":6,"turns":5},{"damage":6,"enemies":"Cultist","floor":7,"turns":4},{"damage":0,"enemies":"Red Slaver","floor":10,"turns":4},{"damage":32,"enemies":"Lagavulin","floor":11,"turns":7},{"damage":10,"enemies":"3 Louse","floor":14,"turns":4},{"damage":25,"enemies":"The Guardian","floor":16,"turns":9},{"damage":30,"enemies":"Spheric Guardian","floor":18,"turns":6},{"damage":24,"enemies":"Colosseum Slavers","floor":19,"turns":3}],"seed_played":"-6529840803734123341","potions_obtained":[{"floor":1,"key":"Block Potion"},{"floor":5,"key":"Energy Potion"},{"floor":14,"key":"Poison Potion"},{"floor":18,"key":"SpeedPotion"}],"is_trial":false,"path_per_floor":["M","?","?","?","M","E","M","R","T","M","E","$","R","M","R","B",null,"M","?"],"character_chosen":"THE_SILENT","items_purchased":["Well Laid Plans"],"campfire_rested":3,"item_purchase_floors":[12],"current_hp_per_floor":[59,59,59,66,60,28,22,41,41,41,9,9,28,18,37,12,53,23,0],"gold":278,"neow_bonus":"RANDOM_COMMON_RELIC","is_prod":false,"is_daily":false,"chose_seed":false,"campfire_upgraded":0,"win_rate":0,"timestamp":1558126865,"path_taken":["M","?","?","?","M","E","?","R","T","M","E","?","R","M","R","BOSS","M","?"],"build_version":"2019-01-23","purchased_purges":1,"victory":false,"max_hp_per_floor":[66,66,66,66,66,66,66,66,66,66,66,66,66,66,66,66,66,66,66],"card_choices":[{"not_picked":["Slice","Quick Slash"],"picked":"Caltrops","floor":1},{"not_picked":["Deflect","Outmaneuver"],"picked":"Dagger Throw","floor":5},{"not_picked":["Phantasmal Killer","Outmaneuver","Choke"],"picked":"SKIP","floor":6},{"not_picked":["PiercingWail","Quick Slash"],"picked":"Backstab","floor":7},{"not_picked":["Catalyst","Calculated Gamble"],"picked":"Dash","floor":10},{"not_picked":["Flechettes","Reflex"],"picked":"Bouncing Flask","floor":11},{"not_picked":["Blade Dance","Cloak And Dagger"],"picked":"Dagger Spray","floor":14},{"not_picked":["Malaise","Unload"],"picked":"Wraith Form v2","floor":16},{"not_picked":["Blade Dance","Backflip","Dodge and Roll"],"picked":"SKIP","floor":18}],"player_experience":1358184,"relics_obtained":[{"floor":6,"key":"Art of War"},{"floor":9,"key":"Vajra"},{"floor":11,"key":"Smiling Mask"}],"event_choices":[{"damage_healed":0,"gold_gain":0,"player_choice":"Take Wound","damage_taken":0,"relics_obtained":["Golden Idol"],"max_hp_gain":0,"max_hp_loss":0,"event_name":"Golden Idol","floor":2,"gold_loss":0,"cards_obtained":["Injury"]},{"damage_healed":0,"gold_gain":0,"player_choice":"Box","damage_taken":0,"relics_obtained":["Pen Nib"],"max_hp_gain":0,"max_hp_loss":0,"event_name":"Big Fish","floor":3,"gold_loss":0,"cards_obtained":["Regret"]},{"damage_healed":7,"gold_gain":0,"player_choice":"Full Heal","damage_taken":0,"max_hp_gain":0,"max_hp_loss":0,"event_name":"Wheel of Change","floor":4,"gold_loss":0},{"damage_healed":0,"gold_gain":0,"player_choice":"Fight","damage_taken":0,"max_hp_gain":0,"max_hp_loss":0,"event_name":"Colosseum","floor":19,"gold_loss":0}],"is_beta":false,"boss_relics":[{"not_picked":["Eternal Feather","Tiny House"],"picked":"Empty Cage"}],"items_purged_floors":[12],"is_endless":false,"potions_floor_spawned":[1,5,14,18],"killed_by":"Colosseum Slavers","ascension_level":20}