{"gold_per_floor":[217,34,34,53,53,96,96,134,134,3,3,41,66,106,118,226,238,274,311,347,359,371,383,429,441,453,465,515,527,64,77,77,172,172,190,190,208,6,6,6,22,57,57,0,0,0,39,52,52,52,52,52,52,24,62,62],"floor_reached":56,"playtime":5258,"items_purged":["Strike_G","Strike_G","Strike_G"],"score":1963,"play_id":"e50b4557-036a-4d7b-b759-89e364aa18c7","local_time":"20190518152431","is_ascension_mode":true,"campfire_choices":[{"data":"Apotheosis","floor":7,"key":"SMITH"},{"floor":11,"key":"REST"},{"data":"Noxious Fumes","floor":15,"key":"SMITH"},{"floor":23,"key":"REST"},{"floor":25,"key":"RECALL"},{"floor":29,"key":"REST"},{"floor":32,"key":"REST"},{"floor":40,"key":"REST"},{"floor":46,"key":"REST"},{"floor":49,"key":"REST"},{"floor":53,"key":"REST"}],"neow_cost":"NONE","seed_source_timestamp":305190412778740,"circlet_count":0,"master_deck":["AscendersBane","Defend_G","Defend_G","Defend_G","Defend_G","Defend_G","Survivor","Neutralize","PiercingWail","Apotheosis+1","Flying Knee","Noxious Fumes+1","Dagger Spray","Corpse Explosion","PiercingWail","Slice","Escape Plan","Deflect","Dagger Spray","Deadly Poison","Blade Dance","Noxious Fumes","Crippling Poison+1","Dodge and Roll","Blur","Bandage Up","Dark Shackles","Bouncing Flask+1","Slice+1","Slice"],"relics":["Ring of the Snake","Golden Idol","Unceasing Top","Snake Skull","Sundial","MawBank","HoveringKite","Juzu Bracelet","Bird Faced Urn","Kunai","Strawberry","Runic Pyramid","FaceOfCleric","Paper Crane","Gremlin Horn","Red Mask","Mercury Hourglass","Incense Burner"],"potions_floor_usage":[6,6,12,12,22,24,37,51,55],"damage_taken":[{"damage":0,"enemies":"Jaw Worm","floor":1,"turns":6},{"damage":0,"enemies":"2 Louse","floor":4,"turns":5},{"damage":22,"enemies":"3 Sentries","floor":6,"turns":8},{"damage":4,"enemies":"Lagavulin","floor":8,"turns":7},{"damage":19,"enemies":"3 Sentries","floor":12,"turns":5},{"damage":0,"enemies":"Cultist","floor":13,"turns":3},{"damage":1,"enemies":"Lagavulin","floor":14,"turns":7},{"damage":15,"enemies":"The Guardian","floor":16,"turns":12},{"damage":11,"enemies":"Shell Parasite","floor":18,"turns":5},{"damage":8,"enemies":"3 Byrds","floor":19,"turns":3},{"damage":5,"enemies":"Centurion and Healer","floor":20,"turns":5},{"damage":0,"enemies":"Snake Plant","floor":22,"turns":3},{"damage":2,"enemies":"Gremlin Leader","floor":24,"turns":6},{"damage":8,"enemies":"Book of Stabbing","floor":28,"turns":6},{"damage":15,"enemies":"Chosen and Byrds","floor":31,"turns":5},{"damage":43,"enemies":"Automaton","floor":33,"turns":8},{"damage":18,"enemies":"Orb Walker","floor":35,"turns":5},{"damage":23,"enemies":"3 Darklings","floor":37,"turns":4},{"damage":17,"enemies":"Jaw Worm Horde","floor":41,"turns":3},{"damage":26,"enemies":"Reptomancer","floor":42,"turns":7},{"damage":29,"enemies":"Nemesis","floor":47,"turns":9},{"damage":1,"enemies":"Sphere and 2 Shapes","floor":48,"turns":3},{"damage":14,"enemies":"Awakened One","floor":50,"turns":16},{"damage":39,"enemies":"Donu and Deca","floor":51,"turns":9},{"damage":34,"enemies":"Shield and Spear","floor":55,"turns":7},{"damage":89,"enemies":"The Heart","floor":56,"turns":5}],"seed_played":"91999521901740735","potions_obtained":[{"floor":1,"key":"PowerPotion"},{"floor":5,"key":"LiquidBronze"},{"floor":8,"key":"Explosive Potion"},{"floor":14,"key":"SmokeBomb"},{"floor":16,"key":"SpeedPotion"},{"floor":24,"key":"Regen Potion"},{"floor":28,"key":"Fire Potion"},{"floor":42,"key":"Weak Potion"}],"is_trial":false,"path_per_floor":["M","$","?","M","?","E","R","E","T","$","R","E","M","E","R","B",null,"M","M","M","?","M","R","E","R","T","?","E","R","$","M","R","B",null,"M","?","M","$","?","R","M","E","T","?","?","R","E","M","R","B","B",null,"R","$","E","B"],"character_chosen":"THE_SILENT","items_purchased":["Apotheosis","Poison Potion","Blade Dance","Strawberry","GhostInAJar","Noxious Fumes","Blur","Slice"],"campfire_rested":8,"item_purchase_floors":[2,10,30,30,30,30,38,54],"current_hp_per_floor":[59,59,59,59,59,37,37,33,33,33,51,32,32,31,31,16,49,38,30,25,25,25,43,41,41,41,36,30,48,55,44,64,25,57,43,43,39,39,34,54,44,29,29,29,29,50,30,36,57,54,24,62,74,74,50,0],"gold":62,"neow_bonus":"HUNDRED_GOLD","is_prod":false,"is_daily":false,"chose_seed":false,"campfire_upgraded":2,"win_rate":0,"timestamp":1558189471,"path_taken":["M","$","?","M","?","E","R","E","T","$","R","E","M","E","R","BOSS","M","?","M","?","M","R","E","R","T","?","E","R","$","M","R","BOSS","M","?","M","?","?","R","M","E","T","?","?","R","E","M","R","BOSS","BOSS","R","$","E","BOSS"],"build_version":"2019-01-23","purchased_purges":3,"victory":false,"max_hp_per_floor":[66,66,60,60,60,60,60,60,60,60,60,60,60,60,60,60,60,60,60,60,60,60,60,60,60,60,60,60,60,67,67,67,67,67,67,67,68,68,68,68,69,70,70,70,70,70,71,72,72,73,74,74,74,74,75,75],"card_choices":[{"not_picked":["Terror","Outmaneuver"],"picked":"PiercingWail","floor":1},{"not_picked":["Sucker Punch","Blade Dance"],"picked":"Flying Knee","floor":4},{"not_picked":["Choke","Unload"],"picked":"Noxious Fumes","floor":6},{"not_picked":["Footwork","Riddle With Holes"],"picked":"Dagger Spray","floor":8},{"not_picked":["Underhanded Strike","Night Terror","Prepared"],"picked":"SKIP","floor":12},{"not_picked":["Outmaneuver","Dagger Throw","Poisoned Stab"],"picked":"SKIP","floor":13},{"not_picked":["Blade Dance","Distraction","Calculated Gamble"],"picked":"SKIP","floor":14},{"not_picked":["Unload","Wraith Form v2"],"picked":"Corpse Explosion","floor":16},{"not_picked":["Accuracy","Eviscerate"],"picked":"PiercingWail","floor":18},{"not_picked":["Backflip","Outmaneuver"],"picked":"Slice","floor":19},{"not_picked":["Sucker Punch","PiercingWail"],"picked":"Escape Plan","floor":20},{"not_picked":["Backflip","Accuracy"],"picked":"Deadly Poison","floor":24},{"not_picked":["Storm of Steel","Poisoned Stab","Flying Knee"],"picked":"SKIP","floor":28},{"not_picked":["Dagger Throw+1","Caltrops"],"picked":"Crippling Poison+1","floor":31},{"not_picked":["Setup","Noxious Fumes+1"],"picked":"Dodge and Roll","floor":35},{"not_picked":["Riddle With Holes","Skewer","Expertise"],"picked":"SKIP","floor":37},{"not_picked":["PanicButton","Sadistic Nature"],"picked":"Bandage Up","floor":39},{"not_picked":["Swift Strike","Purity"],"picked":"Dark Shackles","floor":39},{"not_picked":["Terror","Outmaneuver","Masterful Stab"],"picked":"SKIP","floor":41},{"not_picked":["Dash+1","Acrobatics"],"picked":"Bouncing Flask+1","floor":42},{"not_picked":["Backflip","Crippling Poison","Dagger Spray"],"picked":"SKIP","floor":47},{"not_picked":["Quick Slash+1","Acrobatics"],"picked":"Slice+1","floor":48},{"not_picked":["Terror","Predator","Endless Agony"],"picked":"SKIP","floor":55}],"player_experience":1367899,"relics_obtained":[{"floor":6,"key":"Unceasing Top"},{"floor":8,"key":"Snake Skull"},{"floor":12,"key":"Sundial"},{"floor":14,"key":"MawBank"},{"floor":24,"key":"Juzu Bracelet"},{"floor":26,"key":"Bird Faced Urn"},{"floor":28,"key":"Kunai"},{"floor":42,"key":"Paper Crane"},{"floor":43,"key":"Gremlin Horn"},{"floor":47,"key":"Mercury Hourglass"},{"floor":55,"key":"Incense Burner"}],"event_choices":[{"damage_healed":0,"gold_gain":0,"player_choice":"Lose Max HP","damage_taken":0,"relics_obtained":["Golden Idol"],"max_hp_gain":0,"max_hp_loss":6,"event_name":"Golden Idol","floor":3,"gold_loss":0},{"damage_healed":0,"gold_gain":0,"player_choice":"Got Potions","damage_taken":0,"max_hp_gain":0,"max_hp_loss":0,"event_name":"Lab","floor":5,"gold_loss":0},{"damage_healed":0,"gold_gain":0,"cards_transformed":["Strike_G","Strike_G"],"player_choice":"Became Test Subject","damage_taken":0,"max_hp_gain":0,"max_hp_loss":0,"event_name":"Drug Dealer","floor":21,"gold_loss":0,"cards_obtained":["Deflect","Dagger Spray"]},{"damage_healed":0,"gold_gain":0,"player_choice":"Punched","damage_taken":5,"max_hp_gain":0,"max_hp_loss":0,"event_name":"Designer","floor":27,"gold_loss":0},{"damage_healed":0,"gold_gain":0,"player_choice":"Trade","damage_taken":0,"relics_obtained":["FaceOfCleric"],"max_hp_gain":0,"max_hp_loss":0,"event_name":"FaceTrader","floor":36,"gold_loss":0},{"damage_healed":0,"gold_gain":0,"player_choice":"Memory 2","damage_taken":5,"max_hp_gain":0,"max_hp_loss":0,"event_name":"SensoryStone","floor":39,"gold_loss":0},{"damage_healed":0,"gold_gain":0,"player_choice":"Paid","damage_taken":0,"relics_obtained":["Red Mask"],"max_hp_gain":0,"max_hp_loss":0,"event_name":"Tomb of Lord Red Mask","floor":44,"gold_loss":57},{"damage_healed":0,"gold_gain":0,"player_choice":"Ignored","damage_taken":0,"max_hp_gain":0,"max_hp_loss":0,"event_name":"SecretPortal","floor":45,"gold_loss":0}],"is_beta":false,"boss_relics":[{"not_picked":["Sozu","Busted Crown"],"picked":"HoveringKite"},{"not_picked":["Tiny House","White Beast Statue"],"picked":"Runic Pyramid"}],"items_purged_floors":[10,30,38],"is_endless":false,"potions_floor_spawned":[1,8,14,16,22,24,28,33,35,42],"killed_by":"The Heart","ascension_level":20}