{"gold_per_floor":[113,129,129,129,140,140,199,199,199,199,227,239,25,25,25,102,102,122,102,120,120],"floor_reached":21,"playtime":1093,"items_purged":["Strike_G"],"score":474,"play_id":"cb4e545d-e75c-437d-b7d9-883e35d775ef","local_time":"20190521085539","is_ascension_mode":true,"campfire_choices":[{"floor":6.0,"key":"REST"},{"data":"Deadly Poison","floor":8.0,"key":"SMITH"},{"data":"Poisoned Stab","floor":10.0,"key":"SMITH"},{"floor":15.0,"key":"REST"}],"neow_cost":"NONE","seed_source_timestamp":113314136634181,"circlet_count":0,"master_deck":["AscendersBane","Defend_G","Defend_G","Defend_G+1","Defend_G","Defend_G","Strike_G","Strike_G+1","Strike_G+1","Survivor","Neutralize+1","Deadly Poison+1","Footwork","Acrobatics","Cloak And Dagger","Poisoned Stab+1","Footwork","Dagger Spray+1","Noxious Fumes","A Thousand Cuts","PiercingWail","Leg Sweep"],"special_seed":0,"relics":["Ring of the Snake","Tiny Chest","Molten Egg 2","Whetstone","Black Star"],"potions_floor_usage":[],"damage_taken":[{"damage":7.0,"enemies":"Small Slimes","floor":1.0,"turns":5.0},{"damage":7.0,"enemies":"Cultist","floor":2.0,"turns":4.0},{"damage":1.0,"enemies":"Jaw Worm","floor":5.0,"turns":4.0},{"damage":15.0,"enemies":"Lagavulin","floor":7.0,"turns":7.0},{"damage":10.0,"enemies":"3 Sentries","floor":11.0,"turns":9.0},{"damage":0.0,"enemies":"Red Slaver","floor":12.0,"turns":3.0},{"damage":0.0,"enemies":"Hexaghost","floor":16.0,"turns":8.0},{"damage":30.0,"enemies":"Spheric Guardian","floor":18.0,"turns":8.0},{"damage":20.0,"enemies":"Chosen","floor":20.0,"turns":6.0},{"damage":14,"enemies":"Shelled Parasite and Fungi","floor":21,"turns":2}],"seed_played":"-4683809124639310992","potions_obtained":[{"floor":1.0,"key":"SkillPotion"},{"floor":7.0,"key":"Strength Potion"},{"floor":11.0,"key":"Poison Potion"},{"floor":18.0,"key":"FearPotion"},{"floor":19.0,"key":"FearPotion"}],"is_trial":false,"path_per_floor":["M","M","?","?","M","R","E","R","T","R","E","M","$","?","R","B",null,"M","?","M","M"],"character_chosen":"THE_SILENT","items_purchased":["Dagger Spray+1","Noxious Fumes"],"campfire_rested":2,"item_purchase_floors":[13,13],"current_hp_per_floor":[58,51,29,29,28,49,34,34,34,34,24,24,24,6,27,27,61,31,31,11,0],"gold":120,"neow_bonus":"TEN_PERCENT_HP_BONUS","is_prod":false,"is_daily":false,"chose_seed":false,"campfire_upgraded":2,"win_rate":0,"timestamp":1558425339,"path_taken":["M","M","?","?","M","R","E","R","T","R","E","?","$","?","R","BOSS","M","?","M","?"],"build_version":"2019-01-23","purchased_purges":1,"victory":false,"max_hp_per_floor":[72,72,72,72,72,72,72,72,72,72,72,72,72,72,72,72,72,72,72,72,72],"card_choices":[{"not_picked":["Caltrops","Prepared"],"picked":"Deadly Poison","floor":1.0},{"not_picked":["Caltrops","Deflect"],"picked":"Footwork","floor":2.0},{"not_picked":["Underhanded Strike","Calculated Gamble"],"picked":"Cloak And Dagger","floor":5.0},{"not_picked":["Glass Knife","Dagger Throw"],"picked":"Poisoned Stab","floor":7.0},{"not_picked":["Slice+1","Calculated Gamble","Prepared"],"picked":"SKIP","floor":11.0},{"not_picked":["Cloak And Dagger","Acrobatics"],"picked":"Footwork","floor":12.0},{"not_picked":["Wraith Form v2","Night Terror"],"picked":"A Thousand Cuts","floor":16.0},{"not_picked":["Quick Slash+1","Flying Knee+1"],"picked":"PiercingWail","floor":18.0},{"not_picked":["Deadly Poison+1","Masterful Stab+1"],"picked":"Leg Sweep","floor":20.0}],"player_experience":1413445,"relics_obtained":[{"floor":7.0,"key":"Tiny Chest"},{"floor":9.0,"key":"Molten Egg 2"},{"floor":11.0,"key":"Whetstone"}],"event_choices":[{"damage_healed":0.0,"max_hp_gain":0.0,"max_hp_loss":0.0,"gold_gain":0.0,"event_name":"Shining Light","player_choice":"Entered Light","floor":3.0,"gold_loss":0.0,"damage_taken":22.0,"cards_upgraded":["Strike_G","Defend_G"]},{"damage_healed":0.0,"max_hp_gain":0.0,"max_hp_loss":0.0,"gold_gain":0.0,"cards_transformed":["Strike_G"],"event_name":"Transmorgrifier","player_choice":"Transformed","floor":4.0,"gold_loss":0.0,"damage_taken":0.0,"cards_obtained":["Acrobatics"]},{"damage_healed":0.0,"max_hp_gain":0.0,"max_hp_loss":0.0,"gold_gain":0.0,"event_name":"Scrap Ooze","player_choice":"Fled","floor":14.0,"gold_loss":0.0,"damage_taken":18.0},{"damage_healed":0.0,"max_hp_gain":0.0,"max_hp_loss":0.0,"gold_gain":0.0,"event_name":"The Woman in Blue","player_choice":"Bought 1 Potion","floor":19.0,"gold_loss":0.0,"damage_taken":0.0}],"is_beta":false,"boss_relics":[{"not_picked":["WristBlade","Runic Dome"],"picked":"Black Star"}],"items_purged_floors":[13],"is_endless":false,"potions_floor_spawned":[1,7,11,18],"killed_by":"Shelled Parasite and Fungi","ascension_level":20}