{"gold_per_floor":[118,136,61,77,77,77,112,112,112,124,143,153,153,165,165,165],"floor_reached":16,"playtime":559,"items_purged":[],"score":208,"play_id":"8c8ddc7f-ef90-4a62-9e38-c358ba981c78","local_time":"20190518222304","is_ascension_mode":true,"campfire_choices":[{"data":"All Out Attack","floor":6,"key":"SMITH"},{"floor":8,"key":"REST"},{"floor":15,"key":"REST"}],"neow_cost":"NONE","seed_source_timestamp":335002712388061,"circlet_count":0,"master_deck":["AscendersBane","Defend_G","Defend_G","Defend_G","Defend_G","Defend_G","Strike_G","Strike_G","Strike_G","Strike_G","Survivor","Neutralize","Dagger Throw","All Out Attack+1","PiercingWail","Leg Sweep","Die Die Die","Dash"],"relics":["Ring of the Snake","NeowsBlessing","Frozen Egg 2","Boot"],"potions_floor_usage":[7,7,16,16],"damage_taken":[{"damage":0,"enemies":"Cultist","floor":1,"turns":1},{"damage":0,"enemies":"2 Louse","floor":2,"turns":1},{"damage":0,"enemies":"Jaw Worm","floor":4,"turns":1},{"damage":30,"enemies":"Gremlin Nob","floor":7,"turns":4},{"damage":10,"enemies":"Exordium Wildlife","floor":10,"turns":5},{"damage":0,"enemies":"2 Fungi Beasts","floor":11,"turns":2},{"damage":19,"enemies":"Exordium Thugs","floor":12,"turns":4},{"damage":3,"enemies":"Blue Slaver","floor":14,"turns":5},{"damage":35,"enemies":"Slime Boss","floor":16,"turns":10}],"seed_played":"7849471751459776556","potions_obtained":[{"floor":1,"key":"SkillPotion"},{"floor":2,"key":"SkillPotion"},{"floor":5,"key":"SteroidPotion"},{"floor":10,"key":"Ancient Potion"},{"floor":11,"key":"Explosive Potion"},{"floor":12,"key":"GhostInAJar"}],"is_trial":false,"path_per_floor":["M","M","$","M","?","R","E","R","T","M","M","M","?","M","R","B"],"character_chosen":"THE_SILENT","items_purchased":["All Out Attack"],"campfire_rested":2,"item_purchase_floors":[3],"current_hp_per_floor":[59,59,59,59,59,59,29,48,48,38,38,19,19,16,35,0],"gold":165,"neow_bonus":"THREE_ENEMY_KILL","is_prod":false,"is_daily":false,"chose_seed":false,"campfire_upgraded":1,"win_rate":0,"timestamp":1558214584,"path_taken":["M","M","$","?","?","R","E","R","T","M","M","?","?","?","R","BOSS"],"build_version":"2019-01-23","purchased_purges":0,"victory":false,"max_hp_per_floor":[66,66,66,66,66,66,66,66,66,66,66,66,66,66,66,66],"card_choices":[{"not_picked":["Setup","Eviscerate","Backflip"],"picked":"SKIP","floor":1},{"not_picked":["Prepared","Choke"],"picked":"Dagger Throw","floor":2},{"not_picked":["Calculated Gamble","Distraction","Deflect"],"picked":"SKIP","floor":4},{"not_picked":["Choke","Riddle With Holes","Tactician"],"picked":"SKIP","floor":7},{"not_picked":["Backflip","Expertise"],"picked":"PiercingWail","floor":10},{"not_picked":["Underhanded Strike","Cloak And Dagger","Acrobatics"],"picked":"SKIP","floor":11},{"not_picked":["Concentrate","Phantasmal Killer"],"picked":"Leg Sweep","floor":12},{"not_picked":["Blade Dance","Underhanded Strike"],"picked":"Dash","floor":14}],"player_experience":1373892,"relics_obtained":[{"floor":7,"key":"Frozen Egg 2"},{"floor":9,"key":"Boot"}],"event_choices":[{"damage_healed":0,"gold_gain":0,"player_choice":"Got Potions","damage_taken":0,"max_hp_gain":0,"max_hp_loss":0,"event_name":"Lab","floor":5,"gold_loss":0},{"damage_healed":0,"gold_gain":0,"cards_transformed":["Strike_G"],"player_choice":"Transformed","damage_taken":0,"max_hp_gain":0,"max_hp_loss":0,"event_name":"Transmorgrifier","floor":13,"gold_loss":0,"cards_obtained":["Die Die Die"]}],"is_beta":false,"boss_relics":[],"items_purged_floors":[],"is_endless":false,"potions_floor_spawned":[1,2,10,11,12],"killed_by":"Slime Boss","ascension_level":20}