{"gold_per_floor":[359,369,331,347,72,106,106,106,177,194,40,56,86,0,0,75,75,75,19,19,19,19,19,19,19,19,19,19,19,19,19,19,19,19,19,19,19,19,19,19,19,19,19,19,19,19,19,19,19,19],"floor_reached":50,"playtime":4096,"items_purged":["Strike_G","Strike_G"],"score":1125,"play_id":"163b822e-fbdf-4342-a6ae-03d5640d9abf","local_time":"20190517005207","is_ascension_mode":true,"campfire_choices":[{"floor":7,"key":"REST"},{"data":"Crippling Poison","floor":15,"key":"SMITH"},{"floor":23,"key":"REST"},{"floor":25,"key":"REST"},{"data":"Wraith Form v2","floor":29,"key":"SMITH"},{"data":"Malaise","floor":32,"key":"SMITH"},{"floor":40,"key":"REST"},{"data":"After Image","floor":42,"key":"SMITH"},{"floor":49,"key":"RECALL"}],"neow_cost":"PERCENT_DAMAGE","seed_source_timestamp":167606353039786,"circlet_count":0,"master_deck":["AscendersBane","Defend_G","Defend_G","Defend_G","Defend_G","Defend_G","Strike_G","Strike_G","Survivor","Neutralize","Dash","Deadly Poison","Poisoned Stab","Caltrops","Dagger Spray","Wraith Form v2+1","PiercingWail","Deadly Poison","Crippling Poison+1","Malaise+1","PiercingWail","Poisoned Stab+1","Adrenaline","After Image+1","Well Laid Plans"],"relics":["Ring of the Serpent","Happy Flower","Bag of Marbles","Shuriken","Pear","Ectoplasm","Ninja Scroll","Singing Bowl","Dead Branch","GremlinMask","Potion Belt","Shovel","Art of War"],"potions_floor_usage":[6,6,13,16,18,22,27,41,50,50,50],"damage_taken":[{"damage":8,"enemies":"Small Slimes","floor":1,"turns":7},{"damage":0,"enemies":"2 Louse","floor":2,"turns":3},{"damage":2,"enemies":"Jaw Worm","floor":4,"turns":4},{"damage":39,"enemies":"Gremlin Nob","floor":6,"turns":5},{"damage":0,"enemies":"Lots of Slimes","floor":10,"turns":3},{"damage":2,"enemies":"3 Louse","floor":12,"turns":3},{"damage":4,"enemies":"Lagavulin","floor":13,"turns":7},{"damage":21,"enemies":"Hexaghost","floor":16,"turns":10},{"damage":1,"enemies":"Chosen","floor":18,"turns":5},{"damage":2,"enemies":"3 Byrds","floor":21,"turns":2},{"damage":13,"enemies":"Cultist and Chosen","floor":22,"turns":7},{"damage":25,"enemies":"Book of Stabbing","floor":24,"turns":6},{"damage":8,"enemies":"Gremlin Leader","floor":27,"turns":5},{"damage":3,"enemies":"Snecko","floor":30,"turns":4},{"damage":44,"enemies":"Automaton","floor":33,"turns":9},{"damage":0,"enemies":"3 Shapes","floor":35,"turns":4},{"damage":6,"enemies":"3 Darklings","floor":37,"turns":3},{"damage":11,"enemies":"Transient","floor":39,"turns":6},{"damage":1,"enemies":"Giant Head","floor":41,"turns":8},{"damage":4,"enemies":"4 Shapes","floor":44,"turns":6},{"damage":18,"enemies":"2 Orb Walkers","floor":45,"turns":5},{"damage":0,"enemies":"Sphere and 2 Shapes","floor":46,"turns":4},{"damage":0,"enemies":"Maw","floor":47,"turns":7},{"damage":35,"enemies":"Nemesis","floor":48,"turns":8},{"damage":53,"enemies":"Donu and Deca","floor":50,"turns":9}],"seed_played":"-5856709181476073783","potions_obtained":[{"floor":1,"key":"GamblersBrew"},{"floor":4,"key":"Regen Potion"},{"floor":10,"key":"SkillPotion"},{"floor":12,"key":"Fire Potion"},{"floor":21,"key":"Strength Potion"},{"floor":33,"key":"PowerPotion"},{"floor":39,"key":"Energy Potion"},{"floor":41,"key":"Regen Potion"},{"floor":45,"key":"PowerPotion"},{"floor":46,"key":"Swift Potion"},{"floor":47,"key":"SteroidPotion"}],"is_trial":false,"path_per_floor":["M","M","?","M","$","E","R","?","T","M","$","M","E","$","R","B",null,"M","$","?","M","M","R","E","R","T","E","?","R","M","?","R","B",null,"M","?","M","?","M","R","E","R","T","M","?","M","M","E","R","B"],"character_chosen":"THE_SILENT","items_purchased":["Happy Flower","Caltrops","PiercingWail","Regen Potion","Explosive Potion"],"campfire_rested":4,"item_purchase_floors":[5,5,11,14,19],"current_hp_per_floor":[36,36,36,34,34,9,28,28,28,28,28,26,32,32,32,26,64,63,63,63,61,48,70,45,67,67,61,61,61,60,60,60,16,64,66,66,62,62,53,78,77,77,77,75,59,61,61,28,28,0],"gold":19,"neow_bonus":"TWO_FIFTY_GOLD","is_prod":false,"is_daily":false,"chose_seed":false,"campfire_upgraded":4,"win_rate":0,"timestamp":1558050727,"path_taken":["M","M","?","M","$","E","R","?","T","M","$","M","E","$","R","BOSS","M","$","?","M","M","R","E","R","T","E","?","R","?","?","R","BOSS","M","?","M","?","M","R","E","R","T","?","?","M","M","E","R","BOSS"],"build_version":"2019-01-23","purchased_purges":2,"victory":false,"max_hp_per_floor":[66,66,66,66,66,66,66,66,66,66,66,66,76,76,76,76,76,76,76,76,76,76,76,76,76,76,78,78,78,80,80,80,80,80,82,82,84,84,86,86,86,86,86,88,90,92,92,94,94,94],"card_choices":[{"not_picked":["Reflex","Prepared"],"picked":"Dash","floor":1},{"not_picked":["Masterful Stab","PiercingWail"],"picked":"Deadly Poison","floor":2},{"not_picked":["Heel Hook","Deflect"],"picked":"Poisoned Stab","floor":4},{"not_picked":["Masterful Stab","Bane"],"picked":"Dagger Spray","floor":6},{"not_picked":["Escape Plan","Backflip"],"picked":"Wraith Form v2","floor":10},{"not_picked":["Underhanded Strike","Acrobatics"],"picked":"Deadly Poison","floor":12},{"not_picked":["Slice","Deadly Poison"],"picked":"Crippling Poison","floor":13},{"not_picked":["Die Die Die","Adrenaline"],"picked":"Malaise","floor":16},{"not_picked":["Cloak And Dagger","Caltrops"],"picked":"PiercingWail","floor":18},{"not_picked":["Quick Slash","Skewer","Backflip"],"picked":"SKIP","floor":21},{"not_picked":["Malaise","Terror+1"],"picked":"Poisoned Stab+1","floor":22},{"not_picked":["Quick Slash+1","Blade Dance"],"picked":"Dagger Spray+1","floor":24},{"not_picked":["Endless Agony","Caltrops","Tools of the Trade"],"picked":"Singing Bowl","floor":27},{"not_picked":["Underhanded Strike","Finisher","Deflect"],"picked":"Singing Bowl","floor":30},{"not_picked":["Doppelganger","Tools of the Trade"],"picked":"Adrenaline","floor":33},{"not_picked":["PiercingWail","Choke","Riddle With Holes"],"picked":"Singing Bowl","floor":35},{"not_picked":["Choke","Bane","Outmaneuver"],"picked":"Singing Bowl","floor":37},{"not_picked":["Dodge and Roll","Caltrops","Underhanded Strike"],"picked":"Singing Bowl","floor":39},{"not_picked":["Underhanded Strike+1","Deadly Poison"],"picked":"After Image","floor":41},{"not_picked":["Terror","Dagger Spray","Masterful Stab"],"picked":"Singing Bowl","floor":44},{"not_picked":["Slice+1","Heel Hook","Deflect"],"picked":"Singing Bowl","floor":45},{"not_picked":["Underhanded Strike","Deflect","Deadly Poison+1"],"picked":"Singing Bowl","floor":46},{"not_picked":["Expertise","Underhanded Strike+1"],"picked":"Well Laid Plans","floor":47},{"not_picked":["Bullet Time","Backflip","Dodge and Roll"],"picked":"Singing Bowl","floor":48}],"player_experience":1354088,"relics_obtained":[{"floor":6,"key":"Bag of Marbles"},{"floor":9,"key":"Shuriken"},{"floor":13,"key":"Pear"},{"floor":24,"key":"Ninja Scroll"},{"floor":26,"key":"Singing Bowl"},{"floor":27,"key":"Dead Branch"},{"floor":41,"key":"Potion Belt"},{"floor":45,"key":"Shovel"},{"floor":48,"key":"Art of War"}],"event_choices":[{"damage_healed":0,"gold_gain":0,"player_choice":"Left Gold","damage_taken":0,"max_hp_gain":0,"max_hp_loss":0,"event_name":"World of Goop","floor":3,"gold_loss":38},{"damage_healed":0,"gold_gain":0,"player_choice":"Ignored","damage_taken":0,"max_hp_gain":0,"max_hp_loss":0,"event_name":"Liars Game","floor":8,"gold_loss":0},{"damage_healed":0,"gold_gain":0,"player_choice":"Ignored","damage_taken":0,"max_hp_gain":0,"max_hp_loss":0,"event_name":"Ghosts","floor":20,"gold_loss":0},{"damage_healed":0,"gold_gain":0,"player_choice":"Trade","damage_taken":0,"relics_obtained":["GremlinMask"],"max_hp_gain":0,"max_hp_loss":0,"event_name":"FaceTrader","floor":28,"gold_loss":0},{"cards_removed":["Strike_G"],"damage_healed":0,"gold_gain":0,"player_choice":"Purged","damage_taken":0,"max_hp_gain":0,"max_hp_loss":0,"event_name":"Purifier","floor":31,"gold_loss":0},{"cards_removed":["Dagger Spray"],"damage_healed":0,"gold_gain":0,"player_choice":"Removed Attack","damage_taken":0,"max_hp_gain":0,"max_hp_loss":0,"event_name":"Falling","floor":36,"gold_loss":0},{"damage_healed":0,"gold_gain":0,"player_choice":"Ignored","damage_taken":0,"max_hp_gain":0,"max_hp_loss":0,"event_name":"SecretPortal","floor":38,"gold_loss":0},{"damage_healed":0,"gold_gain":0,"player_choice":"Fight","damage_taken":0,"max_hp_gain":0,"max_hp_loss":0,"event_name":"Mysterious Sphere","floor":45,"gold_loss":0}],"is_beta":false,"boss_relics":[{"not_picked":["Empty Cage","Runic Pyramid"],"picked":"Ectoplasm"},{"not_picked":["Snecko Eye","Calling Bell"],"picked":"Ring of the Serpent"}],"items_purged_floors":[5,11],"is_endless":false,"potions_floor_spawned":[1,4,10,12,21,33,39,41,45,46,47],"killed_by":"Donu and Deca","ascension_level":20}