{"gold_per_floor":[113,24,39,114,131,159,159,173,200,200,213,213,231,258,258,329,329,349,368,240,155,155,155,165,200,200,230,230,261,261,261,261,339,339,355,455,468,101,155,155,190,202,226,226,238,267,267,299,299,299,299,299,299,139,166,166],"floor_reached":57,"playtime":9104,"items_purged":["Strike_G","Dagger Spray"],"score":2887,"play_id":"130c6657-bdfd-4040-bc79-71d307c57c17","local_time":"20190521231930","is_ascension_mode":true,"campfire_choices":[{"floor":12.0,"key":"REST"},{"data":"Wraith Form v2","floor":15.0,"key":"SMITH"},{"floor":23.0,"key":"REST"},{"floor":28.0,"key":"REST"},{"data":"Corpse Explosion","floor":30.0,"key":"SMITH"},{"floor":32.0,"key":"REST"},{"floor":40,"key":"REST"},{"floor":44,"key":"RECALL"},{"data":"Noxious Fumes","floor":47,"key":"SMITH"},{"floor":49,"key":"REST"},{"data":"Well Laid Plans","floor":53,"key":"SMITH"}],"neow_cost":"NONE","seed_source_timestamp":157153157867610,"circlet_count":0,"master_deck":["AscendersBane","Defend_G","Defend_G","Defend_G+1","Defend_G","Defend_G","Survivor","Neutralize","Well Laid Plans+1","Bouncing Flask+1","Dodge and Roll","Dagger Spray","Wraith Form v2+1","Deadly Poison","Corpse Explosion+1","Malaise+1","Blur+1","Deadly Poison+1","Backflip","PiercingWail","Deflect","Night Terror","Leg Sweep","Footwork","Backflip+1","Noxious Fumes+1","PiercingWail+1"],"special_seed":0,"relics":["Ring of the Snake","War Paint","Art of War","Orichalcum","Lantern","Astrolabe","Centennial Puzzle","Molten Egg 2","Turnip","Bag of Marbles","Enchiridion","Snecko Eye","Ginger","Medical Kit","The Specimen","Tough Bandages","Kunai","Dodecahedron","Strawberry","Letter Opener"],"potions_floor_usage":[33,50,51,55,56,56],"damage_taken":[{"damage":0.0,"enemies":"Jaw Worm","floor":1.0,"turns":6.0},{"damage":0.0,"enemies":"2 Louse","floor":3.0,"turns":2.0},{"damage":1.0,"enemies":"Small Slimes","floor":5.0,"turns":4.0},{"damage":30.0,"enemies":"Gremlin Nob","floor":6.0,"turns":4.0},{"damage":20.0,"enemies":"Gremlin Gang","floor":8.0,"turns":3.0},{"damage":0.0,"enemies":"2 Fungi Beasts","floor":11.0,"turns":4.0},{"damage":0.0,"enemies":"Looter","floor":13.0,"turns":4.0},{"damage":6.0,"enemies":"Lagavulin","floor":14.0,"turns":7.0},{"damage":3.0,"enemies":"Hexaghost","floor":16.0,"turns":10.0},{"damage":0.0,"enemies":"Spheric Guardian","floor":18.0,"turns":4.0},{"damage":14.0,"enemies":"2 Thieves","floor":19.0,"turns":3.0},{"damage":4.0,"enemies":"Snecko","floor":24.0,"turns":6.0},{"damage":0.0,"enemies":"Book of Stabbing","floor":25.0,"turns":8.0},{"damage":21.0,"enemies":"Slavers","floor":27.0,"turns":2.0},{"damage":18.0,"enemies":"Book of Stabbing","floor":29.0,"turns":6.0},{"damage":18,"enemies":"Automaton","floor":33,"turns":8},{"damage":0,"enemies":"3 Darklings","floor":35,"turns":3},{"damage":6,"enemies":"Mind Bloom Boss Battle","floor":36,"turns":7},{"damage":0,"enemies":"3 Shapes","floor":37,"turns":3},{"damage":0,"enemies":"2 Orb Walkers","floor":39,"turns":4},{"damage":20,"enemies":"Giant Head","floor":41,"turns":8},{"damage":0,"enemies":"Maw","floor":42,"turns":8},{"damage":0,"enemies":"Spire Growth","floor":45,"turns":7},{"damage":7,"enemies":"Nemesis","floor":46,"turns":11},{"damage":0,"enemies":"Reptomancer","floor":48,"turns":7},{"damage":5,"enemies":"Time Eater","floor":50,"turns":15},{"damage":31,"enemies":"Awakened One","floor":51,"turns":18},{"damage":16,"enemies":"Shield and Spear","floor":55,"turns":8},{"damage":50,"enemies":"The Heart","floor":56,"turns":12}],"seed_played":"205611303146719828","potions_obtained":[{"floor":3.0,"key":"Explosive Potion"},{"floor":5.0,"key":"FairyPotion"},{"floor":11.0,"key":"Strength Potion"},{"floor":13.0,"key":"FearPotion"},{"floor":16.0,"key":"Ancient Potion"},{"floor":25.0,"key":"Strength Potion"},{"floor":27.0,"key":"SteroidPotion"},{"floor":36,"key":"EntropicBrew"},{"floor":37,"key":"Ancient Potion"},{"floor":55,"key":"SkillPotion"}],"is_trial":false,"path_per_floor":["M","$","M","?","M","E","?","M","T","?","M","R","M","E","R","B",null,"M","M","$","?","?","R","M","E","T","E","R","E","R","?","R","B",null,"M","?","M","$","?","R","E","M","T","R","M","E","R","E","R","B","B",null,"R","$","E","B",null],"character_chosen":"THE_SILENT","items_purchased":["Well Laid Plans","Fire Potion","Footwork","Medical Kit","Strawberry"],"campfire_rested":6,"item_purchase_floors":[2,20,38,38,54],"current_hp_per_floor":[65,65,65,54,53,23,12,1,1,1,1,22,22,16,16,13,57,57,43,43,43,43,64,60,60,60,39,60,42,42,21,42,24,60,60,54,54,54,54,72,52,52,52,52,52,45,45,45,66,61,30,62,62,69,53,3],"gold":166,"neow_bonus":"TEN_PERCENT_HP_BONUS","is_prod":false,"is_daily":false,"chose_seed":false,"campfire_upgraded":4,"win_rate":0,"timestamp":1558477170,"path_taken":["M","$","M","?","M","E","?","M","T","?","M","R","?","E","R","BOSS","M","M","$","?","?","R","M","E","T","E","R","E","R","?","R","BOSS","M","?","M","$","?","R","E","M","T","R","M","E","R","E","R","BOSS","BOSS","R","$","E","BOSS"],"build_version":"2019-01-23","purchased_purges":2,"victory":true,"max_hp_per_floor":[72,72,72,72,72,72,72,72,72,72,72,72,72,72,72,72,72,72,72,72,72,72,72,72,72,72,72,72,72,72,72,72,72,72,72,72,72,72,72,72,72,72,72,72,72,72,72,72,72,72,72,72,72,79,79,79],"card_choices":[{"not_picked":["Sucker Punch","Finisher","Underhanded Strike"],"picked":"SKIP","floor":1.0},{"not_picked":["Dagger Throw","Acrobatics"],"picked":"Bouncing Flask","floor":3.0},{"not_picked":["Dodge and Roll","Infinite Blades"],"picked":"Dagger Spray","floor":5.0},{"not_picked":["Backflip","Bouncing Flask"],"picked":"Dodge and Roll","floor":6.0},{"not_picked":["Deflect","Underhanded Strike","Quick Slash"],"picked":"SKIP","floor":8.0},{"not_picked":["Accuracy","Eviscerate"],"picked":"Dagger Spray","floor":11.0},{"not_picked":["Cloak And Dagger","Footwork"],"picked":"Wraith Form v2","floor":13.0},{"not_picked":["PiercingWail","Acrobatics"],"picked":"Deadly Poison","floor":14.0},{"not_picked":["Glass Knife","Adrenaline"],"picked":"Corpse Explosion","floor":16.0},{"not_picked":["Flying Knee","Flechettes"],"picked":"Backflip","floor":18.0},{"not_picked":["Infinite Blades+1","Acrobatics+1","Underhanded Strike"],"picked":"SKIP","floor":19.0},{"not_picked":["Setup","Eviscerate"],"picked":"PiercingWail","floor":24.0},{"not_picked":["Flying Knee","Calculated Gamble","Backflip"],"picked":"SKIP","floor":25.0},{"not_picked":["Outmaneuver","Deflect","Setup"],"picked":"SKIP","floor":27.0},{"not_picked":["Bane+1","Terror"],"picked":"Deflect","floor":29.0},{"not_picked":["Storm of Steel","Malaise"],"picked":"Night Terror","floor":33},{"not_picked":["Poisoned Stab+1","Acrobatics","Deflect"],"picked":"SKIP","floor":35},{"not_picked":["Dodge and Roll","Dagger Spray+1"],"picked":"Leg Sweep","floor":36},{"not_picked":["Choke+1","Doppelganger","Deadly Poison"],"picked":"SKIP","floor":37},{"not_picked":["Underhanded Strike+1","Die Die Die+1"],"picked":"Backflip+1","floor":41},{"not_picked":["Dodge and Roll","Bane+1","Masterful Stab+1"],"picked":"SKIP","floor":42},{"not_picked":["Outmaneuver+1","Dodge and Roll","Terror"],"picked":"SKIP","floor":45},{"not_picked":["Deflect","Eviscerate+1"],"picked":"Noxious Fumes","floor":46},{"not_picked":["Reflex","Venomology","Blade Dance"],"picked":"SKIP","floor":48},{"not_picked":["Calculated Gamble","Quick Slash+1"],"picked":"PiercingWail+1","floor":55}],"player_experience":1415314,"relics_obtained":[{"floor":6.0,"key":"War Paint"},{"floor":9.0,"key":"Orichalcum"},{"floor":14.0,"key":"Lantern"},{"floor":25.0,"key":"Molten Egg 2"},{"floor":26.0,"key":"Turnip"},{"floor":29.0,"key":"Bag of Marbles"},{"floor":31.0,"key":"Enchiridion"},{"floor":36,"key":"Ginger"},{"floor":39,"key":"The Specimen"},{"floor":41,"key":"Tough Bandages"},{"floor":46,"key":"Kunai"},{"floor":48,"key":"Dodecahedron"},{"floor":55,"key":"Letter Opener"}],"event_choices":[{"damage_healed":0.0,"max_hp_gain":0.0,"max_hp_loss":0.0,"gold_gain":75.0,"event_name":"World of Goop","player_choice":"Gather Gold","floor":4.0,"gold_loss":0.0,"damage_taken":11.0},{"damage_healed":0.0,"max_hp_gain":0.0,"max_hp_loss":0.0,"gold_gain":0.0,"event_name":"Scrap Ooze","player_choice":"Success","floor":7.0,"gold_loss":0.0,"damage_taken":11.0,"relics_obtained":["Art of War"]},{"cards_removed":["Strike_G"],"damage_healed":0.0,"max_hp_gain":0.0,"max_hp_loss":0.0,"gold_gain":0.0,"event_name":"Bonfire Elementals","player_choice":"Offered Basic","floor":10.0,"gold_loss":0.0,"damage_taken":0.0},{"damage_healed":0.0,"max_hp_gain":0.0,"max_hp_loss":0.0,"gold_gain":0.0,"event_name":"Addict","player_choice":"Obtained Relic","floor":21.0,"gold_loss":85.0,"damage_taken":0.0,"relics_obtained":["Centennial Puzzle"]},{"damage_healed":0.0,"max_hp_gain":0.0,"max_hp_loss":0.0,"gold_gain":0.0,"event_name":"The Mausoleum","player_choice":"Ignored","floor":22.0,"gold_loss":0.0,"damage_taken":0.0},{"damage_healed":0.0,"max_hp_gain":0.0,"max_hp_loss":0.0,"gold_gain":0.0,"event_name":"Cursed Tome","player_choice":"Obtained Book","floor":31.0,"gold_loss":0.0,"damage_taken":21.0},{"damage_healed":0,"gold_gain":0,"player_choice":"Fight","damage_taken":0,"max_hp_gain":0,"max_hp_loss":0,"event_name":"MindBloom","floor":36,"gold_loss":0},{"damage_healed":0,"gold_gain":0,"player_choice":"Fight","damage_taken":0,"max_hp_gain":0,"max_hp_loss":0,"event_name":"Mysterious Sphere","floor":39,"gold_loss":0}],"is_beta":false,"boss_relics":[{"not_picked":["Eternal Feather","Runic Pyramid"],"picked":"Astrolabe"},{"not_picked":["Lizard Tail","Pandora\u0027s Box"],"picked":"Snecko Eye"}],"items_purged_floors":[20,38],"is_endless":false,"potions_floor_spawned":[3,5,11,13,16,24,25,27,36,37,42,45,55],"ascension_level":20}