{"gold_per_floor":[109,129,129,145,165,165,180,180,260,280,280,293,43,78,78,154,154,172,172,61,61,78,107,2,2,2,2,2,2,2,2,2,79,79,89,89,105,125,125,125,154,154,181,181,181,210,210,236,248,260,272,284,296,26,54,54],"floor_reached":57,"playtime":5077,"items_purged":[],"score":2958,"play_id":"77deb283-65b6-4dd6-aaa0-b6c0f5d5ed70","local_time":"20190826162621","is_ascension_mode":true,"campfire_choices":[{"data":"Dagger Spray","floor":6.0,"key":"SMITH"},{"data":"Neutralize","floor":8.0,"key":"SMITH"},{"data":"Skewer","floor":11.0,"key":"SMITH"},{"floor":15.0,"key":"REST"},{"data":"Noxious Fumes","floor":25.0,"key":"SMITH"},{"floor":27.0,"key":"DIG"},{"floor":28.0,"key":"DIG"},{"floor":30.0,"key":"DIG"},{"floor":32.0,"key":"DIG"},{"floor":40,"key":"REST"},{"floor":42,"key":"REST"},{"floor":45,"key":"RECALL"},{"floor":49,"key":"DIG"},{"data":"Well Laid Plans","floor":53,"key":"SMITH"}],"neow_cost":"NONE","seed_source_timestamp":0,"circlet_count":0,"master_deck":["AscendersBane","Survivor","Neutralize+1","Adrenaline","Dagger Spray+1","Well Laid Plans+1","After Image","Flying Knee","Slice","Night Terror+1","Endless Agony","Venomology+1","Expertise+1","Slice","Bouncing Flask+1","Noxious Fumes+1","Ghostly+1","Ghostly+1","Ghostly+1","Cloak And Dagger+1","Backflip+1","Backstab","Blade Dance+1","Backflip+1","Blur+1","Dark Shackles+1","Burst+1","Acrobatics+1","Backflip+1","Madness+1","Madness+1"],"special_seed":0,"relics":["Ring of the Snake","Toxic Egg 2","Snake Skull","Shovel","Pandora\u0027s Box","Juzu Bracelet","WingedGreaves","StoneCalendar","Anchor","Ancient Tea Set","Bag of Preparation","Busted Crown","Orichalcum","Tingsha","MawBank","Mummified Hand","Letter Opener","Nunchaku"],"potions_floor_usage":[37,38,41,48,56,56,56],"damage_taken":[{"damage":2.0,"enemies":"Small Slimes","floor":1.0,"turns":4.0},{"damage":0.0,"enemies":"Cultist","floor":2.0,"turns":4.0},{"damage":3.0,"enemies":"2 Louse","floor":4.0,"turns":4.0},{"damage":2.0,"enemies":"2 Fungi Beasts","floor":5.0,"turns":6.0},{"damage":0.0,"enemies":"3 Louse","floor":7.0,"turns":3.0},{"damage":18.0,"enemies":"Gremlin Gang","floor":10.0,"turns":3.0},{"damage":4.0,"enemies":"Blue Slaver","floor":12.0,"turns":3.0},{"damage":26.0,"enemies":"Gremlin Nob","floor":14.0,"turns":4.0},{"damage":17.0,"enemies":"The Guardian","floor":16.0,"turns":16.0},{"damage":0.0,"enemies":"Spheric Guardian","floor":18.0,"turns":3.0},{"damage":7.0,"enemies":"2 Thieves","floor":22.0,"turns":3.0},{"damage":10.0,"enemies":"Gremlin Leader","floor":23.0,"turns":7.0},{"damage":0.0,"enemies":"Champ","floor":33.0,"turns":13.0},{"damage":0,"enemies":"Orb Walker","floor":35,"turns":4},{"damage":0,"enemies":"3 Shapes","floor":37,"turns":4},{"damage":26,"enemies":"Spire Growth","floor":38,"turns":5},{"damage":1,"enemies":"Giant Head","floor":41,"turns":7},{"damage":0,"enemies":"Reptomancer","floor":46,"turns":7},{"damage":0,"enemies":"Nemesis","floor":48,"turns":7},{"damage":0,"enemies":"Time Eater","floor":50,"turns":14},{"damage":1,"enemies":"Donu and Deca","floor":51,"turns":9},{"damage":0,"enemies":"Shield and Spear","floor":55,"turns":7},{"damage":16,"enemies":"The Heart","floor":56,"turns":9}],"seed_played":"4827961778717435129","potions_obtained":[{"floor":4.0,"key":"Energy Potion"},{"floor":7.0,"key":"Ancient Potion"},{"floor":10.0,"key":"Block Potion"},{"floor":14.0,"key":"SmokeBomb"},{"floor":18.0,"key":"SpeedPotion"},{"floor":22.0,"key":"Fire Potion"},{"floor":38,"key":"Energy Potion"},{"floor":41,"key":"Dexterity Potion"}],"is_trial":false,"path_per_floor":["M","M","?","M","M","R","M","R","T","M","R","M","$","E","R","B",null,"M","?","$","?","M","E","$","R","T","R","R","?","R","$","R","B",null,"M","?","M","M","?","R","E","R","T","?","R","E","?","E","R","B","B",null,"R","$","E","B",null],"character_chosen":"THE_SILENT","items_purchased":["Well Laid Plans","Snake Skull","Cloak And Dagger+1","Backflip+1","Dark Shackles+1","Letter Opener"],"campfire_rested":3,"item_purchase_floors":[13,13,20,20,24,54],"current_hp_per_floor":[57,57,66,63,61,61,61,61,61,43,43,39,39,13,32,15,53,53,33,33,33,26,16,16,16,16,16,16,16,16,16,16,31,33,33,33,33,7,1,10,9,18,18,18,18,18,18,18,18,18,17,29,29,29,29,13],"gold":54,"neow_bonus":"RANDOM_COLORLESS","is_prod":false,"is_daily":false,"chose_seed":false,"campfire_upgraded":5,"win_rate":0,"timestamp":1566833181,"path_taken":["M","M","?","?","M","R","?","R","T","M","R","?","$","E","R","BOSS","M","?","$","?","M","E","$","R","T","R","R","?","R","$","R","BOSS","M","?","M","M","?","R","E","R","T","?","R","E","?","E","R","BOSS","BOSS","R","$","E","BOSS"],"build_version":"2019-07-17","purchased_purges":0,"victory":true,"max_hp_per_floor":[66,66,66,66,66,66,66,66,66,66,66,66,66,66,66,66,66,66,33,33,33,33,33,33,33,33,33,33,33,33,33,33,33,33,33,33,33,33,33,33,33,33,33,33,33,33,33,33,33,33,33,33,33,33,33,33],"card_choices":[{"not_picked":["Blade Dance","Underhanded Strike","Outmaneuver"],"picked":"SKIP","floor":1.0},{"not_picked":["Infinite Blades","Underhanded Strike","Prepared"],"picked":"SKIP","floor":2.0},{"not_picked":["Accuracy","Deadly Poison"],"picked":"Adrenaline","floor":4.0},{"not_picked":["Blade Dance","Escape Plan"],"picked":"Dagger Spray","floor":5.0},{"not_picked":["Catalyst","Heel Hook","Acrobatics"],"picked":"SKIP","floor":7.0},{"not_picked":["Outmaneuver+1","Burst+1"],"picked":"Skewer","floor":10.0},{"not_picked":["Reflex+1","Underhanded Strike","Setup+1"],"picked":"SKIP","floor":12.0},{"not_picked":["Heel Hook","Predator","Bane"],"picked":"SKIP","floor":14.0},{"not_picked":["Tools of the Trade","Phantasmal Killer+1"],"picked":"After Image","floor":16.0},{"not_picked":["Deadly Poison+1","Eviscerate"],"picked":"Noxious Fumes","floor":18.0},{"not_picked":["Well Laid Plans","Bane"],"picked":"Backflip+1","floor":22.0},{"not_picked":["Dash","Bane"],"picked":"Blur+1","floor":23.0},{"not_picked":["Bane"],"picked":"SKIP","floor":35},{"not_picked":[],"picked":"Acrobatics+1","floor":37},{"not_picked":[],"picked":"Backflip+1","floor":38},{"not_picked":["Dagger Throw"],"picked":"SKIP","floor":41},{"not_picked":["Skewer"],"picked":"SKIP","floor":46},{"not_picked":["Underhanded Strike"],"picked":"SKIP","floor":48},{"not_picked":["Infinite Blades"],"picked":"SKIP","floor":55}],"player_experience":1545257,"relics_obtained":[{"floor":9.0,"key":"Toxic Egg 2"},{"floor":14.0,"key":"Shovel"},{"floor":23.0,"key":"Juzu Bracelet"},{"floor":26.0,"key":"WingedGreaves"},{"floor":27.0,"key":"StoneCalendar"},{"floor":28.0,"key":"Anchor"},{"floor":30.0,"key":"Ancient Tea Set"},{"floor":32.0,"key":"Bag of Preparation"},{"floor":41,"key":"Orichalcum"},{"floor":46,"key":"Tingsha"},{"floor":48,"key":"MawBank"},{"floor":49,"key":"Mummified Hand"},{"floor":55,"key":"Nunchaku"}],"event_choices":[{"cards_removed":["Panacea"],"damage_healed":9.0,"max_hp_gain":0.0,"max_hp_loss":0.0,"gold_gain":0.0,"event_name":"Bonfire Elementals","player_choice":"Offered Uncommon","floor":3.0,"gold_loss":0.0,"damage_taken":0.0},{"damage_healed":0.0,"max_hp_gain":0.0,"max_hp_loss":33.0,"gold_gain":0.0,"event_name":"Ghosts","player_choice":"Became a Ghost","floor":19.0,"gold_loss":0.0,"damage_taken":0.0,"cards_obtained":["Ghostly","Ghostly","Ghostly"]},{"damage_healed":0.0,"max_hp_gain":0.0,"max_hp_loss":0.0,"gold_gain":0.0,"cards_transformed":["Finisher","Bane"],"event_name":"Drug Dealer","player_choice":"Became Test Subject","floor":21.0,"gold_loss":0.0,"damage_taken":0.0,"cards_obtained":["Backstab","Blade Dance"]},{"damage_healed":0.0,"max_hp_gain":0.0,"max_hp_loss":0.0,"gold_gain":0.0,"event_name":"The Library","player_choice":"Read","floor":29.0,"gold_loss":0.0,"damage_taken":0.0,"cards_obtained":["Burst"]},{"damage_healed":0,"gold_gain":0,"player_choice":"Ignored","damage_taken":0,"max_hp_gain":0,"max_hp_loss":0,"event_name":"SecretPortal","floor":36,"gold_loss":0},{"damage_healed":0,"gold_gain":0,"player_choice":"Embrace Madness","damage_taken":6,"max_hp_gain":0,"max_hp_loss":0,"event_name":"Winding Halls","floor":39,"gold_loss":0,"cards_obtained":["Madness","Madness"]},{"damage_healed":0,"gold_gain":0,"player_choice":"Ignored","damage_taken":0,"max_hp_gain":0,"max_hp_loss":0,"event_name":"Tomb of Lord Red Mask","floor":44,"gold_loss":0},{"cards_removed":["Skewer"],"damage_healed":0,"gold_gain":0,"player_choice":"Removed Attack","damage_taken":0,"max_hp_gain":0,"max_hp_loss":0,"event_name":"Falling","floor":47,"gold_loss":0}],"is_beta":false,"boss_relics":[{"not_picked":["Tiny House","Fusion Hammer"],"picked":"Pandora\u0027s Box"},{"not_picked":["Calling Bell","Velvet Choker"],"picked":"Busted Crown"}],"items_purged_floors":[],"is_endless":false,"potions_floor_spawned":[4,7,10,14,18,22,38,41,55],"ascension_level":20}