{"gold_per_floor":[113,113,24,24,34,34,34,59,59,59,84,1,18,30,30,102,102,59,59,109,23,36,36,71,83,95,121,150,172,196,233,245,329,341,370,279,298,3,13,13,13],"floor_reached":41,"playtime":4101,"items_purged":["Strike_G"],"score":842,"play_id":"2347d519-31f3-4d2b-bbcf-5693dab8ac9a","local_time":"20190821233737","is_ascension_mode":true,"campfire_choices":[{"data":"Noxious Fumes","floor":6,"key":"SMITH"},{"floor":10,"key":"REST"},{"data":"Footwork","floor":15,"key":"SMITH"},{"floor":23,"key":"REST"},{"floor":25,"key":"REST"},{"floor":32,"key":"REST"},{"data":"Catalyst","floor":40,"key":"SMITH"}],"neow_cost":"NONE","seed_source_timestamp":236804125309800,"circlet_count":0,"master_deck":["AscendersBane","Strike_G","Defend_G","Defend_G","Defend_G+1","Defend_G","Defend_G+1","Survivor","Neutralize","Dagger Throw","Noxious Fumes+1","Dash","Deadly Poison","PiercingWail","Footwork+1","PiercingWail","Dodge and Roll","Crippling Poison","Dagger Spray","Caltrops","Catalyst+1","Bullet Time","Endless Agony+1","Wraith Form v2+1","Flechettes+1"],"relics":["Ring of the Snake","Ancient Tea Set","War Paint","Sundial","The Courier","Runic Pyramid","MawBank","Lantern","Oddly Smooth Stone","Astrolabe","Omamori","Potion Belt"],"potions_floor_usage":[8,16,18,28,30,33,41,41,41],"damage_taken":[{"damage":43,"enemies":"Jaw Worm","floor":1,"turns":8},{"damage":5,"enemies":"2 Louse","floor":5,"turns":3},{"damage":22,"enemies":"Lagavulin","floor":8,"turns":8},{"damage":14,"enemies":"3 Sentries","floor":11,"turns":7},{"damage":0,"enemies":"Cultist","floor":13,"turns":3},{"damage":0,"enemies":"Red Slaver","floor":14,"turns":6},{"damage":11,"enemies":"The Guardian","floor":16,"turns":9},{"damage":17,"enemies":"2 Thieves","floor":18,"turns":5},{"damage":1,"enemies":"Chosen","floor":22,"turns":6},{"damage":38,"enemies":"Book of Stabbing","floor":24,"turns":9},{"damage":6,"enemies":"Sentry and Sphere","floor":27,"turns":5},{"damage":5,"enemies":"Snake Plant","floor":28,"turns":6},{"damage":15,"enemies":"Centurion and Healer","floor":29,"turns":8},{"damage":0,"enemies":"Chosen and Byrds","floor":30,"turns":7},{"damage":37,"enemies":"Collector","floor":33,"turns":10},{"damage":3,"enemies":"Orb Walker","floor":35,"turns":6},{"damage":2,"enemies":"3 Darklings","floor":37,"turns":6},{"damage":8,"enemies":"4 Shapes","floor":39,"turns":9},{"damage":48,"enemies":"Reptomancer","floor":41,"turns":8}],"seed_played":"-6622338688307646807","potions_obtained":[{"floor":4,"key":"Weak Potion"},{"floor":4,"key":"Poison Potion"},{"floor":16,"key":"Regen Potion"},{"floor":27,"key":"GhostInAJar"},{"floor":28,"key":"Regen Potion"},{"floor":30,"key":"Block Potion"},{"floor":33,"key":"GamblersBrew"},{"floor":35,"key":"AttackPotion"},{"floor":39,"key":"Weak Potion"}],"is_trial":false,"path_per_floor":["M","?","$","?","M","R","$","E","T","R","E","$","M","M","R","B",null,"M","?","?","$","M","R","E","R","T","M","M","M","M","T","R","B",null,"M","$","M","$","M","R","E"],"character_chosen":"THE_SILENT","items_purchased":["Noxious Fumes","PiercingWail","PowerPotion","Crippling Poison","Dagger Spray","Poison Potion","Omamori","Potion Belt","Dexterity Potion"],"campfire_rested":4,"item_purchase_floors":[3,12,12,21,21,36,38,38,38],"current_hp_per_floor":[16,38,38,38,33,33,33,11,11,30,16,16,16,16,16,5,51,34,34,34,34,33,52,14,33,33,27,37,22,37,37,56,19,54,51,51,49,49,41,41,0],"gold":13,"neow_bonus":"RANDOM_COMMON_RELIC","is_prod":false,"is_daily":false,"chose_seed":false,"campfire_upgraded":3,"win_rate":0,"timestamp":1566427057,"path_taken":["M","?","$","?","M","R","$","E","T","R","E","$","?","M","R","BOSS","M","?","?","$","M","R","E","R","T","M","?","M","M","?","R","BOSS","M","$","M","$","M","R","E"],"build_version":"2019-07-17","purchased_purges":1,"victory":false,"max_hp_per_floor":[66,66,66,66,66,66,66,66,66,66,66,66,66,66,66,66,66,66,66,66,66,66,66,66,66,66,66,66,66,66,66,66,66,66,66,66,66,66,66,66,66],"card_choices":[{"not_picked":["Blade Dance","Flying Knee"],"picked":"Dagger Throw","floor":1},{"not_picked":["Flechettes","Deadly Poison"],"picked":"Dash","floor":5},{"not_picked":["Masterful Stab","Sucker Punch"],"picked":"Deadly Poison","floor":8},{"not_picked":["Cloak And Dagger","Endless Agony","Quick Slash"],"picked":"SKIP","floor":11},{"not_picked":["Dodge and Roll","Prepared"],"picked":"Footwork","floor":13},{"not_picked":["Tools of the Trade","Bane"],"picked":"PiercingWail","floor":14},{"not_picked":["Acrobatics+1","Deadly Poison"],"picked":"Dodge and Roll","floor":18},{"not_picked":["Dagger Spray","Crippling Poison","Deadly Poison"],"picked":"SKIP","floor":22},{"not_picked":["Deadly Poison","Quick Slash","Sucker Punch"],"picked":"SKIP","floor":24},{"not_picked":["All Out Attack+1","Bouncing Flask"],"picked":"Caltrops","floor":27},{"not_picked":["Expertise","Dagger Throw","Tactician"],"picked":"SKIP","floor":28},{"not_picked":["Adrenaline","Cloak And Dagger"],"picked":"Catalyst","floor":29},{"not_picked":["Quick Slash","Backflip","Deadly Poison"],"picked":"SKIP","floor":30},{"not_picked":["Malaise","Grand Finale"],"picked":"Bullet Time","floor":33},{"not_picked":["Reflex","Well Laid Plans","Blade Dance"],"picked":"SKIP","floor":35},{"not_picked":["Distraction","Reflex+1","Blade Dance"],"picked":"SKIP","floor":37},{"not_picked":["Outmaneuver","Backstab","Choke"],"picked":"SKIP","floor":39}],"player_experience":1541156,"relics_obtained":[{"floor":8,"key":"War Paint"},{"floor":9,"key":"Sundial"},{"floor":11,"key":"The Courier"},{"floor":24,"key":"MawBank"},{"floor":26,"key":"Lantern"},{"floor":31,"key":"Oddly Smooth Stone"}],"event_choices":[{"damage_healed":22,"gold_gain":0,"player_choice":"Banana","damage_taken":0,"max_hp_gain":0,"max_hp_loss":0,"event_name":"Big Fish","floor":2,"gold_loss":0},{"damage_healed":0,"gold_gain":0,"player_choice":"Got Potions","damage_taken":0,"max_hp_gain":0,"max_hp_loss":0,"event_name":"Lab","floor":4,"gold_loss":0},{"damage_healed":0,"gold_gain":50,"player_choice":"Pray","damage_taken":0,"max_hp_gain":0,"max_hp_loss":0,"event_name":"Golden Shrine","floor":20,"gold_loss":0}],"is_beta":false,"boss_relics":[{"not_picked":["White Beast Statue","Ectoplasm"],"picked":"Runic Pyramid"},{"not_picked":["Lizard Tail","Philosopher\u0027s Stone"],"picked":"Astrolabe"}],"items_purged_floors":[36],"is_endless":false,"potions_floor_spawned":[5,13,14,16,27,28,30,33,35,39],"killed_by":"Reptomancer","ascension_level":20}