{"gold_per_floor":[114,134,3,18,38,38,113,113,139,139,173,43,74,130,130,207,207,217,237,237,251,0,0,0],"floor_reached":24,"playtime":1165,"items_purged":[],"score":458,"play_id":"d4031c33-7c50-4671-ad56-0b286f5d108d","local_time":"20200202110033","is_ascension_mode":true,"campfire_choices":[{"data":"Skewer","floor":6,"key":"SMITH"},{"data":"Dagger Spray","floor":8,"key":"SMITH"},{"data":"Neutralize","floor":10,"key":"SMITH"},{"data":"Noxious Fumes","floor":15,"key":"SMITH"},{"floor":23,"key":"REST"}],"neow_cost":"NONE","seed_source_timestamp":1583199562638200,"circlet_count":0,"master_deck":["AscendersBane","Strike_G","Strike_G","Strike_G","Strike_G","Defend_G","Defend_G","Defend_G","Defend_G","Defend_G","Survivor","Neutralize+1","Dodge and Roll","Dagger Spray+1","Skewer+1","Well Laid Plans","Caltrops","Footwork","Noxious Fumes+1","Backstab","Predator","Corpse Explosion","Dagger Spray","Dash","Footwork"],"relics":["Ring of the Snake","Vajra","Lizard Tail","Velvet Choker","Oddly Smooth Stone"],"potions_floor_usage":[11,11,13,16,24],"damage_taken":[{"damage":0,"enemies":"Small Slimes","floor":1,"turns":5},{"damage":0,"enemies":"2 Louse","floor":2,"turns":3},{"damage":4,"enemies":"Cultist","floor":4,"turns":3},{"damage":2,"enemies":"Exordium Thugs","floor":5,"turns":5},{"damage":0,"enemies":"Gremlin Nob","floor":11,"turns":2},{"damage":16,"enemies":"3 Sentries","floor":13,"turns":6},{"damage":18,"enemies":"Hexaghost","floor":16,"turns":10},{"damage":11,"enemies":"2 Thieves","floor":18,"turns":4},{"damage":13,"enemies":"Spheric Guardian","floor":19,"turns":4},{"damage":43,"enemies":"Shelled Parasite and Fungi","floor":21,"turns":6},{"damage":38,"enemies":"Gremlin Leader","floor":24,"turns":4}],"seed_played":"-2184810300400022889","potions_obtained":[{"floor":1,"key":"SteroidPotion"},{"floor":13,"key":"SpeedPotion"},{"floor":21,"key":"ColorlessPotion"}],"is_trial":false,"path_per_floor":["M","M","$","M","M","R","?","R","T","R","E","$","E","?","R","B",null,"M","M","?","M","$","R","E"],"character_chosen":"THE_SILENT","items_purchased":["FearPotion","Well Laid Plans","Backstab","Strength Potion","Oddly Smooth Stone","Footwork"],"campfire_rested":1,"item_purchase_floors":[3,3,12,12,22,22],"current_hp_per_floor":[59,59,59,55,53,53,42,42,42,42,42,42,26,26,26,8,52,41,28,28,19,19,38,0],"gold":0,"neow_bonus":"TRANSFORM_CARD","is_prod":false,"is_daily":false,"chose_seed":false,"campfire_upgraded":4,"win_rate":0,"timestamp":1580641233,"path_taken":["M","M","$","M","M","R","?","R","T","R","E","$","E","?","R","BOSS","M","M","?","M","$","R","E"],"build_version":"2020-01-27","purchased_purges":0,"victory":false,"max_hp_per_floor":[66,66,66,66,66,66,66,66,66,66,66,66,66,66,66,66,66,66,66,66,66,66,66,66],"card_choices":[{"not_picked":["Eviscerate","Finisher"],"picked":"Dagger Spray","floor":1},{"not_picked":["Prepared","Dagger Throw"],"picked":"Skewer","floor":2},{"not_picked":["Blade Dance","Well Laid Plans"],"picked":"Caltrops","floor":4},{"not_picked":["Skewer","Calculated Gamble"],"picked":"Footwork","floor":5},{"not_picked":["Venomology","Concentrate"],"picked":"Noxious Fumes","floor":11},{"not_picked":["Acrobatics","Setup"],"picked":"Predator","floor":13},{"not_picked":["Storm of Steel","Burst"],"picked":"Corpse Explosion","floor":16},{"not_picked":["Deadly Poison","Backstab","Sucker Punch"],"picked":"SKIP","floor":18},{"not_picked":["Prepared","Finisher"],"picked":"Dagger Spray","floor":19},{"not_picked":["Bane","Catalyst"],"picked":"Dash","floor":21}],"player_experience":2143510,"relics_obtained":[{"floor":11,"key":"Vajra"},{"floor":13,"key":"Lizard Tail"}],"event_choices":[{"damage_healed":0,"gold_gain":75,"player_choice":"Gather Gold","damage_taken":11,"max_hp_gain":0,"max_hp_loss":0,"event_name":"World of Goop","floor":7,"gold_loss":0},{"damage_healed":0,"gold_gain":56,"player_choice":"Gained Gold","damage_taken":0,"max_hp_gain":0,"max_hp_loss":0,"event_name":"Golden Wing","floor":14,"gold_loss":0},{"damage_healed":0,"gold_gain":0,"player_choice":"Ignored","damage_taken":0,"max_hp_gain":0,"max_hp_loss":0,"event_name":"Beggar","floor":20,"gold_loss":0}],"is_beta":true,"boss_relics":[{"not_picked":["SlaversCollar","HoveringKite"],"picked":"Velvet Choker"}],"items_purged_floors":[],"is_endless":false,"potions_floor_spawned":[1,5,13,21],"killed_by":"Gremlin Leader","ascension_level":20}