{"gold_per_floor":[109,109,129,140,154,186,186,206,283,283,11,40,40,72,72,72],"floor_reached":16,"playtime":919,"items_purged":[],"score":240,"play_id":"bb3c5ce8-e67e-4f55-adbb-a94b4292341c","local_time":"20200202103946","is_ascension_mode":true,"campfire_choices":[{"data":"Dash","floor":7,"key":"SMITH"},{"floor":10,"key":"REST"},{"data":"Skewer","floor":13,"key":"SMITH"},{"floor":15,"key":"REST"}],"neow_cost":"NONE","seed_source_timestamp":1582200315669500,"circlet_count":0,"master_deck":["AscendersBane","Strike_G","Strike_G","Strike_G","Strike_G","Defend_G","Defend_G","Defend_G","Defend_G","Defend_G","Survivor","Neutralize","Cloak And Dagger","Riddle With Holes","Sucker Punch","Dash+1","Blur","Skewer+1","PiercingWail+1","Well Laid Plans","Caltrops"],"relics":["Ring of the Snake","Bag of Marbles","Toxic Egg 2","Regal Pillow","Unceasing Top","Snake Skull"],"potions_floor_usage":[12,12,16],"damage_taken":[{"damage":0,"enemies":"2 Louse","floor":1,"turns":3},{"damage":6,"enemies":"Cultist","floor":3,"turns":5},{"damage":8,"enemies":"Jaw Worm","floor":4,"turns":4},{"damage":4,"enemies":"Large Slime","floor":5,"turns":6},{"damage":36,"enemies":"Gremlin Nob","floor":6,"turns":5},{"damage":2,"enemies":"2 Fungi Beasts","floor":8,"turns":5},{"damage":2,"enemies":"Lagavulin","floor":12,"turns":5},{"damage":16,"enemies":"3 Sentries","floor":14,"turns":10},{"damage":41,"enemies":"Hexaghost","floor":16,"turns":12}],"seed_played":"-2273804833871367963","potions_obtained":[{"floor":1,"key":"Dexterity Potion"},{"floor":6,"key":"BlessingOfTheForge"},{"floor":8,"key":"AttackPotion"},{"floor":14,"key":"GamblersBrew"}],"is_trial":false,"path_per_floor":["M","?","M","M","M","E","R","M","T","R","$","E","R","E","R","B"],"character_chosen":"THE_SILENT","items_purchased":["Regal Pillow","PiercingWail+1","Well Laid Plans"],"campfire_rested":2,"item_purchase_floors":[11,11,11],"current_hp_per_floor":[59,59,53,45,41,5,5,3,3,22,22,20,20,4,38,0],"gold":72,"neow_bonus":"THREE_CARDS","is_prod":false,"is_daily":false,"chose_seed":false,"campfire_upgraded":2,"win_rate":0,"timestamp":1580639986,"path_taken":["M","?","M","?","M","E","R","M","T","R","$","E","R","E","R","BOSS"],"build_version":"2020-01-27","purchased_purges":0,"victory":false,"max_hp_per_floor":[66,66,66,66,66,66,66,66,66,66,66,66,66,66,66,66],"card_choices":[{"not_picked":["Blade Dance","Reflex"],"picked":"Cloak And Dagger","floor":0},{"not_picked":["Bane","Blade Dance"],"picked":"Riddle With Holes","floor":1},{"not_picked":["Distraction","Calculated Gamble","Accuracy"],"picked":"SKIP","floor":3},{"not_picked":["Outmaneuver","Sucker Punch","Deflect"],"picked":"SKIP","floor":4},{"not_picked":["Sucker Punch","Grand Finale"],"picked":"Dash","floor":5},{"not_picked":["Sucker Punch","Concentrate"],"picked":"Blur","floor":6},{"not_picked":["Outmaneuver","PiercingWail"],"picked":"Skewer","floor":8},{"not_picked":["Setup+1","Distraction+1"],"picked":"Caltrops","floor":12},{"not_picked":["Skewer","Blade Dance+1","Deflect+1"],"picked":"SKIP","floor":14}],"player_experience":2142591,"relics_obtained":[{"floor":6,"key":"Bag of Marbles"},{"floor":9,"key":"Toxic Egg 2"},{"floor":12,"key":"Unceasing Top"},{"floor":14,"key":"Snake Skull"}],"event_choices":[{"damage_healed":0,"gold_gain":0,"cards_transformed":["Strike_G"],"player_choice":"Transformed","damage_taken":0,"max_hp_gain":0,"max_hp_loss":0,"event_name":"Transmorgrifier","floor":2,"gold_loss":0,"cards_obtained":["Sucker Punch"]}],"is_beta":true,"boss_relics":[],"items_purged_floors":[],"is_endless":false,"potions_floor_spawned":[1,6,8,14],"killed_by":"Hexaghost","ascension_level":20}