{"gold_per_floor":[117,117,136,148,168,168,201,218,218,234,234,263,87,115,115,189,189,209,222,239,239,35,35,85,85,85,120,137,137,157,174,174,251,251,264,164,182,198,248,248],"floor_reached":40,"playtime":3202,"items_purged":["Strike_G","Strike_G+1"],"score":910,"play_id":"43803a6f-e0dd-4cf4-b151-c4c823d4a8e1","local_time":"20200204235519","is_ascension_mode":true,"campfire_choices":[{"data":"Dagger Spray","floor":6.0,"key":"SMITH"},{"data":"1","floor":11.0,"key":"LIFT"},{"data":"2","floor":15.0,"key":"LIFT"},{"data":"3","floor":23.0,"key":"LIFT"},{"data":"Noxious Fumes","floor":25.0,"key":"SMITH"},{"floor":29,"key":"REST"},{"data":"Bouncing Flask","floor":32,"key":"SMITH"}],"neow_cost":"NONE","seed_source_timestamp":1800424916861900,"circlet_count":0,"master_deck":["AscendersBane","Strike_G+1","Strike_G+1","Strike_G+1","Defend_G+1","Defend_G+1","Defend_G+1","Defend_G+1","Defend_G+1","Survivor","Neutralize","Riddle With Holes","PiercingWail","Sucker Punch","Dagger Spray+1","Skewer","PiercingWail","Bouncing Flask+1","Dodge and Roll","Noxious Fumes+1","Adrenaline","Backflip","Dagger Spray","Caltrops","Backstab","PiercingWail","Leg Sweep","Malaise","Acrobatics","Footwork","Backflip+1"],"special_seed":0,"relics":["Ring of the Snake","NeowsBlessing","Oddly Smooth Stone","Incense Burner","Girya","StoneCalendar","Nunchaku","SlaversCollar","Bronze Scales","Question Card","Shuriken","Snecko Eye"],"potions_floor_usage":[31,33,33,37,40,40],"damage_taken":[{"damage":0.0,"enemies":"Small Slimes","floor":1.0,"turns":1.0},{"damage":0.0,"enemies":"Cultist","floor":3.0,"turns":1.0},{"damage":0.0,"enemies":"2 Louse","floor":4.0,"turns":1.0},{"damage":6.0,"enemies":"Red Slaver","floor":5.0,"turns":6.0},{"damage":21.0,"enemies":"3 Sentries","floor":7.0,"turns":6.0},{"damage":0.0,"enemies":"2 Fungi Beasts","floor":8.0,"turns":3.0},{"damage":1.0,"enemies":"3 Louse","floor":10.0,"turns":6.0},{"damage":0.0,"enemies":"Lagavulin","floor":12.0,"turns":5.0},{"damage":8.0,"enemies":"3 Sentries","floor":14.0,"turns":7.0},{"damage":12.0,"enemies":"Hexaghost","floor":16.0,"turns":7.0},{"damage":1.0,"enemies":"3 Byrds","floor":18.0,"turns":5.0},{"damage":1.0,"enemies":"Chosen","floor":19.0,"turns":6.0},{"damage":10.0,"enemies":"Shelled Parasite and Fungi","floor":20.0,"turns":6.0},{"damage":13,"enemies":"Gremlin Leader","floor":27,"turns":5},{"damage":5,"enemies":"Centurion and Healer","floor":28,"turns":6},{"damage":0,"enemies":"Cultist and Chosen","floor":30,"turns":4},{"damage":0,"enemies":"Snake Plant","floor":31,"turns":2},{"damage":9,"enemies":"Champ","floor":33,"turns":9},{"damage":0,"enemies":"Orb Walker","floor":35,"turns":3},{"damage":0,"enemies":"3 Darklings","floor":37,"turns":3},{"damage":0,"enemies":"4 Shapes","floor":38,"turns":7},{"damage":63,"enemies":"Giant Head","floor":40,"turns":9}],"seed_played":"6825079141530866581","potions_obtained":[{"floor":1.0,"key":"SkillPotion"},{"floor":5.0,"key":"CunningPotion"},{"floor":7.0,"key":"DistilledChaos"},{"floor":14.0,"key":"FearPotion"},{"floor":19.0,"key":"DistilledChaos"},{"floor":28,"key":"DuplicationPotion"},{"floor":31,"key":"SteroidPotion"},{"floor":33,"key":"BlessingOfTheForge"},{"floor":35,"key":"CunningPotion"},{"floor":38,"key":"EssenceOfSteel"}],"is_trial":false,"path_per_floor":["M","?","M","M","M","R","E","M","T","M","R","E","$","E","R","B",null,"M","M","M","?","$","R","?","R","T","E","M","R","M","M","R","B",null,"M","$","M","M","?","E"],"character_chosen":"THE_SILENT","items_purchased":["Noxious Fumes","Fire Potion","Bronze Scales","Caltrops"],"campfire_rested":1,"item_purchase_floors":[13,13,22,22],"current_hp_per_floor":[59,59,59,59,53,53,32,32,32,31,31,31,31,23,23,11,52,51,50,40,40,40,40,40,40,40,27,22,41,41,41,41,32,58,58,58,58,58,58,0],"gold":248,"neow_bonus":"THREE_ENEMY_KILL","is_prod":false,"is_daily":false,"chose_seed":false,"campfire_upgraded":3,"win_rate":0,"timestamp":1580860519,"path_taken":["M","?","?","M","M","R","E","M","T","M","R","E","$","E","R","BOSS","M","?","M","?","$","R","?","R","T","E","M","R","M","?","R","BOSS","M","$","M","M","?","E"],"build_version":"2020-01-27","purchased_purges":2,"victory":false,"max_hp_per_floor":[66,66,66,66,66,66,66,66,66,66,66,66,66,66,66,66,66,66,66,66,66,66,66,66,66,66,66,66,66,66,66,66,66,66,66,66,66,66,66,66],"card_choices":[{"not_picked":["Acrobatics","Slice"],"picked":"Riddle With Holes","floor":1.0},{"not_picked":["Bane","Acrobatics"],"picked":"PiercingWail","floor":3.0},{"not_picked":["Distraction","Choke"],"picked":"Sucker Punch","floor":4.0},{"not_picked":["Prepared","Choke"],"picked":"Dagger Spray","floor":5.0},{"not_picked":["All Out Attack","Bane"],"picked":"Skewer","floor":7.0},{"not_picked":["All Out Attack","Dagger Throw"],"picked":"PiercingWail","floor":8.0},{"not_picked":["Bane","Deadly Poison"],"picked":"Bouncing Flask","floor":10.0},{"not_picked":["Dagger Throw","Cloak And Dagger"],"picked":"Dodge and Roll","floor":12.0},{"not_picked":["Concentrate","Doppelganger","Endless Agony"],"picked":"SKIP","floor":14.0},{"not_picked":["Tools of the Trade","Grand Finale"],"picked":"Adrenaline","floor":16.0},{"not_picked":["Heel Hook","Blur","Flying Knee"],"picked":"SKIP","floor":18.0},{"not_picked":["Slice","Acrobatics"],"picked":"Backflip","floor":19.0},{"not_picked":["Grand Finale","Backflip"],"picked":"Dagger Spray","floor":20.0},{"not_picked":["Deflect","Envenom","Underhanded Strike"],"picked":"Backstab","floor":27},{"not_picked":["Bane","Dagger Throw+1","Underhanded Strike","Setup"],"picked":"SKIP","floor":28},{"not_picked":["Slice+1","Setup","Reflex"],"picked":"PiercingWail","floor":30},{"not_picked":["Outmaneuver","Blade Dance","Acrobatics"],"picked":"Leg Sweep","floor":31},{"not_picked":["Glass Knife","Phantasmal Killer","Tools of the Trade"],"picked":"Malaise","floor":33},{"not_picked":["Flechettes","Underhanded Strike+1","Cloak And Dagger"],"picked":"Acrobatics","floor":35},{"not_picked":["Flying Knee","Leg Sweep","Acrobatics+1"],"picked":"Footwork","floor":37},{"not_picked":["Noxious Fumes","Slice","Poisoned Stab+1"],"picked":"Backflip+1","floor":38}],"player_experience":2174235,"relics_obtained":[{"floor":7.0,"key":"Incense Burner"},{"floor":9.0,"key":"Girya"},{"floor":12.0,"key":"StoneCalendar"},{"floor":14.0,"key":"Nunchaku"},{"floor":26.0,"key":"Question Card"},{"floor":27,"key":"Shuriken"}],"event_choices":[{"damage_healed":0.0,"max_hp_gain":0.0,"max_hp_loss":0.0,"gold_gain":0.0,"event_name":"WeMeetAgain","player_choice":"Gave Potion","floor":2.0,"gold_loss":0.0,"damage_taken":0.0,"relics_obtained":["Oddly Smooth Stone"]},{"damage_healed":0.0,"max_hp_gain":0.0,"max_hp_loss":0.0,"gold_gain":0.0,"event_name":"Back to Basics","player_choice":"Simplicity","floor":21.0,"gold_loss":0.0,"damage_taken":0.0,"cards_upgraded":["Strike_G","Strike_G","Strike_G","Strike_G","Defend_G","Defend_G","Defend_G","Defend_G","Defend_G"]},{"damage_healed":0.0,"max_hp_gain":0.0,"max_hp_loss":0.0,"gold_gain":50.0,"event_name":"Golden Shrine","player_choice":"Pray","floor":24.0,"gold_loss":0.0,"damage_taken":0.0},{"damage_healed":0,"gold_gain":50,"player_choice":"Pray","damage_taken":0,"max_hp_gain":0,"max_hp_loss":0,"event_name":"Golden Shrine","floor":39,"gold_loss":0}],"is_beta":true,"boss_relics":[{"not_picked":["Runic Dome","Philosopher\u0027s Stone"],"picked":"SlaversCollar"},{"not_picked":["SacredBark","Cursed Key"],"picked":"Snecko Eye"}],"items_purged_floors":[13,36],"is_endless":false,"potions_floor_spawned":[1,5,7,14,19,28,31,33,35,38],"killed_by":"Giant Head","ascension_level":20}