{"gold_per_floor":[118,137,153,153,10,10,28,58,58,58,58,84,84],"floor_reached":13,"playtime":579,"items_purged":[],"score":186,"play_id":"bb7250df-800a-46b3-8a3b-11a88c9e14e9","local_time":"20200203001002","is_ascension_mode":true,"campfire_choices":[{"data":"Flying Knee","floor":6,"key":"SMITH"},{"data":"Neutralize","floor":11,"key":"SMITH"}],"neow_cost":"NONE","seed_source_timestamp":1631154180963400,"circlet_count":0,"master_deck":["AscendersBane","Strike_G","Strike_G","Strike_G","Strike_G","Strike_G","Defend_G","Defend_G","Defend_G+1","Defend_G","Defend_G","Survivor","Neutralize+1","Flying Knee+1","Poisoned Stab+1","Well Laid Plans","Dash","Poisoned Stab"],"relics":["Ring of the Snake","HornCleat","StrikeDummy","NlothsMask","Gremlin Horn"],"potions_floor_usage":[8,8,12],"damage_taken":[{"damage":8,"enemies":"Small Slimes","floor":1,"turns":6},{"damage":0,"enemies":"2 Louse","floor":2,"turns":3},{"damage":0,"enemies":"Cultist","floor":3,"turns":3},{"damage":2,"enemies":"Looter","floor":7,"turns":4},{"damage":20,"enemies":"3 Sentries","floor":8,"turns":9},{"damage":13,"enemies":"Gremlin Nob","floor":12,"turns":4},{"damage":9,"enemies":"3 Louse","floor":13,"turns":1}],"seed_played":"-6879249633506954604","potions_obtained":[{"floor":7,"key":"Fruit Juice"},{"floor":8,"key":"SneckoOil"}],"is_trial":false,"path_per_floor":["M","M","M","?","$","R","M","E","T","?","R","E","M"],"character_chosen":"THE_SILENT","items_purchased":["SteroidPotion","Well Laid Plans"],"campfire_rested":0,"item_purchase_floors":[5,5],"current_hp_per_floor":[57,57,57,35,35,35,33,18,18,18,18,5,0],"gold":84,"neow_bonus":"TEN_PERCENT_HP_BONUS","is_prod":false,"is_daily":false,"chose_seed":false,"campfire_upgraded":2,"win_rate":0,"timestamp":1580688602,"path_taken":["M","M","M","?","$","R","M","E","T","?","R","E","?"],"build_version":"2020-01-27","purchased_purges":0,"victory":false,"max_hp_per_floor":[72,72,72,72,72,72,72,77,77,77,77,77,77],"card_choices":[{"not_picked":["Deadly Poison","Acrobatics"],"picked":"Flying Knee","floor":1},{"not_picked":["Underhanded Strike","Outmaneuver"],"picked":"Poisoned Stab","floor":2},{"not_picked":["Outmaneuver","Bane","Quick Slash"],"picked":"SKIP","floor":3},{"not_picked":["Poisoned Stab","Skewer"],"picked":"Dash","floor":7},{"not_picked":["Deflect","Dagger Throw","Underhanded Strike"],"picked":"SKIP","floor":8},{"not_picked":["Bullet Time","Blade Dance"],"picked":"Poisoned Stab","floor":12}],"player_experience":2151534,"relics_obtained":[{"floor":8,"key":"HornCleat"},{"floor":9,"key":"StrikeDummy"},{"floor":12,"key":"Gremlin Horn"}],"event_choices":[{"damage_healed":0,"gold_gain":0,"player_choice":"Entered Light","damage_taken":22,"max_hp_gain":0,"max_hp_loss":0,"event_name":"Shining Light","floor":4,"gold_loss":0,"cards_upgraded":["Defend_G","Poisoned Stab"]},{"damage_healed":0,"gold_gain":0,"player_choice":"Trade","damage_taken":0,"relics_obtained":["NlothsMask"],"max_hp_gain":0,"max_hp_loss":0,"event_name":"FaceTrader","floor":10,"gold_loss":0}],"is_beta":true,"boss_relics":[],"items_purged_floors":[],"is_endless":false,"potions_floor_spawned":[7,8],"killed_by":"3 Louse","ascension_level":20}