{"gold_per_floor":[11,27,44,94,105,130,130,149,172,206,206,241,241,303,303,380,380,396,411,194,209,227,227,227,256,256,267,267,285,255,279,279,364,391,419,444,465,465,465,501,501,536,536,547,547,588,602,632,632,632,632,632,632,167,192,192],"floor_reached":56,"playtime":5742,"items_purged":["Strike_G","Strike_G"],"score":2083,"play_id":"6e1704ef-d728-4ab0-b276-b82d95efc21e","local_time":"20200204220213","is_ascension_mode":true,"campfire_choices":[{"data":"Dagger Spray","floor":7.0,"key":"SMITH"},{"floor":11.0,"key":"REST"},{"data":"Footwork","floor":15,"key":"SMITH"},{"floor":23,"key":"REST"},{"data":"Glass Knife","floor":28,"key":"SMITH"},{"floor":32,"key":"REST"},{"data":"After Image","floor":41,"key":"SMITH"},{"floor":45,"key":"RECALL"},{"floor":49,"key":"REST"},{"data":"Well Laid Plans","floor":53,"key":"SMITH"}],"neow_cost":"NO_GOLD","seed_source_timestamp":1791097245400300,"circlet_count":0,"master_deck":["AscendersBane","Defend_G","Defend_G","Defend_G","Defend_G","Defend_G","Survivor","Neutralize","Dagger Spray+1","Riddle With Holes","Unload","PiercingWail","Dagger Spray","Dodge and Roll","Footwork+1","Die Die Die","Glass Knife+1","Infinite Blades+1","Backflip","Well Laid Plans+1","Footwork+1","Blade Dance+1","Footwork","After Image+1","Deflect+1","Glass Knife+1","Crippling Poison+1","PiercingWail","Blur","Backflip+1","Deflect","Deflect+1","PiercingWail+1","Dodge and Roll+1","Blur"],"special_seed":0,"relics":["Ring of the Snake","Du-Vu Doll","Kunai","Regal Pillow","Blood Vial","Vajra","FossilizedHelix","Black Star","CeramicFish","Shuriken","Astrolabe","Incense Burner","Ninja Scroll","Mummified Hand","Art of War","Singing Bowl","StrikeDummy","Meat on the Bone","Letter Opener","Prayer Wheel","Bronze Scales","Pen Nib","White Beast Statue"],"potions_floor_usage":[12,25,25,27,29,33,40,50,51,56,56],"damage_taken":[{"damage":2.0,"enemies":"Cultist","floor":1.0,"turns":5.0},{"damage":0.0,"enemies":"Jaw Worm","floor":2.0,"turns":4.0},{"damage":2.0,"enemies":"Small Slimes","floor":3.0,"turns":3.0},{"damage":1.0,"enemies":"2 Fungi Beasts","floor":5.0,"turns":3.0},{"damage":21.0,"enemies":"Gremlin Nob","floor":6.0,"turns":4.0},{"damage":10.0,"enemies":"Lots of Slimes","floor":8.0,"turns":3.0},{"damage":20.0,"enemies":"Lagavulin","floor":10.0,"turns":6.0},{"damage":4,"enemies":"3 Sentries","floor":12,"turns":5},{"damage":0,"enemies":"The Guardian","floor":16,"turns":14},{"damage":0,"enemies":"Spheric Guardian","floor":18,"turns":3},{"damage":12,"enemies":"2 Thieves","floor":19,"turns":3},{"damage":15,"enemies":"Snecko","floor":21,"turns":5},{"damage":32,"enemies":"Snake Plant","floor":22,"turns":5},{"damage":24,"enemies":"Book of Stabbing","floor":25,"turns":7},{"damage":0,"enemies":"Centurion and Healer","floor":27,"turns":6},{"damage":0,"enemies":"Snecko","floor":29,"turns":3},{"damage":0,"enemies":"3 Cultists","floor":31,"turns":4},{"damage":5,"enemies":"Automaton","floor":33,"turns":11},{"damage":0,"enemies":"3 Shapes","floor":35,"turns":4},{"damage":0,"enemies":"Mind Bloom Boss Battle","floor":36,"turns":10},{"damage":0,"enemies":"Orb Walker","floor":37,"turns":4},{"damage":26,"enemies":"Giant Head","floor":40,"turns":11},{"damage":0,"enemies":"Nemesis","floor":42,"turns":7},{"damage":0,"enemies":"Maw","floor":44,"turns":8},{"damage":17,"enemies":"Giant Head","floor":46,"turns":10},{"damage":0,"enemies":"3 Darklings","floor":47,"turns":3},{"damage":0,"enemies":"Sphere and 2 Shapes","floor":48,"turns":10},{"damage":17,"enemies":"Awakened One","floor":50,"turns":17},{"damage":19,"enemies":"Donu and Deca","floor":51,"turns":18},{"damage":5,"enemies":"Shield and Spear","floor":55,"turns":11},{"damage":66,"enemies":"The Heart","floor":56,"turns":12}],"seed_played":"3950363475561887913","potions_obtained":[{"floor":5.0,"key":"Poison Potion"},{"floor":6.0,"key":"CultistPotion"},{"floor":8.0,"key":"CunningPotion"},{"floor":18,"key":"EssenceOfSteel"},{"floor":19,"key":"DuplicationPotion"},{"floor":25,"key":"Regen Potion"},{"floor":27,"key":"SkillPotion"},{"floor":30,"key":"Poison Potion"},{"floor":30,"key":"EssenceOfSteel"},{"floor":37,"key":"LiquidMemories"},{"floor":40,"key":"DuplicationPotion"},{"floor":46,"key":"CultistPotion"},{"floor":55,"key":"BlessingOfTheForge"}],"is_trial":false,"path_per_floor":["M","M","M","?","M","E","R","M","T","E","R","E","?","?","R","B",null,"M","M","$","M","M","R","?","E","T","M","R","M","?","M","R","B",null,"M","?","M","?","?","E","R","E","T","M","R","E","M","M","R","B","B",null,"R","$","E","B"],"character_chosen":"THE_SILENT","items_purchased":["Well Laid Plans","Strength Potion","Bronze Scales","Ancient Potion","Blur","Energy Potion"],"campfire_rested":4,"item_purchase_floors":[20,20,54,54,54,54],"current_hp_per_floor":[57,57,55,55,54,33,33,23,23,3,37,35,17,17,17,19,54,56,46,46,33,3,37,37,15,15,32,32,34,34,36,66,61,65,66,66,66,66,66,40,40,42,42,46,46,43,49,51,72,55,38,64,64,64,63,0],"gold":192,"neow_bonus":"ONE_RARE_RELIC","is_prod":false,"is_daily":false,"chose_seed":false,"campfire_upgraded":5,"win_rate":0,"timestamp":1580853733,"path_taken":["M","?","M","?","M","E","R","?","T","E","R","E","?","?","R","BOSS","M","M","$","M","M","R","?","E","T","?","R","M","?","M","R","BOSS","M","?","M","?","?","E","R","E","T","M","R","E","?","M","R","BOSS","BOSS","R","$","E","BOSS"],"build_version":"2020-01-27","purchased_purges":2,"victory":false,"max_hp_per_floor":[66,66,66,66,66,66,66,66,66,66,66,66,66,66,66,66,66,66,66,66,66,66,66,66,66,66,66,66,66,66,66,66,66,66,66,66,66,66,66,66,66,66,66,68,68,68,72,72,72,72,72,72,72,72,74,74],"card_choices":[{"not_picked":["Acrobatics","Cloak And Dagger"],"picked":"Dagger Spray","floor":1.0},{"not_picked":["Deadly Poison","Infinite Blades"],"picked":"Riddle With Holes","floor":2.0},{"not_picked":["Underhanded Strike","Flying Knee"],"picked":"Unload","floor":3.0},{"not_picked":["Dagger Throw","Prepared"],"picked":"PiercingWail","floor":5.0},{"not_picked":["Dodge and Roll","Heel Hook"],"picked":"Dagger Spray","floor":6.0},{"not_picked":["Sucker Punch","Deadly Poison"],"picked":"Dodge and Roll","floor":8.0},{"not_picked":["Deflect","Backstab"],"picked":"Footwork","floor":10.0},{"not_picked":["Acrobatics","Accuracy"],"picked":"Die Die Die","floor":12},{"not_picked":["Doppelganger","Venomology"],"picked":"Glass Knife","floor":16},{"not_picked":["Prepared","Quick Slash"],"picked":"Infinite Blades+1","floor":18},{"not_picked":["Poisoned Stab","Corpse Explosion"],"picked":"Backflip","floor":19},{"not_picked":["Catalyst","PiercingWail"],"picked":"Footwork+1","floor":21},{"not_picked":["Slice","Cloak And Dagger"],"picked":"Blade Dance+1","floor":22},{"not_picked":["Underhanded Strike+1","Infinite Blades","Unload"],"picked":"SKIP","floor":25},{"not_picked":["Crippling Poison","Catalyst+1","Sucker Punch"],"picked":"SKIP","floor":27},{"not_picked":["Underhanded Strike","Terror","Setup"],"picked":"SKIP","floor":29},{"not_picked":["Well Laid Plans","Poisoned Stab"],"picked":"Footwork","floor":31},{"not_picked":["Tools of the Trade","Corpse Explosion"],"picked":"After Image","floor":33},{"not_picked":["Deadly Poison","Poisoned Stab"],"picked":"PiercingWail","floor":35},{"not_picked":["Dash","Riddle With Holes"],"picked":"Blur","floor":37},{"not_picked":["Flying Knee","Prepared"],"picked":"Backflip+1","floor":40},{"not_picked":["Noxious Fumes+1","Leg Sweep"],"picked":"Deflect","floor":42},{"not_picked":["Poisoned Stab","Phantasmal Killer","Flying Knee"],"picked":"Singing Bowl","floor":44},{"not_picked":["Deadly Poison","Slice"],"picked":"Deflect+1","floor":46},{"not_picked":["Blade Dance","Bane","Calculated Gamble"],"picked":"Singing Bowl","floor":47},{"not_picked":["Dagger Throw","Riddle With Holes","Masterful Stab+1"],"picked":"Singing Bowl","floor":47},{"not_picked":["Sucker Punch","Slice"],"picked":"PiercingWail+1","floor":48},{"not_picked":["Quick Slash+1","Doppelganger"],"picked":"Dodge and Roll+1","floor":48},{"not_picked":["Doppelganger","Dash","Bane"],"picked":"Singing Bowl","floor":55}],"player_experience":2166932,"relics_obtained":[{"floor":6.0,"key":"Kunai"},{"floor":9.0,"key":"Regal Pillow"},{"floor":10.0,"key":"Blood Vial"},{"floor":12,"key":"Vajra"},{"floor":25,"key":"CeramicFish"},{"floor":25,"key":"Shuriken"},{"floor":36,"key":"Incense Burner"},{"floor":40,"key":"Mummified Hand"},{"floor":40,"key":"Art of War"},{"floor":42,"key":"Singing Bowl"},{"floor":42,"key":"StrikeDummy"},{"floor":43,"key":"Meat on the Bone"},{"floor":46,"key":"Letter Opener"},{"floor":46,"key":"Prayer Wheel"},{"floor":55,"key":"Pen Nib"},{"floor":55,"key":"White Beast Statue"}],"event_choices":[{"damage_healed":0.0,"max_hp_gain":0.0,"max_hp_loss":0.0,"gold_gain":50.0,"event_name":"Golden Shrine","player_choice":"Pray","floor":4.0,"gold_loss":0.0,"damage_taken":0.0},{"damage_healed":0,"gold_gain":0,"player_choice":"Success","damage_taken":18,"relics_obtained":["FossilizedHelix"],"max_hp_gain":0,"max_hp_loss":0,"event_name":"Scrap Ooze","floor":13,"gold_loss":0},{"damage_healed":0,"gold_gain":62,"player_choice":"Gained Gold","damage_taken":0,"max_hp_gain":0,"max_hp_loss":0,"event_name":"Golden Wing","floor":14,"gold_loss":0},{"damage_healed":0,"gold_gain":0,"player_choice":"Ignored","damage_taken":0,"max_hp_gain":0,"max_hp_loss":0,"event_name":"N\u0027loth","floor":24,"gold_loss":0},{"damage_healed":0,"gold_gain":0,"player_choice":"Bought 2 Potions","damage_taken":0,"max_hp_gain":0,"max_hp_loss":0,"event_name":"The Woman in Blue","floor":30,"gold_loss":0},{"damage_healed":0,"gold_gain":0,"player_choice":"Fight","damage_taken":0,"max_hp_gain":0,"max_hp_loss":0,"event_name":"MindBloom","floor":36,"gold_loss":0},{"damage_healed":0,"gold_gain":0,"player_choice":"Ignored","damage_taken":0,"max_hp_gain":0,"max_hp_loss":0,"event_name":"Mysterious Sphere","floor":38,"gold_loss":0},{"damage_healed":0,"gold_gain":0,"player_choice":"Gave Potion","damage_taken":0,"relics_obtained":["Ninja Scroll"],"max_hp_gain":0,"max_hp_loss":0,"event_name":"WeMeetAgain","floor":39,"gold_loss":0}],"is_beta":true,"boss_relics":[{"not_picked":["Empty Cage","Pandora\u0027s Box"],"picked":"Black Star"},{"not_picked":["Tiny House","WristBlade"],"picked":"Astrolabe"}],"items_purged_floors":[20,54],"is_endless":false,"potions_floor_spawned":[5,6,8,18,19,25,27,37,40,46,48,55],"killed_by":"The Heart","ascension_level":20}