{"gold_per_floor":[117,117,128,203,203,203,237,237,237,25,65,139,190,240,240,317,317,352,388,2,2,42,42,98,98,98,116,116,154,169,187,187,187],"floor_reached":33,"playtime":1576,"items_purged":["Strike_G"],"score":658,"play_id":"0a1bb771-44a4-4f28-843e-51c0698708de","local_time":"20200201234433","is_ascension_mode":true,"campfire_choices":[{"data":"Bouncing Flask","floor":6.0,"key":"SMITH"},{"floor":8.0,"key":"REST"},{"data":"HandOfGreed","floor":15.0,"key":"SMITH"},{"data":"Neutralize","floor":23.0,"key":"SMITH"},{"floor":25,"key":"REST"},{"floor":28,"key":"REST"},{"floor":32,"key":"REST"}],"neow_cost":"NONE","seed_source_timestamp":1542204706193200,"circlet_count":0,"master_deck":["AscendersBane","Strike_G+1","Strike_G","Strike_G+1","Defend_G+1","Defend_G+1","Defend_G","Defend_G","Defend_G","Survivor","Neutralize+1","Bouncing Flask+1","PiercingWail","Riddle With Holes","HandOfGreed+1","Deadly Poison","Backstab","Backstab","Caltrops+1","Noxious Fumes"],"special_seed":0,"relics":["Ring of the Snake","NeowsBlessing","Whetstone","Sundial","Juzu Bracelet","Velvet Choker","OrangePellets","Nunchaku","Gambling Chip"],"potions_floor_usage":[24,29,33,33],"damage_taken":[{"damage":0.0,"enemies":"Small Slimes","floor":1.0,"turns":1.0},{"damage":0.0,"enemies":"Jaw Worm","floor":3.0,"turns":1.0},{"damage":0.0,"enemies":"3 Sentries","floor":7.0,"turns":2.0},{"damage":0.0,"enemies":"2 Louse","floor":11.0,"turns":2.0},{"damage":10.0,"enemies":"Lots of Slimes","floor":12.0,"turns":8.0},{"damage":0.0,"enemies":"3 Louse","floor":13.0,"turns":5.0},{"damage":0.0,"enemies":"Gremlin Nob","floor":14.0,"turns":3.0},{"damage":23.0,"enemies":"Hexaghost","floor":16.0,"turns":9.0},{"damage":0.0,"enemies":"Chosen","floor":18.0,"turns":3.0},{"damage":0.0,"enemies":"3 Byrds","floor":19.0,"turns":6.0},{"damage":17.0,"enemies":"Centurion and Healer","floor":22.0,"turns":8.0},{"damage":22,"enemies":"Book of Stabbing","floor":24,"turns":4},{"damage":0,"enemies":"Snake Plant","floor":27,"turns":3},{"damage":20,"enemies":"Chosen and Byrds","floor":29,"turns":6},{"damage":3,"enemies":"Sentry and Sphere","floor":30,"turns":3},{"damage":5,"enemies":"Snecko","floor":31,"turns":4},{"damage":55,"enemies":"Champ","floor":33,"turns":10}],"seed_played":"-252861956605707843","potions_obtained":[{"floor":1.0,"key":"Energy Potion"},{"floor":7.0,"key":"SteroidPotion"},{"floor":12.0,"key":"Explosive Potion"},{"floor":16.0,"key":"SteroidPotion"},{"floor":22.0,"key":"Swift Potion"},{"floor":29,"key":"PowerPotion"},{"floor":31,"key":"ColorlessPotion"}],"is_trial":false,"path_per_floor":["M","?","M","?","?","R","E","R","T","$","M","M","M","E","R","B",null,"M","M","$","?","M","R","E","R","T","M","R","M","M","M","R","B"],"character_chosen":"THE_SILENT","items_purchased":["HandOfGreed","OrangePellets","Caltrops","SkillPotion"],"campfire_rested":4,"item_purchase_floors":[10,20,20,20],"current_hp_per_floor":[59,39,39,28,21,21,21,40,40,40,40,30,30,30,30,7,51,51,51,51,51,34,34,12,31,31,31,50,30,27,22,41,0],"gold":187,"neow_bonus":"THREE_ENEMY_KILL","is_prod":false,"is_daily":false,"chose_seed":false,"campfire_upgraded":3,"win_rate":0,"timestamp":1580600673,"path_taken":["M","?","M","?","?","R","E","R","T","$","?","M","M","E","R","BOSS","M","M","$","?","M","R","E","R","T","M","R","M","M","M","R","BOSS"],"build_version":"2020-01-27","purchased_purges":1,"victory":false,"max_hp_per_floor":[66,66,66,66,66,66,66,66,66,66,66,66,66,66,66,66,66,66,66,66,66,66,66,66,66,66,66,66,66,66,66,66,66],"card_choices":[{"not_picked":["Leg Sweep","Bane"],"picked":"Bouncing Flask","floor":1.0},{"not_picked":["Bane","Acrobatics"],"picked":"PiercingWail","floor":3.0},{"not_picked":["Bouncing Flask","Infinite Blades"],"picked":"Riddle With Holes","floor":7.0},{"not_picked":["Bane","Distraction"],"picked":"Deadly Poison","floor":11.0},{"not_picked":["Dodge and Roll","Deflect"],"picked":"Backstab","floor":12.0},{"not_picked":["Endless Agony","Flying Knee","Tactician"],"picked":"SKIP","floor":13.0},{"not_picked":["Bouncing Flask","Flying Knee"],"picked":"Backstab","floor":14.0},{"not_picked":["Reflex","Poisoned Stab","Outmaneuver"],"picked":"SKIP","floor":18.0},{"not_picked":["Poisoned Stab","Blade Dance","Caltrops"],"picked":"SKIP","floor":19.0},{"not_picked":["Slice","Outmaneuver","Cloak And Dagger"],"picked":"SKIP","floor":22.0},{"not_picked":["Deadly Poison","Escape Plan","Grand Finale"],"picked":"SKIP","floor":24},{"not_picked":["Underhanded Strike","Masterful Stab","Poisoned Stab"],"picked":"SKIP","floor":27},{"not_picked":["Terror","Distraction","Dodge and Roll"],"picked":"SKIP","floor":29},{"not_picked":["Setup","Deadly Poison"],"picked":"Noxious Fumes","floor":30},{"not_picked":["Blade Dance","Dagger Spray","Underhanded Strike"],"picked":"SKIP","floor":31}],"player_experience":2135536,"relics_obtained":[{"floor":7.0,"key":"Whetstone"},{"floor":9.0,"key":"Sundial"},{"floor":14.0,"key":"Juzu Bracelet"},{"floor":24,"key":"Nunchaku"},{"floor":26,"key":"Gambling Chip"}],"event_choices":[{"damage_healed":0.0,"max_hp_gain":0.0,"max_hp_loss":0.0,"gold_gain":0.0,"event_name":"Shining Light","player_choice":"Entered Light","floor":2.0,"gold_loss":0.0,"damage_taken":20.0,"cards_upgraded":["Defend_G","Defend_G"]},{"damage_healed":0.0,"max_hp_gain":0.0,"max_hp_loss":0.0,"gold_gain":75.0,"event_name":"World of Goop","player_choice":"Gather Gold","floor":4.0,"gold_loss":0.0,"damage_taken":11.0},{"cards_removed":["Strike_G"],"damage_healed":0.0,"max_hp_gain":0.0,"max_hp_loss":0.0,"gold_gain":0.0,"event_name":"Golden Wing","player_choice":"Card Removal","floor":5.0,"gold_loss":0.0,"damage_taken":7.0},{"damage_healed":0.0,"max_hp_gain":0.0,"max_hp_loss":0.0,"gold_gain":0.0,"event_name":"Upgrade Shrine","player_choice":"Upgraded","floor":21.0,"gold_loss":0.0,"damage_taken":0.0,"cards_upgraded":["Caltrops"]}],"is_beta":true,"boss_relics":[{"not_picked":["Sozu","SlaversCollar"],"picked":"Velvet Choker"}],"items_purged_floors":[20],"is_endless":false,"potions_floor_spawned":[1,7,12,16,22,29,31],"killed_by":"Champ","ascension_level":20}