{"gold_per_floor":[113,129,145,34,50,50,64,93,138,171,171,199,199,124,124,200,200,215,240,258,258,276,276,276],"floor_reached":24,"playtime":1759,"items_purged":[],"score":432,"play_id":"e0a41c96-df16-4708-b680-2abdcdc2e909","local_time":"20200205210337","is_ascension_mode":true,"campfire_choices":[{"data":"Dagger Spray","floor":6,"key":"SMITH"},{"floor":11,"key":"REST"},{"data":"Noxious Fumes","floor":15,"key":"SMITH"},{"floor":23,"key":"REST"}],"neow_cost":"NONE","seed_source_timestamp":1877990214504100,"circlet_count":0,"master_deck":["AscendersBane","Strike_G","Strike_G","Strike_G","Strike_G","Defend_G","Defend_G","Defend_G","Defend_G","Defend_G","Survivor","Neutralize","Unload","Footwork","Quick Slash","Dagger Spray+1","Backstab","Deadly Poison","Noxious Fumes+1","Backflip","Adrenaline","PiercingWail","Dagger Throw+1","Adrenaline","Leg Sweep"],"relics":["Ring of the Snake","Blue Candle","Bag of Preparation","Pantograph","MealTicket","Velvet Choker","Red Mask"],"potions_floor_usage":[0,8,10,19],"damage_taken":[{"damage":8,"enemies":"Cultist","floor":1,"turns":5},{"damage":2,"enemies":"2 Louse","floor":2,"turns":3},{"damage":0,"enemies":"Small Slimes","floor":3,"turns":5},{"damage":9,"enemies":"Looter","floor":5,"turns":4},{"damage":11,"enemies":"Gremlin Gang","floor":7,"turns":4},{"damage":8,"enemies":"Gremlin Nob","floor":8,"turns":3},{"damage":3,"enemies":"Lagavulin","floor":10,"turns":7},{"damage":27,"enemies":"Gremlin Nob","floor":12,"turns":4},{"damage":37,"enemies":"Hexaghost","floor":16,"turns":11},{"damage":12,"enemies":"Shell Parasite","floor":18,"turns":6},{"damage":29,"enemies":"Masked Bandits","floor":19,"turns":5},{"damage":5,"enemies":"Spheric Guardian","floor":20,"turns":4},{"damage":8,"enemies":"Snake Plant","floor":22,"turns":4},{"damage":22,"enemies":"Shelled Parasite and Fungi","floor":24,"turns":3}],"seed_played":"6929918452945847640","potions_obtained":[{"floor":0,"key":"Dexterity Potion"},{"floor":0,"key":"Fruit Juice"},{"floor":0,"key":"SpeedPotion"},{"floor":8,"key":"DistilledChaos"},{"floor":12,"key":"SmokeBomb"},{"floor":18,"key":"SteroidPotion"}],"is_trial":false,"path_per_floor":["M","M","M","$","M","R","M","E","T","E","R","E","?","?","R","B",null,"M","?","M","?","M","R","M"],"character_chosen":"THE_SILENT","items_purchased":["Fire Potion","Dagger Spray"],"campfire_rested":2,"item_purchase_floors":[4,4],"current_hp_per_floor":[56,54,54,54,45,45,34,26,26,23,44,17,17,17,17,5,55,43,14,9,9,1,22,0],"gold":276,"neow_bonus":"THREE_SMALL_POTIONS","is_prod":false,"is_daily":false,"chose_seed":false,"campfire_upgraded":2,"win_rate":0,"timestamp":1580936617,"path_taken":["M","M","M","$","M","R","?","E","T","E","R","E","?","?","R","BOSS","M","?","M","?","M","R","?"],"build_version":"2020-01-27","purchased_purges":0,"victory":false,"max_hp_per_floor":[71,71,71,71,71,71,71,71,71,71,71,71,71,71,71,71,71,71,71,71,71,71,71,71],"card_choices":[{"not_picked":["Bane","Setup"],"picked":"Unload","floor":1},{"not_picked":["Underhanded Strike","Quick Slash"],"picked":"Footwork","floor":2},{"not_picked":["Sucker Punch","Prepared"],"picked":"Quick Slash","floor":3},{"not_picked":["Blade Dance","Terror"],"picked":"Backstab","floor":5},{"not_picked":["Sucker Punch","Bane"],"picked":"Deadly Poison","floor":7},{"not_picked":["All Out Attack","Dagger Spray"],"picked":"Noxious Fumes","floor":8},{"not_picked":["Prepared","Cloak And Dagger"],"picked":"Backflip","floor":10},{"not_picked":["Outmaneuver","All Out Attack","Backflip"],"picked":"SKIP","floor":12},{"not_picked":["Glass Knife","Night Terror"],"picked":"Adrenaline","floor":16},{"not_picked":["Deflect+1","Well Laid Plans"],"picked":"PiercingWail","floor":18},{"not_picked":["Flying Knee+1","Acrobatics"],"picked":"Dagger Throw+1","floor":20},{"not_picked":["Noxious Fumes+1","Skewer"],"picked":"Leg Sweep","floor":22}],"player_experience":2177437,"relics_obtained":[{"floor":8,"key":"Blue Candle"},{"floor":9,"key":"Bag of Preparation"},{"floor":10,"key":"Pantograph"},{"floor":12,"key":"MealTicket"},{"floor":19,"key":"Red Mask"}],"event_choices":[{"damage_healed":0,"gold_gain":0,"player_choice":"Ignored","damage_taken":0,"max_hp_gain":0,"max_hp_loss":0,"event_name":"Liars Game","floor":13,"gold_loss":0},{"cards_removed":["Strike_G"],"damage_healed":0,"gold_gain":0,"player_choice":"Card Removal","damage_taken":0,"max_hp_gain":0,"max_hp_loss":0,"event_name":"The Cleric","floor":14,"gold_loss":75},{"damage_healed":0,"gold_gain":0,"player_choice":"Fought Bandits","damage_taken":0,"max_hp_gain":0,"max_hp_loss":0,"event_name":"Masked Bandits","floor":19,"gold_loss":0},{"damage_healed":0,"gold_gain":0,"player_choice":"Copied","damage_taken":0,"max_hp_gain":0,"max_hp_loss":0,"event_name":"Duplicator","floor":21,"gold_loss":0,"cards_obtained":["Adrenaline"]}],"is_beta":true,"boss_relics":[{"not_picked":["Philosopher\u0027s Stone","Calling Bell"],"picked":"Velvet Choker"}],"items_purged_floors":[],"is_endless":false,"potions_floor_spawned":[5,8,12,18],"killed_by":"Shelled Parasite and Fungi","ascension_level":20}