{"gold_per_floor":[118,135,135,155,174,203,203,237,305,325,338,369,383,398,398,398],"floor_reached":16,"playtime":1203,"items_purged":[],"score":352,"play_id":"2c4b78e8-c080-44ef-a437-6f8e7485ce64","local_time":"20200203233621","is_ascension_mode":true,"campfire_choices":[{"data":"Dash","floor":7,"key":"SMITH"},{"data":"All Out Attack","floor":15,"key":"SMITH"}],"neow_cost":"NONE","seed_source_timestamp":1714892271854100,"circlet_count":0,"master_deck":["AscendersBane","Strike_G","Strike_G","Strike_G","Strike_G","Defend_G","Defend_G","Defend_G","Defend_G","Defend_G","Survivor","Neutralize","Dash+1","Footwork","Dodge and Roll","Dash","Footwork","Malaise","Backstab","All Out Attack+1"],"special_seed":0,"relics":["Ring of the Snake","Bird Faced Urn","Thread and Needle","Frozen Egg 2","Anchor"],"potions_floor_usage":[6,6,6,6,12,16],"damage_taken":[{"damage":4.0,"enemies":"Jaw Worm","floor":1.0,"turns":7.0},{"damage":1.0,"enemies":"Cultist","floor":2.0,"turns":4.0},{"damage":0,"enemies":"2 Louse","floor":4,"turns":4},{"damage":2,"enemies":"2 Fungi Beasts","floor":5,"turns":5},{"damage":0,"enemies":"Lagavulin","floor":6,"turns":8},{"damage":31,"enemies":"Gremlin Nob","floor":8,"turns":6},{"damage":0,"enemies":"Looter","floor":10,"turns":4},{"damage":0,"enemies":"Blue Slaver","floor":11,"turns":6},{"damage":0,"enemies":"Lagavulin","floor":12,"turns":9},{"damage":0,"enemies":"Gremlin Gang","floor":13,"turns":2},{"damage":0,"enemies":"2 Fungi Beasts","floor":14,"turns":4},{"damage":44,"enemies":"Hexaghost","floor":16,"turns":16}],"seed_played":"-2622124931138071209","potions_obtained":[{"floor":0.0,"key":"EntropicBrew"},{"floor":0.0,"key":"SneckoOil"},{"floor":1.0,"key":"Block Potion"},{"floor":6,"key":"CunningPotion"},{"floor":8,"key":"SpeedPotion"},{"floor":12,"key":"SkillPotion"}],"is_trial":false,"path_per_floor":["M","M","?","M","M","E","R","E","T","M","M","E","M","M","R","B"],"character_chosen":"THE_SILENT","items_purchased":[],"campfire_rested":0,"item_purchase_floors":[],"current_hp_per_floor":[55,54,54,54,52,52,52,25,25,25,29,33,33,37,37,0],"gold":398,"neow_bonus":"THREE_SMALL_POTIONS","is_prod":false,"is_daily":false,"chose_seed":false,"campfire_upgraded":2,"win_rate":0,"timestamp":1580772981,"path_taken":["M","M","?","M","M","E","R","E","T","M","?","E","M","M","R","BOSS"],"build_version":"2020-01-27","purchased_purges":0,"victory":false,"max_hp_per_floor":[66,66,66,66,66,66,66,66,66,66,66,66,66,66,66,66],"card_choices":[{"not_picked":["Tactician","Sucker Punch"],"picked":"Dash","floor":1.0},{"not_picked":["Flying Knee","Catalyst"],"picked":"Footwork","floor":2.0},{"not_picked":["Deflect","Infinite Blades"],"picked":"Dash","floor":4},{"not_picked":["Escape Plan","Sucker Punch"],"picked":"Footwork","floor":5},{"not_picked":["Well Laid Plans","Footwork"],"picked":"Malaise","floor":6},{"not_picked":["Calculated Gamble","Cloak And Dagger","Outmaneuver"],"picked":"SKIP","floor":8},{"not_picked":["Dodge and Roll","Eviscerate","Outmaneuver"],"picked":"SKIP","floor":10},{"not_picked":["Acrobatics","Dagger Throw"],"picked":"Backstab","floor":11},{"not_picked":["Prepared","Doppelganger"],"picked":"All Out Attack","floor":12},{"not_picked":["Prepared","Deflect","Dagger Throw"],"picked":"SKIP","floor":13},{"not_picked":["Concentrate","Blade Dance","Flying Knee"],"picked":"SKIP","floor":14}],"player_experience":2161325,"relics_obtained":[{"floor":6,"key":"Bird Faced Urn"},{"floor":8,"key":"Thread and Needle"},{"floor":9,"key":"Frozen Egg 2"},{"floor":12,"key":"Anchor"}],"event_choices":[{"damage_healed":0.0,"max_hp_gain":0.0,"max_hp_loss":0.0,"gold_gain":0.0,"cards_transformed":["Strike_G"],"event_name":"Transmorgrifier","player_choice":"Transformed","floor":3.0,"gold_loss":0.0,"damage_taken":0.0,"cards_obtained":["Dodge and Roll"]}],"is_beta":true,"boss_relics":[],"items_purged_floors":[],"is_endless":false,"potions_floor_spawned":[1,4,6,8,12],"killed_by":"Hexaghost","ascension_level":20}