{"gold_per_floor":[114,130,147,160,1,1,26,26,26,55,74,86,86,99,99,174,174,185,203,203,32,45,80,80,80,80,106,106,21,21,21,21,21],"floor_reached":33,"playtime":1640,"items_purged":["Storm of Steel"],"score":590,"play_id":"4681bf0b-8b39-4b06-b361-ccf79caa0d0f","local_time":"20200202081036","is_ascension_mode":true,"campfire_choices":[{"data":"Glass Knife","floor":6.0,"key":"SMITH"},{"data":"Dagger Spray","floor":8.0,"key":"SMITH"},{"data":"Noxious Fumes","floor":13.0,"key":"SMITH"},{"data":"Dagger Spray","floor":15.0,"key":"SMITH"},{"floor":24,"key":"REST"},{"data":"Envenom","floor":28,"key":"SMITH"},{"data":"Crippling Poison","floor":30,"key":"SMITH"},{"floor":32,"key":"REST"}],"neow_cost":"NONE","seed_source_timestamp":0,"circlet_count":0,"master_deck":["AscendersBane","Strike_G+1","Strike_G","Defend_G","Defend_G","Defend_G","Defend_G","Defend_G","Survivor","Neutralize+1","Dagger Spray+1","Dagger Spray+1","Glass Knife+1","Crippling Poison+1","Leg Sweep","PiercingWail","Noxious Fumes+1","Envenom+1","Blade Dance+1","Leg Sweep+1","Endless Agony+1","PiercingWail","Well Laid Plans"],"special_seed":0,"relics":["Ring of the Snake","Orichalcum","Whetstone","Gremlin Horn","Astrolabe","TwistedFunnel","CeramicFish","Nilry\u0027s Codex","Meat on the Bone","Pen Nib","Blood Vial"],"potions_floor_usage":[22,23],"damage_taken":[{"damage":4.0,"enemies":"Jaw Worm","floor":1.0,"turns":5.0},{"damage":7.0,"enemies":"2 Louse","floor":2.0,"turns":2.0},{"damage":7.0,"enemies":"Small Slimes","floor":3.0,"turns":3.0},{"damage":1.0,"enemies":"2 Fungi Beasts","floor":4.0,"turns":3.0},{"damage":8.0,"enemies":"Gremlin Nob","floor":7.0,"turns":3.0},{"damage":12.0,"enemies":"Lagavulin","floor":10.0,"turns":6.0},{"damage":6.0,"enemies":"Exordium Thugs","floor":11.0,"turns":4.0},{"damage":0.0,"enemies":"3 Louse","floor":12.0,"turns":2.0},{"damage":0.0,"enemies":"2 Fungi Beasts","floor":14.0,"turns":2.0},{"damage":9.0,"enemies":"Slime Boss","floor":16.0,"turns":8.0},{"damage":18,"enemies":"2 Thieves","floor":18,"turns":3},{"damage":0,"enemies":"Chosen","floor":19,"turns":4},{"damage":1,"enemies":"Snecko","floor":22,"turns":6},{"damage":18,"enemies":"Slavers","floor":23,"turns":4},{"damage":4,"enemies":"Gremlin Leader","floor":27,"turns":5},{"damage":43,"enemies":"Automaton","floor":33,"turns":8}],"seed_played":"7066791197389430835","potions_obtained":[{"floor":2.0,"key":"PowerPotion"},{"floor":3.0,"key":"FearPotion"},{"floor":12.0,"key":"GamblersBrew"},{"floor":14.0,"key":"LiquidBronze"},{"floor":19,"key":"Block Potion"},{"floor":22,"key":"SpeedPotion"}],"is_trial":false,"path_per_floor":["M","M","M","M","$","R","E","R","T","E","M","M","R","M","R","B",null,"M","M","?","$","M","E","R","?","T","E","R","?","R","$","R","B"],"character_chosen":"THE_SILENT","items_purchased":["Crippling Poison","TwistedFunnel"],"campfire_rested":2,"item_purchase_floors":[5,21],"current_hp_per_floor":[55,48,41,40,40,40,32,32,32,20,14,14,14,14,14,5,51,33,33,33,33,32,14,33,12,12,20,20,20,20,20,39,0],"gold":21,"neow_bonus":"ONE_RANDOM_RARE_CARD","is_prod":false,"is_daily":false,"chose_seed":false,"campfire_upgraded":6,"win_rate":0,"timestamp":1580631036,"path_taken":["M","M","M","M","$","R","E","R","T","E","M","M","R","M","R","BOSS","BOSS","M","M","?","$","M","E","R","?","T","E","R","?","R","?","R","BOSS"],"build_version":"2020-01-27","purchased_purges":1,"victory":false,"max_hp_per_floor":[66,66,66,66,66,66,66,66,66,66,66,66,66,66,66,66,66,66,66,66,66,66,66,66,66,66,66,66,66,66,66,66,66],"card_choices":[{"not_picked":["Dodge and Roll","Finisher"],"picked":"Dagger Spray","floor":1.0},{"not_picked":["Tactician","Poisoned Stab"],"picked":"Dagger Spray","floor":2.0},{"not_picked":["Deflect","Underhanded Strike","Dodge and Roll"],"picked":"SKIP","floor":3.0},{"not_picked":["Sucker Punch","Well Laid Plans"],"picked":"Glass Knife","floor":4.0},{"not_picked":["Storm of Steel","Acrobatics"],"picked":"Leg Sweep","floor":7.0},{"not_picked":["Endless Agony","Catalyst"],"picked":"PiercingWail","floor":10.0},{"not_picked":["Eviscerate","Outmaneuver"],"picked":"Noxious Fumes","floor":11.0},{"not_picked":["Flying Knee","Dodge and Roll","PiercingWail"],"picked":"SKIP","floor":12.0},{"not_picked":["Acrobatics","Sucker Punch","Dagger Spray"],"picked":"SKIP","floor":14.0},{"not_picked":["Wraith Form v2","Doppelganger"],"picked":"Envenom","floor":16},{"not_picked":["Finisher","Slice","Dagger Throw"],"picked":"SKIP","floor":18},{"not_picked":["Dodge and Roll","Blade Dance"],"picked":"PiercingWail","floor":19},{"not_picked":["Deflect","Venomology"],"picked":"Well Laid Plans","floor":22},{"not_picked":["Tactician+1","Flying Knee","Dagger Spray"],"picked":"SKIP","floor":23},{"not_picked":["Cloak And Dagger","Flying Knee+1","Dagger Throw"],"picked":"SKIP","floor":27}],"player_experience":2137112,"relics_obtained":[{"floor":7.0,"key":"Orichalcum"},{"floor":9.0,"key":"Whetstone"},{"floor":10.0,"key":"Gremlin Horn"},{"floor":23,"key":"CeramicFish"},{"floor":25,"key":"Nilry\u0027s Codex"},{"floor":26,"key":"Meat on the Bone"},{"floor":27,"key":"Pen Nib"}],"event_choices":[{"damage_healed":0,"gold_gain":0,"player_choice":"Ignored","damage_taken":0,"max_hp_gain":0,"max_hp_loss":0,"event_name":"The Mausoleum","floor":20,"gold_loss":0},{"damage_healed":0,"gold_gain":0,"player_choice":"Obtained Book","damage_taken":21,"max_hp_gain":0,"max_hp_loss":0,"event_name":"Cursed Tome","floor":25,"gold_loss":0},{"damage_healed":0,"gold_gain":0,"player_choice":"Obtained Relic","damage_taken":0,"relics_obtained":["Blood Vial"],"max_hp_gain":0,"max_hp_loss":0,"event_name":"Addict","floor":29,"gold_loss":85}],"is_beta":true,"boss_relics":[{"not_picked":["Runic Dome","Coffee Dripper"],"picked":"Astrolabe"}],"items_purged_floors":[5],"is_endless":false,"potions_floor_spawned":[2,3,12,14,19,22],"killed_by":"Automaton","ascension_level":20}