{"gold_per_floor":[214,225,12,22,22,22,51,63,87,122,145,145,177,190,190,264,264,184,184,199,199],"floor_reached":21,"playtime":2469,"items_purged":[],"score":419,"play_id":"b34267f6-96b7-4521-b4d0-336e34bc5ece","local_time":"20200205234154","is_ascension_mode":true,"campfire_choices":[{"data":"Riddle With Holes","floor":6,"key":"SMITH"},{"floor":12,"key":"REST"},{"data":"Bouncing Flask","floor":15,"key":"SMITH"}],"neow_cost":"NONE","seed_source_timestamp":1886631331119700,"circlet_count":0,"master_deck":["AscendersBane","Defend_G","Defend_G","Defend_G","Defend_G","Defend_G","Survivor","Neutralize","Quick Slash","Poisoned Stab","PiercingWail","Riddle With Holes+1","Deadly Poison","Bouncing Flask+1","PiercingWail","Dagger Spray","Dash","Bite","Bite","Bite","Bite","Bite"],"special_seed":0,"relics":["Ring of the Snake","Regal Pillow","Potion Belt","Dream Catcher","PreservedInsect","Nunchaku","Gremlin Horn","Black Star"],"potions_floor_usage":[7,7,10,13,16,16],"damage_taken":[{"damage":6.0,"enemies":"Cultist","floor":1.0,"turns":5.0},{"damage":0.0,"enemies":"Small Slimes","floor":2.0,"turns":6.0},{"damage":0.0,"enemies":"Jaw Worm","floor":4.0,"turns":3.0},{"damage":14,"enemies":"3 Sentries","floor":7,"turns":9},{"damage":0,"enemies":"2 Fungi Beasts","floor":8,"turns":4},{"damage":37,"enemies":"Lagavulin","floor":10,"turns":8},{"damage":24,"enemies":"3 Sentries","floor":13,"turns":9},{"damage":1,"enemies":"Looter","floor":14,"turns":3},{"damage":10,"enemies":"Hexaghost","floor":16,"turns":9},{"damage":23,"enemies":"2 Thieves","floor":18,"turns":4},{"damage":27,"enemies":"3 Byrds","floor":20,"turns":8},{"damage":24,"enemies":"Snecko","floor":21,"turns":3}],"seed_played":"-164351376458632834","potions_obtained":[{"floor":4,"key":"Block Potion"},{"floor":8,"key":"Swift Potion"},{"floor":10,"key":"Swift Potion"},{"floor":13,"key":"AttackPotion"},{"floor":14,"key":"Regen Potion"}],"is_trial":false,"path_per_floor":["M","M","$","M","?","R","E","M","T","E","T","R","E","M","R","B",null,"M","?","M","M"],"character_chosen":"THE_SILENT","items_purchased":["Regal Pillow","Fire Potion"],"campfire_rested":1,"item_purchase_floors":[3,3],"current_hp_per_floor":[53,53,53,53,53,53,39,39,39,2,2,36,12,11,11,10,52,29,29,12,0],"gold":199,"neow_bonus":"HUNDRED_GOLD","is_prod":false,"is_daily":false,"chose_seed":false,"campfire_upgraded":2,"win_rate":0,"timestamp":1580946114,"path_taken":["M","?","$","?","?","R","E","?","T","E","?","R","E","M","R","BOSS","M","?","M","M"],"build_version":"2020-01-27","purchased_purges":0,"victory":false,"max_hp_per_floor":[66,66,66,66,66,66,66,66,66,66,66,66,66,66,66,66,66,66,46,46,46],"card_choices":[{"not_picked":["Backflip","Acrobatics"],"picked":"Quick Slash","floor":1.0},{"not_picked":["Blur","Masterful Stab"],"picked":"Poisoned Stab","floor":2.0},{"not_picked":["Outmaneuver","Sucker Punch"],"picked":"PiercingWail","floor":4},{"not_picked":["Infinite Blades","Underhanded Strike","Backflip"],"picked":"SKIP","floor":7},{"not_picked":["Acrobatics","Bullet Time"],"picked":"Deadly Poison","floor":8},{"not_picked":["Leg Sweep","Flying Knee"],"picked":"Bouncing Flask","floor":10},{"not_picked":["Cloak And Dagger","Terror"],"picked":"PiercingWail","floor":12},{"not_picked":["Choke","Quick Slash"],"picked":"Dagger Spray","floor":13},{"not_picked":["Deadly Poison","Bane"],"picked":"Dash","floor":14},{"not_picked":["Concentrate","Prepared","Heel Hook"],"picked":"SKIP","floor":18},{"not_picked":["Concentrate","Finisher","Underhanded Strike"],"picked":"SKIP","floor":20}],"player_experience":2179196,"relics_obtained":[{"floor":7,"key":"Potion Belt"},{"floor":9,"key":"Dream Catcher"},{"floor":10,"key":"PreservedInsect"},{"floor":11,"key":"Nunchaku"},{"floor":13,"key":"Gremlin Horn"}],"event_choices":[{"damage_healed":0,"gold_gain":0,"cards_transformed":["Strike_G"],"player_choice":"Transformed","damage_taken":0,"max_hp_gain":0,"max_hp_loss":0,"event_name":"Transmorgrifier","floor":5,"gold_loss":0,"cards_obtained":["Riddle With Holes"]},{"damage_healed":0,"gold_gain":0,"player_choice":"Became a vampire","damage_taken":0,"max_hp_gain":0,"max_hp_loss":20,"event_name":"Vampires","floor":19,"gold_loss":0,"cards_obtained":["Bite","Bite","Bite","Bite","Bite"]}],"is_beta":true,"boss_relics":[{"not_picked":["SacredBark","Tiny House"],"picked":"Black Star"}],"items_purged_floors":[],"is_endless":false,"potions_floor_spawned":[4,8,10,13,14],"killed_by":"Snecko","ascension_level":20}