{"gold_per_floor":[212,222,233,233,250,250,281,301,355,355,374,374,374,385,385,463,463,477,496,496,509,528,528,528,556,556,556,556],"floor_reached":28,"playtime":1889,"items_purged":[],"score":484,"play_id":"e0032e75-c3dc-433c-ac86-41c4324c98f5","local_time":"20200203205944","is_ascension_mode":true,"campfire_choices":[{"data":"Predator","floor":6,"key":"SMITH"},{"floor":10,"key":"REST"},{"data":"Dagger Spray","floor":13,"key":"SMITH"},{"data":"Neutralize","floor":15,"key":"SMITH"},{"floor":23,"key":"REST"},{"floor":27,"key":"REST"}],"neow_cost":"NONE","seed_source_timestamp":1704829063707500,"circlet_count":0,"master_deck":["AscendersBane","Strike_G","Strike_G","Strike_G","Strike_G","Strike_G","Defend_G","Defend_G","Defend_G","Defend_G","Defend_G","Survivor","Neutralize+1","Poisoned Stab","Well Laid Plans","Predator+1","PiercingWail","Caltrops+1","Dagger Spray+1","Envenom","PiercingWail","Dagger Spray+1","Noxious Fumes","Wraith Form v2"],"relics":["Ring of the Snake","Regal Pillow","Darkstone Periapt","Tiny Chest","Velvet Choker","Juzu Bracelet"],"potions_floor_usage":[19,21,25,25],"damage_taken":[{"damage":4,"enemies":"Small Slimes","floor":1,"turns":4},{"damage":3,"enemies":"Cultist","floor":2,"turns":5},{"damage":1,"enemies":"2 Louse","floor":3,"turns":3},{"damage":12,"enemies":"Red Slaver","floor":5,"turns":5},{"damage":29,"enemies":"3 Sentries","floor":7,"turns":11},{"damage":3,"enemies":"2 Fungi Beasts","floor":8,"turns":4},{"damage":10,"enemies":"Exordium Thugs","floor":11,"turns":5},{"damage":3,"enemies":"Looter","floor":14,"turns":3},{"damage":18,"enemies":"The Guardian","floor":16,"turns":13},{"damage":6,"enemies":"3 Byrds","floor":18,"turns":4},{"damage":3,"enemies":"Chosen","floor":19,"turns":5},{"damage":19,"enemies":"Centurion and Healer","floor":21,"turns":9},{"damage":20,"enemies":"Snake Plant","floor":22,"turns":5},{"damage":37,"enemies":"Book of Stabbing","floor":25,"turns":5},{"damage":46,"enemies":"Shelled Parasite and Fungi","floor":28,"turns":5}],"seed_played":"-5685837838268515710","potions_obtained":[{"floor":2,"key":"LiquidBronze"},{"floor":5,"key":"Ancient Potion"},{"floor":7,"key":"DistilledChaos"},{"floor":19,"key":"Strength Potion"},{"floor":22,"key":"Swift Potion"}],"is_trial":false,"path_per_floor":["M","M","M","?","M","R","E","M","T","R","M","?","R","M","R","B",null,"M","M","?","M","M","R","?","E","T","R","M"],"character_chosen":"THE_SILENT","items_purchased":[],"campfire_rested":3,"item_purchase_floors":[],"current_hp_per_floor":[55,52,51,51,39,39,10,7,7,41,31,31,31,28,28,10,52,46,43,43,24,4,38,38,1,1,35,0],"gold":556,"neow_bonus":"HUNDRED_GOLD","is_prod":false,"is_daily":false,"chose_seed":false,"campfire_upgraded":3,"win_rate":0,"timestamp":1580763584,"path_taken":["M","M","M","?","M","R","E","?","T","R","M","?","R","M","R","BOSS","M","M","?","M","M","R","?","E","T","R","M"],"build_version":"2020-01-27","purchased_purges":0,"victory":false,"max_hp_per_floor":[66,66,66,66,66,66,66,66,66,66,66,66,66,66,66,66,66,66,66,66,66,66,66,66,66,66,66,66],"card_choices":[{"not_picked":["Acrobatics","Prepared","Eviscerate"],"picked":"SKIP","floor":1},{"not_picked":["Dodge and Roll","Bane"],"picked":"Poisoned Stab","floor":2},{"not_picked":["Escape Plan","Finisher"],"picked":"Well Laid Plans","floor":3},{"not_picked":["Sucker Punch","Tools of the Trade"],"picked":"Predator","floor":5},{"not_picked":["Blade Dance","Flechettes"],"picked":"PiercingWail","floor":7},{"not_picked":["Well Laid Plans","Backflip"],"picked":"Caltrops","floor":8},{"not_picked":["Masterful Stab","Poisoned Stab"],"picked":"Dagger Spray","floor":11},{"not_picked":["Bane","Cloak And Dagger","Catalyst"],"picked":"SKIP","floor":14},{"not_picked":["Night Terror","Tools of the Trade"],"picked":"Envenom","floor":16},{"not_picked":["Bane","Sucker Punch"],"picked":"PiercingWail","floor":18},{"not_picked":["Blade Dance+1","Deflect"],"picked":"Dagger Spray+1","floor":19},{"not_picked":["Dagger Spray","Cloak And Dagger"],"picked":"Noxious Fumes","floor":21},{"not_picked":["Dagger Throw","Cloak And Dagger","Dagger Spray"],"picked":"SKIP","floor":22},{"not_picked":["Endless Agony","Underhanded Strike+1"],"picked":"Wraith Form v2","floor":25}],"player_experience":2154558,"relics_obtained":[{"floor":7,"key":"Darkstone Periapt"},{"floor":9,"key":"Tiny Chest"},{"floor":25,"key":"Juzu Bracelet"}],"event_choices":[{"damage_healed":0,"gold_gain":0,"player_choice":"Gave Potion","damage_taken":0,"relics_obtained":["Regal Pillow"],"max_hp_gain":0,"max_hp_loss":0,"event_name":"WeMeetAgain","floor":4,"gold_loss":0},{"damage_healed":0,"gold_gain":0,"player_choice":"Forge","damage_taken":0,"max_hp_gain":0,"max_hp_loss":0,"event_name":"Accursed Blacksmith","floor":12,"gold_loss":0,"cards_upgraded":["Caltrops"]},{"damage_healed":0,"gold_gain":0,"player_choice":"Leave","damage_taken":0,"max_hp_gain":0,"max_hp_loss":0,"event_name":"FaceTrader","floor":24,"gold_loss":0}],"is_beta":true,"boss_relics":[{"not_picked":["HoveringKite","Black Star"],"picked":"Velvet Choker"}],"items_purged_floors":[],"is_endless":false,"potions_floor_spawned":[2,5,7,18,19,22],"killed_by":"Shelled Parasite and Fungi","ascension_level":20}