{"gold_per_floor":[111,26,26,26,46,46,81,81,81,81,0,20,20,64,64,157,157,180,180,9,33,57,90,90,110,160,160,184,109,159,200,200,200],"floor_reached":33,"playtime":2071,"items_purged":["Strike_G"],"score":632,"play_id":"ec17e333-cd23-4747-a93d-675cc00750e0","local_time":"20200202143207","is_ascension_mode":true,"campfire_choices":[{"data":"Predator","floor":6.0,"key":"SMITH"},{"data":"Crippling Poison","floor":8.0,"key":"SMITH"},{"floor":10.0,"key":"REST"},{"data":"Poisoned Stab","floor":15.0,"key":"SMITH"},{"data":"Survivor","floor":24,"key":"SMITH"},{"floor":27,"key":"REST"},{"data":"Eviscerate","floor":32,"key":"SMITH"}],"neow_cost":"NONE","seed_source_timestamp":1594819801967200,"circlet_count":0,"master_deck":["AscendersBane","Strike_G","Strike_G+1","Strike_G+1","Strike_G","Defend_G","Defend_G","Defend_G","Defend_G","Defend_G","Survivor+1","Neutralize+1","Predator+1","Crippling Poison+1","Poisoned Stab+1","Well Laid Plans","Adrenaline+1","PiercingWail+1","Eviscerate+1","Calculated Gamble"],"special_seed":0,"relics":["Ring of the Snake","Bronze Scales","HornCleat","Golden Idol","Lantern","Snecko Eye","Regal Pillow","Question Card","Centennial Puzzle","Matryoshka"],"potions_floor_usage":[23,33,33],"damage_taken":[{"damage":8.0,"enemies":"Jaw Worm","floor":1.0,"turns":7.0},{"damage":0.0,"enemies":"2 Louse","floor":5.0,"turns":2.0},{"damage":22.0,"enemies":"Lagavulin","floor":7.0,"turns":6.0},{"damage":0.0,"enemies":"Cultist","floor":12.0,"turns":3.0},{"damage":10.0,"enemies":"3 Sentries","floor":14.0,"turns":9.0},{"damage":11.0,"enemies":"Hexaghost","floor":16.0,"turns":8.0},{"damage":0,"enemies":"Spheric Guardian","floor":18,"turns":3},{"damage":6,"enemies":"2 Thieves","floor":21,"turns":3},{"damage":0,"enemies":"Snake Plant","floor":22,"turns":3},{"damage":23,"enemies":"Book of Stabbing","floor":23,"turns":5},{"damage":1,"enemies":"3 Cultists","floor":25,"turns":4},{"damage":6,"enemies":"Centurion and Healer","floor":28,"turns":3},{"damage":0,"enemies":"Gremlin Leader","floor":31,"turns":6},{"damage":55,"enemies":"Automaton","floor":33,"turns":10}],"seed_played":"8936495775324062352","potions_obtained":[{"floor":1.0,"key":"CunningPotion"},{"floor":7.0,"key":"EssenceOfSteel"},{"floor":21,"key":"Block Potion"},{"floor":23,"key":"FearPotion"},{"floor":28,"key":"Weak Potion"},{"floor":31,"key":"SpeedPotion"}],"is_trial":false,"path_per_floor":["M","$","?","?","M","R","E","R","T","R","$","M","?","E","R","B",null,"M","?","$","M","M","E","R","M","T","R","M","$","?","E","R","B"],"character_chosen":"THE_SILENT","items_purchased":["Crippling Poison","Well Laid Plans","Regal Pillow"],"campfire_rested":2,"item_purchase_floors":[2,11,20],"current_hp_per_floor":[51,51,51,31,31,31,9,9,9,28,28,28,28,18,18,7,47,47,47,47,41,41,18,18,17,17,50,44,44,44,44,44,0],"gold":200,"neow_bonus":"UPGRADE_CARD","is_prod":false,"is_daily":false,"chose_seed":false,"campfire_upgraded":5,"win_rate":0,"timestamp":1580653927,"path_taken":["M","$","?","?","M","R","E","R","T","R","$","M","?","E","R","BOSS","M","?","$","M","M","E","R","M","T","R","M","?","?","E","R","BOSS"],"build_version":"2020-01-27","purchased_purges":1,"victory":false,"max_hp_per_floor":[66,66,66,66,66,66,66,66,66,66,66,66,60,60,60,60,60,60,60,60,60,60,60,60,60,60,60,60,60,60,60,60,60],"card_choices":[{"not_picked":["Backflip","Dagger Throw"],"picked":"Predator","floor":1.0},{"not_picked":["Deadly Poison","Dodge and Roll"],"picked":"Poisoned Stab","floor":5.0},{"not_picked":["Quick Slash","Blur","Flying Knee"],"picked":"SKIP","floor":7.0},{"not_picked":["Underhanded Strike","Outmaneuver","Well Laid Plans"],"picked":"SKIP","floor":12.0},{"not_picked":["Doppelganger","Flechettes","Underhanded Strike"],"picked":"SKIP","floor":14.0},{"not_picked":["Bullet Time","Envenom"],"picked":"Adrenaline","floor":16.0},{"not_picked":["Sucker Punch","Prepared","Well Laid Plans"],"picked":"SKIP","floor":18},{"not_picked":["Eviscerate","Dagger Throw","Setup"],"picked":"SKIP","floor":21},{"not_picked":["Bouncing Flask","Poisoned Stab"],"picked":"PiercingWail+1","floor":22},{"not_picked":["Reflex","Accuracy","Sucker Punch+1"],"picked":"SKIP","floor":23},{"not_picked":["Slice","Deadly Poison","Setup"],"picked":"Eviscerate","floor":25},{"not_picked":["Grand Finale","Flying Knee","Reflex"],"picked":"Calculated Gamble","floor":28},{"not_picked":["Accuracy","Dagger Throw","Outmaneuver","Cloak And Dagger"],"picked":"SKIP","floor":31}],"player_experience":2144675,"relics_obtained":[{"floor":7.0,"key":"Bronze Scales"},{"floor":9.0,"key":"HornCleat"},{"floor":14.0,"key":"Lantern"},{"floor":23,"key":"Question Card"},{"floor":26,"key":"Centennial Puzzle"},{"floor":31,"key":"Matryoshka"}],"event_choices":[{"damage_healed":0.0,"max_hp_gain":0.0,"max_hp_loss":0.0,"gold_gain":0.0,"event_name":"Liars Game","player_choice":"Ignored","floor":3.0,"gold_loss":0.0,"damage_taken":0.0},{"damage_healed":0.0,"max_hp_gain":0.0,"max_hp_loss":0.0,"gold_gain":0.0,"event_name":"Shining Light","player_choice":"Entered Light","floor":4.0,"gold_loss":0.0,"damage_taken":20.0,"cards_upgraded":["Strike_G","Strike_G"]},{"damage_healed":0.0,"max_hp_gain":0.0,"max_hp_loss":6.0,"gold_gain":0.0,"event_name":"Golden Idol","player_choice":"Lose Max HP","floor":13.0,"gold_loss":0.0,"damage_taken":0.0,"relics_obtained":["Golden Idol"]},{"damage_healed":0,"gold_gain":0,"player_choice":"Upgraded","damage_taken":0,"max_hp_gain":0,"max_hp_loss":0,"event_name":"Upgrade Shrine","floor":19,"gold_loss":0,"cards_upgraded":["Adrenaline"]},{"damage_healed":0,"gold_gain":50,"player_choice":"Stole From Cult","damage_taken":0,"max_hp_gain":0,"max_hp_loss":0,"event_name":"Nest","floor":30,"gold_loss":0}],"is_beta":true,"boss_relics":[{"not_picked":["Ring of the Serpent","Runic Dome"],"picked":"Snecko Eye"}],"items_purged_floors":[29],"is_endless":false,"potions_floor_spawned":[1,7,21,23,28,31],"killed_by":"Automaton","ascension_level":20}