{"gold_per_floor":[110,110,110,110,128,155,155,188,213,48,59,59,78,104,104,104],"floor_reached":16,"playtime":613,"items_purged":[],"score":336,"play_id":"cd2442b4-1388-44a0-92f9-5f59725d18af","local_time":"20200203214353","is_ascension_mode":true,"campfire_choices":[{"data":"Skewer","floor":12,"key":"SMITH"},{"data":"Corpse Explosion","floor":15,"key":"SMITH"}],"neow_cost":"NONE","seed_source_timestamp":1708692276456400,"circlet_count":0,"master_deck":["AscendersBane","Strike_G","Strike_G","Strike_G","Strike_G","Defend_G","Defend_G","Defend_G","Defend_G","Defend_G","Survivor","Neutralize","Footwork","Skewer+1","Dagger Spray","Corpse Explosion+1","Deflect","Crippling Poison","Blur"],"special_seed":0,"relics":["Ring of the Snake","NeowsBlessing","MealTicket","FossilizedHelix","Centennial Puzzle","Oddly Smooth Stone","Potion Belt"],"potions_floor_usage":[8],"damage_taken":[{"damage":0.0,"enemies":"Jaw Worm","floor":1.0,"turns":1.0},{"damage":0.0,"enemies":"Small Slimes","floor":5.0,"turns":1.0},{"damage":0.0,"enemies":"3 Sentries","floor":6.0,"turns":2.0},{"damage":0,"enemies":"Lagavulin","floor":8,"turns":7},{"damage":0,"enemies":"2 Louse","floor":11,"turns":4},{"damage":0,"enemies":"Lots of Slimes","floor":13,"turns":1},{"damage":14,"enemies":"3 Sentries","floor":14,"turns":5},{"damage":27,"enemies":"Hexaghost","floor":16,"turns":9}],"seed_played":"-6284238576504958555","potions_obtained":[{"floor":1.0,"key":"ColorlessPotion"}],"is_trial":false,"path_per_floor":["M","$","?","?","M","E","?","E","T","$","M","R","M","E","R","B"],"character_chosen":"THE_SILENT","items_purchased":["Oddly Smooth Stone"],"campfire_rested":0,"item_purchase_floors":[10],"current_hp_per_floor":[59,59,52,52,52,52,26,26,26,41,41,41,41,27,27,0],"gold":104,"neow_bonus":"THREE_ENEMY_KILL","is_prod":false,"is_daily":false,"chose_seed":false,"campfire_upgraded":2,"win_rate":0,"timestamp":1580766233,"path_taken":["M","$","?","?","M","E","?","E","T","$","M","R","M","E","R","BOSS"],"build_version":"2020-01-27","purchased_purges":0,"victory":false,"max_hp_per_floor":[66,66,66,66,66,66,66,66,66,66,66,66,66,66,66,66],"card_choices":[{"not_picked":["Distraction","PiercingWail"],"picked":"Footwork","floor":1.0},{"not_picked":["Flechettes","Calculated Gamble"],"picked":"Skewer","floor":5.0},{"not_picked":["Setup","Blade Dance"],"picked":"Dagger Spray","floor":6.0},{"not_picked":["Caltrops","Prepared"],"picked":"Corpse Explosion","floor":8},{"not_picked":["Flying Knee","Choke"],"picked":"Deflect","floor":11},{"not_picked":["Footwork","Dagger Throw"],"picked":"Crippling Poison","floor":13},{"not_picked":["Masterful Stab","Prepared"],"picked":"Blur","floor":14}],"player_experience":2156965,"relics_obtained":[{"floor":6.0,"key":"MealTicket"},{"floor":8,"key":"Centennial Puzzle"},{"floor":14,"key":"Potion Belt"}],"event_choices":[{"cards_removed":["Strike_G"],"damage_healed":0.0,"max_hp_gain":0.0,"max_hp_loss":0.0,"gold_gain":0.0,"event_name":"Golden Wing","player_choice":"Card Removal","floor":3.0,"gold_loss":0.0,"damage_taken":7.0},{"damage_healed":0.0,"max_hp_gain":0.0,"max_hp_loss":0.0,"gold_gain":0.0,"event_name":"The Cleric","player_choice":"Leave","floor":4.0,"gold_loss":0.0,"damage_taken":0.0},{"damage_healed":0.0,"max_hp_gain":0.0,"max_hp_loss":0.0,"gold_gain":0.0,"event_name":"Scrap Ooze","player_choice":"Success","floor":7.0,"gold_loss":0.0,"damage_taken":26.0,"relics_obtained":["FossilizedHelix"]}],"is_beta":true,"boss_relics":[],"items_purged_floors":[],"is_endless":false,"potions_floor_spawned":[1],"killed_by":"Hexaghost","ascension_level":20}