{"gold_per_floor":[115,127,127,137,137,169,180,213,213,213,242,267,0,12,12,86,86,86,10,10,10,0,0,0,0,0,0,0,0,0,0,0,0],"floor_reached":33,"playtime":1988,"items_purged":[],"score":696,"play_id":"8aa3ca89-e4f9-4456-baa7-815922fdca20","local_time":"20200202091850","is_ascension_mode":true,"campfire_choices":[{"data":"Noxious Fumes","floor":10.0,"key":"SMITH"},{"data":"Crippling Poison","floor":15,"key":"SMITH"},{"floor":23,"key":"REST"},{"floor":25,"key":"REST"},{"floor":32,"key":"REST"}],"neow_cost":"NONE","seed_source_timestamp":1576244572507300,"circlet_count":0,"master_deck":["AscendersBane","Strike_G","Strike_G","Strike_G","Strike_G","Strike_G","Defend_G","Defend_G","Defend_G","Defend_G","Defend_G","Survivor","Neutralize","Footwork","Dagger Throw+1","Crippling Poison+1","Noxious Fumes+1","Dagger Spray","Corpse Explosion","Dodge and Roll","Dodge and Roll+1","PiercingWail+1","Poisoned Stab","Blur+1","Burst+1","Catalyst+1","Leg Sweep+1","Deadly Poison+1","PiercingWail+1","PiercingWail+1"],"special_seed":0,"relics":["Ring of the Snake","NeowsBlessing","Boot","Blue Candle","Question Card","Odd Mushroom","Toxic Egg 2","OrangePellets","Ectoplasm","Singing Bowl","MealTicket","InkBottle","Ice Cream"],"potions_floor_usage":[22,24,31,33],"damage_taken":[{"damage":0.0,"enemies":"Jaw Worm","floor":1.0,"turns":1.0},{"damage":0.0,"enemies":"2 Louse","floor":2.0,"turns":1.0},{"damage":0.0,"enemies":"Cultist","floor":4.0,"turns":1.0},{"damage":9.0,"enemies":"3 Sentries","floor":6.0,"turns":10.0},{"damage":6.0,"enemies":"3 Louse","floor":7.0,"turns":5.0},{"damage":8.0,"enemies":"Lagavulin","floor":8.0,"turns":5.0},{"damage":6.0,"enemies":"The Mushroom Lair","floor":11.0,"turns":2.0},{"damage":20.0,"enemies":"Gremlin Nob","floor":12.0,"turns":4.0},{"damage":0,"enemies":"2 Fungi Beasts","floor":14,"turns":2},{"damage":15,"enemies":"The Guardian","floor":16,"turns":12},{"damage":22,"enemies":"Chosen","floor":18,"turns":6},{"damage":0,"enemies":"2 Thieves","floor":22,"turns":2},{"damage":4,"enemies":"Book of Stabbing","floor":24,"turns":5},{"damage":34,"enemies":"Slavers","floor":27,"turns":4},{"damage":0,"enemies":"Snecko","floor":28,"turns":4},{"damage":8,"enemies":"Snake Plant","floor":29,"turns":4},{"damage":9,"enemies":"Gremlin Leader","floor":31,"turns":6},{"damage":44,"enemies":"Automaton","floor":33,"turns":12}],"seed_played":"6575327520477537367","potions_obtained":[{"floor":4.0,"key":"CultistPotion"},{"floor":7.0,"key":"AttackPotion"},{"floor":8.0,"key":"LiquidMemories"},{"floor":11.0,"key":"DuplicationPotion"},{"floor":14,"key":"LiquidBronze"},{"floor":18,"key":"Energy Potion"},{"floor":27,"key":"SkillPotion"},{"floor":28,"key":"Energy Potion"}],"is_trial":false,"path_per_floor":["M","M","?","M","?","E","M","E","T","R","?","E","$","M","R","B",null,"M","$","?","?","M","R","E","R","T","E","M","M","$","E","R","B"],"character_chosen":"THE_SILENT","items_purchased":["OrangePellets","PiercingWail+1","Poisoned Stab","Leg Sweep+1"],"campfire_rested":3,"item_purchase_floors":[13,13,13,19],"current_hp_per_floor":[59,59,59,59,66,57,51,43,43,43,37,17,17,17,17,2,50,28,28,28,10,10,31,27,48,48,16,16,10,25,18,41,0],"gold":0,"neow_bonus":"THREE_ENEMY_KILL","is_prod":false,"is_daily":false,"chose_seed":false,"campfire_upgraded":2,"win_rate":0,"timestamp":1580635130,"path_taken":["M","M","?","M","?","E","?","E","T","R","?","E","$","M","R","BOSS","M","$","?","?","M","R","E","R","T","E","M","M","?","E","R","BOSS"],"build_version":"2020-01-27","purchased_purges":0,"victory":false,"max_hp_per_floor":[66,66,66,66,66,66,66,66,66,66,66,66,66,66,66,66,66,66,66,66,71,71,71,71,71,71,73,73,75,75,77,77,77],"card_choices":[{"not_picked":["Deflect","Infinite Blades"],"picked":"Footwork","floor":1.0},{"not_picked":["Dodge and Roll","Bane"],"picked":"Dagger Throw","floor":2.0},{"not_picked":["Underhanded Strike","Flying Knee"],"picked":"Crippling Poison","floor":4.0},{"not_picked":["Endless Agony","Acrobatics"],"picked":"Noxious Fumes","floor":6.0},{"not_picked":["PiercingWail","Bane"],"picked":"Dagger Spray","floor":7.0},{"not_picked":["Flying Knee","Bane"],"picked":"Corpse Explosion","floor":8.0},{"not_picked":["Escape Plan","Endless Agony","Prepared"],"picked":"Dodge and Roll","floor":11.0},{"not_picked":["Backflip+1","Sucker Punch","Deflect+1"],"picked":"Dodge and Roll+1","floor":12.0},{"not_picked":["Poisoned Stab","Dodge and Roll+1","Deflect+1"],"picked":"Blur+1","floor":14},{"not_picked":["Unload","Phantasmal Killer+1","Doppelganger+1"],"picked":"Burst+1","floor":16},{"not_picked":["Bouncing Flask+1","Outmaneuver+1","Deflect+1"],"picked":"Catalyst+1","floor":18},{"not_picked":["Accuracy","Caltrops","Prepared+1"],"picked":"Deadly Poison+1","floor":22},{"not_picked":["All Out Attack","Dodge and Roll+1","Calculated Gamble+1"],"picked":"PiercingWail+1","floor":24},{"not_picked":["A Thousand Cuts","Outmaneuver+1","Skewer","Choke"],"picked":"Singing Bowl","floor":27},{"not_picked":["Dagger Throw","Bane","Slice"],"picked":"PiercingWail+1","floor":28},{"not_picked":["Blade Dance+1","Deadly Poison+1","Flechettes","Masterful Stab"],"picked":"Singing Bowl","floor":29},{"not_picked":["All Out Attack","Poisoned Stab","Flying Knee","Sucker Punch"],"picked":"Singing Bowl","floor":31}],"player_experience":2139351,"relics_obtained":[{"floor":6.0,"key":"Boot"},{"floor":8.0,"key":"Blue Candle"},{"floor":9.0,"key":"Question Card"},{"floor":11.0,"key":"Odd Mushroom"},{"floor":12.0,"key":"Toxic Egg 2"},{"floor":24,"key":"Singing Bowl"},{"floor":26,"key":"MealTicket"},{"floor":27,"key":"InkBottle"},{"floor":31,"key":"Ice Cream"}],"event_choices":[{"damage_healed":0.0,"max_hp_gain":0.0,"max_hp_loss":0.0,"gold_gain":0.0,"event_name":"Living Wall","player_choice":"Grow","floor":3.0,"gold_loss":0.0,"damage_taken":0.0,"cards_upgraded":["Dagger Throw"]},{"damage_healed":7.0,"max_hp_gain":0.0,"max_hp_loss":0.0,"gold_gain":0.0,"event_name":"Wheel of Change","player_choice":"Full Heal","floor":5.0,"gold_loss":0.0,"damage_taken":0.0},{"damage_healed":0.0,"max_hp_gain":0.0,"max_hp_loss":0.0,"gold_gain":0.0,"event_name":"Mushrooms","player_choice":"Fought Mushrooms","floor":11.0,"gold_loss":0.0,"damage_taken":0.0},{"damage_healed":0,"gold_gain":0,"player_choice":"Shed Blood","damage_taken":23,"max_hp_gain":5,"max_hp_loss":0,"event_name":"Forgotten Altar","floor":21,"gold_loss":0}],"is_beta":true,"boss_relics":[{"not_picked":["Sozu","Velvet Choker"],"picked":"Ectoplasm"}],"items_purged_floors":[],"is_endless":false,"potions_floor_spawned":[4,7,8,11,14,18,27,28],"killed_by":"Automaton","ascension_level":20}