{"gold_per_floor":[118,168,179,192,207,207,235,289,289,289,439,147,186,206,206,292,292,318,338,9,37,56,56],"floor_reached":23,"playtime":1252,"items_purged":["Doubt"],"score":406,"play_id":"ae93a573-e5f0-46f9-9c1f-02613af284e4","local_time":"20200202102249","is_ascension_mode":true,"campfire_choices":[{"data":"Dagger Spray","floor":6.0,"key":"SMITH"},{"data":"All Out Attack","floor":10.0,"key":"SMITH"},{"data":"Glass Knife","floor":15.0,"key":"SMITH"}],"neow_cost":"NONE","seed_source_timestamp":1580648019160700,"circlet_count":0,"master_deck":["AscendersBane","Strike_G","Strike_G","Strike_G","Strike_G","Strike_G","Defend_G","Defend_G","Defend_G","Defend_G","Defend_G","Survivor","Neutralize","Choke","Dagger Spray+1","All Out Attack+1","Glass Knife+1","Footwork","Well Laid Plans","Dagger Spray","Die Die Die","PiercingWail+1","PiercingWail+1"],"special_seed":0,"relics":["Ring of the Snake","Mercury Hourglass","Anchor","TungstenRod","CeramicFish","SlaversCollar","TwistedFunnel","Lantern"],"potions_floor_usage":[23,23],"damage_taken":[{"damage":1.0,"enemies":"Small Slimes","floor":1.0,"turns":5.0},{"damage":4.0,"enemies":"Cultist","floor":3.0,"turns":4.0},{"damage":2.0,"enemies":"Jaw Worm","floor":4.0,"turns":4.0},{"damage":2.0,"enemies":"Lots of Slimes","floor":5.0,"turns":2.0},{"damage":5.0,"enemies":"3 Sentries","floor":7.0,"turns":4.0},{"damage":18.0,"enemies":"Lagavulin","floor":13.0,"turns":8.0},{"damage":0.0,"enemies":"Red Slaver","floor":14.0,"turns":3.0},{"damage":30.0,"enemies":"Slime Boss","floor":16.0,"turns":9.0},{"damage":10.0,"enemies":"Spheric Guardian","floor":18.0,"turns":3.0},{"damage":5.0,"enemies":"Chosen","floor":19.0,"turns":5.0},{"damage":7.0,"enemies":"Centurion and Healer","floor":21.0,"turns":7.0},{"damage":12,"enemies":"Cultist and Chosen","floor":22,"turns":4},{"damage":25,"enemies":"Book of Stabbing","floor":23,"turns":4}],"seed_played":"-8613468214601885797","potions_obtained":[{"floor":1.0,"key":"DistilledChaos"},{"floor":7.0,"key":"AttackPotion"},{"floor":14.0,"key":"FairyPotion"},{"floor":16.0,"key":"CultistPotion"},{"floor":21.0,"key":"Explosive Potion"},{"floor":22,"key":"SteroidPotion"}],"is_trial":false,"path_per_floor":["M","?","M","M","M","R","E","T","T","R","?","$","E","M","R","B",null,"M","M","$","M","M","E"],"character_chosen":"THE_SILENT","items_purchased":["Glass Knife","Footwork","TwistedFunnel","Lantern"],"campfire_rested":0,"item_purchase_floors":[12,12,20,20],"current_hp_per_floor":[58,58,54,52,50,50,45,45,45,45,45,45,27,27,27,19,54,44,39,39,32,20,0],"gold":56,"neow_bonus":"THREE_CARDS","is_prod":false,"is_daily":false,"chose_seed":false,"campfire_upgraded":3,"win_rate":0,"timestamp":1580638969,"path_taken":["M","?","?","M","M","R","E","?","T","R","?","$","E","M","R","BOSS","M","M","$","M","M","E"],"build_version":"2020-01-27","purchased_purges":1,"victory":false,"max_hp_per_floor":[66,66,66,66,66,66,66,66,66,66,66,66,66,66,66,66,66,66,66,66,66,66,66],"card_choices":[{"not_picked":["Calculated Gamble","Slice"],"picked":"Choke","floor":1.0},{"not_picked":["PiercingWail","Dagger Throw"],"picked":"Dagger Spray","floor":3.0},{"not_picked":["Slice","Cloak And Dagger"],"picked":"All Out Attack","floor":4.0},{"not_picked":["Sucker Punch","Reflex","Distraction"],"picked":"SKIP","floor":5.0},{"not_picked":["Setup","Cloak And Dagger","Calculated Gamble"],"picked":"SKIP","floor":7.0},{"not_picked":["Dagger Throw","Dash"],"picked":"Well Laid Plans","floor":13.0},{"not_picked":["Dodge and Roll","All Out Attack"],"picked":"Dagger Spray","floor":14.0},{"not_picked":["Phantasmal Killer","Bullet Time"],"picked":"Die Die Die","floor":16.0},{"not_picked":["Acrobatics","Backflip+1"],"picked":"PiercingWail+1","floor":18.0},{"not_picked":["Distraction","Slice","Dagger Throw"],"picked":"SKIP","floor":19.0},{"not_picked":["Flying Knee","Catalyst"],"picked":"PiercingWail+1","floor":21.0},{"not_picked":["Cloak And Dagger","Underhanded Strike","Bane"],"picked":"SKIP","floor":22}],"player_experience":2141339,"relics_obtained":[{"floor":7.0,"key":"Mercury Hourglass"},{"floor":8.0,"key":"Anchor"},{"floor":9.0,"key":"TungstenRod"},{"floor":13.0,"key":"CeramicFish"}],"event_choices":[{"damage_healed":0.0,"max_hp_gain":0.0,"max_hp_loss":0.0,"gold_gain":50.0,"event_name":"Golden Shrine","player_choice":"Pray","floor":2.0,"gold_loss":0.0,"damage_taken":0.0},{"damage_healed":0.0,"max_hp_gain":0.0,"max_hp_loss":0.0,"gold_gain":150.0,"event_name":"Liars Game","player_choice":"AGREE","floor":11.0,"gold_loss":0.0,"damage_taken":0.0,"cards_obtained":["Doubt"]}],"is_beta":true,"boss_relics":[{"not_picked":["Runic Pyramid","Velvet Choker"],"picked":"SlaversCollar"}],"items_purged_floors":[12],"is_endless":false,"potions_floor_spawned":[1,7,14,16,21,22],"killed_by":"Book of Stabbing","ascension_level":20}