{"gold_per_floor":[112,112,112,112,126,151,171,206,206,206,206,220,234,259,259,259],"floor_reached":16,"playtime":1389,"items_purged":[],"score":290,"play_id":"358fe17c-3f20-4b42-b979-6c13d1cf5aa2","local_time":"20200202233217","is_ascension_mode":true,"campfire_choices":[{"floor":11,"key":"REST"},{"data":"Footwork","floor":15,"key":"SMITH"}],"neow_cost":"NONE","seed_source_timestamp":1628080029019100,"circlet_count":0,"master_deck":["AscendersBane","Strike_G","Strike_G","Strike_G+1","Strike_G","Strike_G","Defend_G","Defend_G+1","Defend_G","Defend_G","Defend_G","Survivor","Neutralize","Dagger Throw+1","PiercingWail","Quick Slash","Footwork+1","Poisoned Stab","Backstab","Predator"],"relics":["Ring of the Snake","NeowsBlessing","NlothsMask","White Beast Statue","Prayer Wheel","Pear"],"potions_floor_usage":[8,8,12,14,14,16],"damage_taken":[{"damage":0,"enemies":"Small Slimes","floor":1,"turns":1},{"damage":0,"enemies":"Jaw Worm","floor":5,"turns":1},{"damage":0,"enemies":"Gremlin Nob","floor":6,"turns":1},{"damage":1,"enemies":"2 Louse","floor":7,"turns":5},{"damage":34,"enemies":"Lagavulin","floor":8,"turns":7},{"damage":8,"enemies":"Exordium Thugs","floor":12,"turns":4},{"damage":0,"enemies":"Exordium Wildlife","floor":13,"turns":3},{"damage":12,"enemies":"3 Sentries","floor":14,"turns":12},{"damage":15,"enemies":"The Guardian","floor":16,"turns":10}],"seed_played":"-2032304982177037162","potions_obtained":[{"floor":1,"key":"FearPotion"},{"floor":7,"key":"SkillPotion"},{"floor":8,"key":"SkillPotion"},{"floor":12,"key":"ColorlessPotion"},{"floor":13,"key":"EssenceOfSteel"},{"floor":14,"key":"SteroidPotion"}],"is_trial":false,"path_per_floor":["M","?","$","?","M","E","M","E","T","?","R","M","M","E","R","B"],"character_chosen":"THE_SILENT","items_purchased":[],"campfire_rested":1,"item_purchase_floors":[],"current_hp_per_floor":[59,39,39,39,39,39,38,4,4,4,23,15,15,13,13,0],"gold":259,"neow_bonus":"THREE_ENEMY_KILL","is_prod":false,"is_daily":false,"chose_seed":false,"campfire_upgraded":1,"win_rate":0,"timestamp":1580686337,"path_taken":["M","?","?","?","?","E","M","E","T","?","R","?","M","E","R","BOSS"],"build_version":"2020-01-27","purchased_purges":0,"victory":false,"max_hp_per_floor":[66,66,66,66,66,66,66,66,66,66,66,66,66,76,76,76],"card_choices":[{"not_picked":["Flechettes","Eviscerate"],"picked":"Dagger Throw","floor":1},{"not_picked":["Underhanded Strike","Distraction","Masterful Stab"],"picked":"SKIP","floor":5},{"not_picked":["Blade Dance","Deflect"],"picked":"PiercingWail","floor":6},{"not_picked":["Distraction","Acrobatics"],"picked":"Quick Slash","floor":7},{"not_picked":["Well Laid Plans","Wraith Form v2","Flechettes"],"picked":"SKIP","floor":8},{"not_picked":["Blur","Well Laid Plans"],"picked":"Footwork","floor":12},{"not_picked":["Prepared","Sucker Punch","Slice"],"picked":"SKIP","floor":12},{"not_picked":["Finisher","Endless Agony"],"picked":"Poisoned Stab","floor":13},{"not_picked":["Setup","Accuracy"],"picked":"Backstab","floor":13},{"not_picked":["Underhanded Strike","Sucker Punch"],"picked":"Predator","floor":14}],"player_experience":2149546,"relics_obtained":[{"floor":6,"key":"White Beast Statue"},{"floor":8,"key":"Prayer Wheel"},{"floor":14,"key":"Pear"}],"event_choices":[{"damage_healed":0,"gold_gain":0,"player_choice":"Entered Light","damage_taken":20,"max_hp_gain":0,"max_hp_loss":0,"event_name":"Shining Light","floor":2,"gold_loss":0,"cards_upgraded":["Strike_G","Defend_G"]},{"damage_healed":0,"gold_gain":0,"player_choice":"Trade","damage_taken":0,"relics_obtained":["NlothsMask"],"max_hp_gain":0,"max_hp_loss":0,"event_name":"FaceTrader","floor":4,"gold_loss":0},{"damage_healed":0,"gold_gain":0,"player_choice":"Forge","damage_taken":0,"max_hp_gain":0,"max_hp_loss":0,"event_name":"Accursed Blacksmith","floor":10,"gold_loss":0,"cards_upgraded":["Dagger Throw"]}],"is_beta":true,"boss_relics":[],"items_purged_floors":[],"is_endless":false,"potions_floor_spawned":[1,7,8,12,13,14],"killed_by":"The Guardian","ascension_level":20}