{"gold_per_floor":[109,184,201,219,199,199,233,233,233,249,249,21,50,0,0,73,73,89,99,118,11,27,27,60,60,86,86,86,86,104,134,134,211,211,230,242,242,259,11,11,40,40,40,69,69,80,109,120,120,120,120],"floor_reached":51,"playtime":4473,"items_purged":["Caltrops"],"score":1576,"play_id":"3e4e024d-b223-4c18-82b8-26ca19a83d62","local_time":"20200206005642","is_ascension_mode":true,"campfire_choices":[{"data":"Predator","floor":6,"key":"SMITH"},{"data":"Flying Knee","floor":8,"key":"SMITH"},{"data":"Noxious Fumes","floor":11,"key":"SMITH"},{"data":"Neutralize","floor":15,"key":"SMITH"},{"floor":23,"key":"REST"},{"floor":25,"key":"REST"},{"data":"Footwork","floor":27,"key":"SMITH"},{"floor":29,"key":"REST"},{"floor":32,"key":"REST"},{"data":"A Thousand Cuts","floor":40,"key":"SMITH"},{"floor":42,"key":"REST"},{"floor":49,"key":"RECALL"}],"neow_cost":"NONE","seed_source_timestamp":1889262876011000,"circlet_count":0,"master_deck":["AscendersBane","Survivor","Neutralize+1","Well Laid Plans","Predator+1","Noxious Fumes+1","PiercingWail","Flying Knee+1","Terror","Predator+1","Concentrate","Malaise+1","Cloak And Dagger+1","Escape Plan","Footwork+1","Deflect","Deflect","After Image","A Thousand Cuts+1","Doppelganger","Die Die Die","Concentrate","Die Die Die","Tactician","Grand Finale","Venomology","Finisher+1","Deflect","Deflect","Cloak And Dagger+1","Bandage Up","Blind","PiercingWail","Setup+1","Infinite Blades+1"],"relics":["Ring of the Snake","WingedGreaves","Gremlin Horn","DollysMirror","Unceasing Top","Gambling Chip","SlaversCollar","Red Mask","Prayer Wheel","Pandora\u0027s Box","Chemical X","Frozen Egg 2","Bottled Flame","Shuriken","Strawberry"],"potions_floor_usage":[7,7,7,13,13,16,24,24,35,38,46,48,48,50,50],"damage_taken":[{"damage":9,"enemies":"Jaw Worm","floor":1,"turns":6},{"damage":0,"enemies":"2 Louse","floor":3,"turns":2},{"damage":1,"enemies":"Cultist","floor":4,"turns":3},{"damage":4,"enemies":"Lagavulin","floor":7,"turns":7},{"damage":1,"enemies":"2 Fungi Beasts","floor":10,"turns":3},{"damage":21,"enemies":"3 Sentries","floor":13,"turns":7},{"damage":1,"enemies":"Hexaghost","floor":16,"turns":9},{"damage":4,"enemies":"Shell Parasite","floor":18,"turns":5},{"damage":13,"enemies":"Spheric Guardian","floor":19,"turns":6},{"damage":9,"enemies":"Snecko","floor":20,"turns":4},{"damage":24,"enemies":"Shelled Parasite and Fungi","floor":22,"turns":8},{"damage":17,"enemies":"Masked Bandits","floor":24,"turns":4},{"damage":4,"enemies":"Sentry and Sphere","floor":30,"turns":7},{"damage":0,"enemies":"Book of Stabbing","floor":31,"turns":7},{"damage":12,"enemies":"Collector","floor":33,"turns":11},{"damage":0,"enemies":"3 Darklings","floor":35,"turns":4},{"damage":4,"enemies":"Orb Walker","floor":36,"turns":4},{"damage":10,"enemies":"3 Darklings","floor":38,"turns":5},{"damage":11,"enemies":"Giant Head","floor":41,"turns":6},{"damage":3,"enemies":"Nemesis","floor":44,"turns":4},{"damage":8,"enemies":"Transient","floor":46,"turns":6},{"damage":6,"enemies":"Giant Head","floor":47,"turns":5},{"damage":6,"enemies":"Jaw Worm Horde","floor":48,"turns":3},{"damage":20,"enemies":"Awakened One","floor":50,"turns":8},{"damage":38,"enemies":"Donu and Deca","floor":51,"turns":5}],"seed_played":"-8830081535600475964","potions_obtained":[{"floor":4,"key":"BlessingOfTheForge"},{"floor":5,"key":"EntropicBrew"},{"floor":10,"key":"ColorlessPotion"},{"floor":13,"key":"SkillPotion"},{"floor":18,"key":"SteroidPotion"},{"floor":20,"key":"FearPotion"},{"floor":36,"key":"FearPotion"},{"floor":38,"key":"Block Potion"},{"floor":46,"key":"ColorlessPotion"}],"is_trial":false,"path_per_floor":["M","?","M","M","?","R","E","R","T","M","R","$","E","?","R","B",null,"M","M","M","$","M","R","?","R","T","R","?","R","M","E","R","B",null,"M","M","$","M","$","R","E","R","T","E","?","M","E","M","R","B","B"],"character_chosen":"THE_SILENT","items_purchased":["DollysMirror","Strength Potion","Footwork","Deflect","Chemical X"],"campfire_rested":5,"item_purchase_floors":[12,12,21,21,39],"current_hp_per_floor":[50,39,39,38,38,38,34,34,34,33,33,33,12,12,12,11,52,48,35,26,26,2,21,4,23,23,23,23,42,38,38,57,45,61,61,57,57,47,47,47,36,55,55,52,47,43,48,46,46,30,0],"gold":120,"neow_bonus":"TRANSFORM_CARD","is_prod":false,"is_daily":false,"chose_seed":false,"campfire_upgraded":6,"win_rate":0,"timestamp":1580950602,"path_taken":["M","?","M","M","?","R","E","R","T","?","R","$","E","?","R","BOSS","M","M","?","?","M","R","?","R","T","R","?","R","M","E","R","BOSS","M","?","$","M","$","R","E","R","T","E","?","M","E","M","R","BOSS","BOSS"],"build_version":"2020-01-27","purchased_purges":1,"victory":false,"max_hp_per_floor":[66,66,66,66,66,66,66,66,66,66,66,66,66,66,66,66,66,66,66,66,66,66,66,66,66,66,66,66,66,66,66,66,66,66,66,66,66,66,66,66,66,66,66,66,66,66,73,73,73,73,73],"card_choices":[{"not_picked":["Dodge and Roll","Deflect"],"picked":"Predator","floor":1},{"not_picked":["Acrobatics","Flechettes"],"picked":"Noxious Fumes","floor":3},{"not_picked":["Blade Dance","Acrobatics"],"picked":"PiercingWail","floor":4},{"not_picked":["Crippling Poison","Blur"],"picked":"Flying Knee","floor":7},{"not_picked":["Cloak And Dagger","Deflect"],"picked":"Terror","floor":10},{"not_picked":["Blade Dance","Acrobatics"],"picked":"Concentrate","floor":13},{"not_picked":["Storm of Steel","Unload"],"picked":"Malaise","floor":16},{"not_picked":["Sucker Punch+1","Poisoned Stab"],"picked":"Cloak And Dagger+1","floor":18},{"not_picked":["Acrobatics","Predator","Slice"],"picked":"SKIP","floor":19},{"not_picked":["Poisoned Stab+1","Infinite Blades"],"picked":"Escape Plan","floor":20},{"not_picked":["Sucker Punch","Backflip+1"],"picked":"Deflect","floor":22},{"not_picked":["Acrobatics","Underhanded Strike","Blade Dance"],"picked":"SKIP","floor":30},{"not_picked":["Flechettes+1","Poisoned Stab","Reflex"],"picked":"SKIP","floor":31},{"not_picked":["Phantasmal Killer","Adrenaline"],"picked":"After Image","floor":33},{"not_picked":["Caltrops","Poisoned Stab"],"picked":"Finisher+1","floor":35},{"not_picked":["Noxious Fumes","Crippling Poison","Flechettes+1"],"picked":"SKIP","floor":35},{"not_picked":["Setup","Finisher+1"],"picked":"Deflect","floor":36},{"not_picked":["Backflip+1","Acrobatics"],"picked":"Deflect","floor":36},{"not_picked":["Blade Dance","Deflect+1"],"picked":"Cloak And Dagger+1","floor":38},{"not_picked":["Masterful Stab","Tactician","Backflip"],"picked":"SKIP","floor":38},{"not_picked":["Dagger Throw","Dagger Spray","Venomology"],"picked":"SKIP","floor":41},{"not_picked":["Noxious Fumes+1","Flechettes","Eviscerate+1"],"picked":"SKIP","floor":44},{"not_picked":["Madness","Purity"],"picked":"Bandage Up","floor":45},{"not_picked":["Deep Breath","Madness"],"picked":"Blind","floor":45},{"not_picked":["Distraction","Leg Sweep"],"picked":"PiercingWail","floor":46},{"not_picked":["Underhanded Strike","Acrobatics","Setup"],"picked":"SKIP","floor":46},{"not_picked":["Grand Finale","Blade Dance"],"picked":"Setup+1","floor":47},{"not_picked":["Prepared","Acrobatics"],"picked":"Infinite Blades+1","floor":48},{"not_picked":["Bouncing Flask","Dagger Throw","Poisoned Stab"],"picked":"SKIP","floor":48}],"player_experience":2181665,"relics_obtained":[{"floor":7,"key":"WingedGreaves"},{"floor":9,"key":"Gremlin Horn"},{"floor":13,"key":"Unceasing Top"},{"floor":24,"key":"Red Mask"},{"floor":31,"key":"Prayer Wheel"},{"floor":41,"key":"Frozen Egg 2"},{"floor":43,"key":"Bottled Flame"},{"floor":44,"key":"Shuriken"},{"floor":47,"key":"Strawberry"}],"event_choices":[{"damage_healed":0,"gold_gain":75,"player_choice":"Gather Gold","damage_taken":11,"max_hp_gain":0,"max_hp_loss":0,"event_name":"World of Goop","floor":2,"gold_loss":0},{"damage_healed":0,"gold_gain":0,"player_choice":"Bought 1 Potion","damage_taken":0,"max_hp_gain":0,"max_hp_loss":0,"event_name":"The Woman in Blue","floor":5,"gold_loss":0},{"damage_healed":0,"gold_gain":0,"player_choice":"Paid Gold","damage_taken":0,"relics_obtained":["Gambling Chip"],"max_hp_gain":0,"max_hp_loss":0,"event_name":"WeMeetAgain","floor":14,"gold_loss":50},{"damage_healed":0,"gold_gain":0,"player_choice":"Fought Bandits","damage_taken":0,"max_hp_gain":0,"max_hp_loss":0,"event_name":"Masked Bandits","floor":24,"gold_loss":0},{"damage_healed":0,"gold_gain":0,"player_choice":"Forge","damage_taken":0,"max_hp_gain":0,"max_hp_loss":0,"event_name":"Accursed Blacksmith","floor":28,"gold_loss":0,"cards_upgraded":["Malaise"]},{"damage_healed":0,"gold_gain":0,"player_choice":"Memory 2","damage_taken":5,"max_hp_gain":0,"max_hp_loss":0,"event_name":"SensoryStone","floor":45,"gold_loss":0}],"is_beta":true,"boss_relics":[{"not_picked":["Ring of the Serpent","Astrolabe"],"picked":"SlaversCollar"},{"not_picked":["Runic Dome","Runic Pyramid"],"picked":"Pandora\u0027s Box"}],"items_purged_floors":[39],"is_endless":false,"potions_floor_spawned":[4,10,13,18,20,36,38,46],"killed_by":"Donu and Deca","ascension_level":20}