{"gold_per_floor":[118,131,146,146,166,166,198,198,246,246,277,277,287,318,318,318],"floor_reached":16,"playtime":833,"items_purged":[],"score":265,"play_id":"80995d0f-cae2-4831-8d2e-43b528c608b1","local_time":"20200203190002","is_ascension_mode":true,"campfire_choices":[{"data":"Predator","floor":6,"key":"SMITH"},{"floor":8,"key":"REST"},{"floor":12,"key":"REST"},{"floor":15,"key":"REST"}],"neow_cost":"NONE","seed_source_timestamp":1698704630963500,"circlet_count":0,"master_deck":["AscendersBane","Strike_G","Strike_G","Strike_G","Strike_G","Strike_G","Defend_G","Defend_G","Defend_G","Defend_G","Defend_G","Survivor","Neutralize","Riddle With Holes","Quick Slash","Predator+1","Dagger Spray","Well Laid Plans","Dash"],"relics":["Ring of the Snake","Singing Bowl","Juzu Bracelet","Dream Catcher","CultistMask","Paper Crane","Dead Branch"],"potions_floor_usage":[7,16,16],"damage_taken":[{"damage":0,"enemies":"Small Slimes","floor":1,"turns":5},{"damage":9,"enemies":"Cultist","floor":2,"turns":4},{"damage":0,"enemies":"2 Louse","floor":3,"turns":2},{"damage":19,"enemies":"Lots of Slimes","floor":5,"turns":5},{"damage":27,"enemies":"3 Sentries","floor":7,"turns":10},{"damage":26,"enemies":"Gremlin Nob","floor":11,"turns":4},{"damage":9,"enemies":"Looter","floor":13,"turns":3},{"damage":22,"enemies":"3 Sentries","floor":14,"turns":9},{"damage":41,"enemies":"Slime Boss","floor":16,"turns":7}],"seed_played":"8004091869344850840","potions_obtained":[{"floor":1,"key":"Fruit Juice"},{"floor":11,"key":"AttackPotion"},{"floor":13,"key":"Poison Potion"}],"is_trial":false,"path_per_floor":["M","M","M","?","M","R","E","R","T","?","E","R","M","E","R","B"],"character_chosen":"THE_SILENT","items_purchased":[],"campfire_rested":3,"item_purchase_floors":[],"current_hp_per_floor":[65,56,56,56,39,39,17,40,40,40,14,39,30,10,36,0],"gold":318,"neow_bonus":"TEN_PERCENT_HP_BONUS","is_prod":false,"is_daily":false,"chose_seed":false,"campfire_upgraded":1,"win_rate":0,"timestamp":1580756402,"path_taken":["M","M","M","?","?","R","E","R","T","?","E","R","M","E","R","BOSS"],"build_version":"2020-01-27","purchased_purges":0,"victory":false,"max_hp_per_floor":[72,72,72,72,74,74,79,79,79,79,79,81,81,83,85,85],"card_choices":[{"not_picked":["Concentrate","Prepared"],"picked":"Riddle With Holes","floor":1},{"not_picked":["Cloak And Dagger","Prepared"],"picked":"Quick Slash","floor":2},{"not_picked":["Terror","Slice"],"picked":"Predator","floor":3},{"not_picked":["Acrobatics","Deflect","Flying Knee"],"picked":"Singing Bowl","floor":5},{"not_picked":["Reflex","Outmaneuver"],"picked":"Dagger Spray","floor":7},{"not_picked":["Calculated Gamble","Deadly Poison"],"picked":"Well Laid Plans","floor":11},{"not_picked":["Sucker Punch","Predator","Underhanded Strike"],"picked":"Singing Bowl","floor":12},{"not_picked":["Underhanded Strike","Storm of Steel"],"picked":"Dash","floor":13},{"not_picked":["Eviscerate","Escape Plan","Catalyst"],"picked":"Singing Bowl","floor":14},{"not_picked":["Dagger Throw","Predator","Poisoned Stab"],"picked":"Singing Bowl","floor":15}],"player_experience":2153725,"relics_obtained":[{"floor":4,"key":"Singing Bowl"},{"floor":7,"key":"Juzu Bracelet"},{"floor":9,"key":"Dream Catcher"},{"floor":11,"key":"Paper Crane"},{"floor":14,"key":"Dead Branch"}],"event_choices":[{"damage_healed":0,"gold_gain":0,"player_choice":"Relic","damage_taken":0,"max_hp_gain":0,"max_hp_loss":0,"event_name":"Wheel of Change","floor":4,"gold_loss":0},{"damage_healed":0,"gold_gain":0,"player_choice":"Trade","damage_taken":0,"relics_obtained":["CultistMask"],"max_hp_gain":0,"max_hp_loss":0,"event_name":"FaceTrader","floor":10,"gold_loss":0}],"is_beta":true,"boss_relics":[],"items_purged_floors":[],"is_endless":false,"potions_floor_spawned":[1,11,13,14],"killed_by":"Slime Boss","ascension_level":20}