{"gold_per_floor":[110,124,89,89,106,106,137,137,163,163,163,183,218,218,218,305,305],"floor_reached":17,"playtime":599,"items_purged":[],"score":326,"play_id":"871cdf12-3d92-44c3-b07f-87e08887dd0d","local_time":"20200202234701","is_ascension_mode":true,"campfire_choices":[{"data":"Bouncing Flask","floor":6,"key":"SMITH"},{"floor":8,"key":"REST"},{"data":"Masterful Stab","floor":15,"key":"SMITH"}],"neow_cost":"NONE","seed_source_timestamp":1629754380695900,"circlet_count":0,"master_deck":["AscendersBane","Strike_G","Strike_G","Strike_G","Strike_G","Strike_G","Defend_G","Defend_G","Defend_G","Defend_G","Defend_G","Survivor","Neutralize","Quick Slash","Bouncing Flask+1","Masterful Stab+1","Dagger Spray","Backstab","Wraith Form v2"],"relics":["Ring of the Snake","Ancient Tea Set","Pen Nib","Blood Vial","Pear","Happy Flower","CeramicFish","Fusion Hammer"],"potions_floor_usage":[13,16],"damage_taken":[{"damage":10,"enemies":"Jaw Worm","floor":1,"turns":5},{"damage":4,"enemies":"Small Slimes","floor":2,"turns":4},{"damage":0,"enemies":"2 Louse","floor":5,"turns":3},{"damage":56,"enemies":"3 Sentries","floor":7,"turns":13},{"damage":3,"enemies":"Blue Slaver","floor":12,"turns":2},{"damage":7,"enemies":"Lagavulin","floor":13,"turns":4},{"damage":16,"enemies":"The Guardian","floor":16,"turns":9}],"seed_played":"2127857668987324575","potions_obtained":[{"floor":12,"key":"Energy Potion"},{"floor":13,"key":"LiquidBronze"},{"floor":16,"key":"DuplicationPotion"}],"is_trial":false,"path_per_floor":["M","M","?","?","M","R","E","R","T","T","?","M","E","?","R","B",null],"character_chosen":"THE_SILENT","items_purchased":[],"campfire_rested":1,"item_purchase_floors":[],"current_hp_per_floor":[49,45,61,61,61,61,5,24,24,34,34,33,28,17,17,3,58],"gold":305,"neow_bonus":"RANDOM_COMMON_RELIC","is_prod":false,"is_daily":false,"chose_seed":false,"campfire_upgraded":2,"win_rate":0,"timestamp":1580687221,"path_taken":["M","M","?","?","M","R","E","R","T","?","?","M","E","?","R","BOSS"],"build_version":"2020-01-27","purchased_purges":0,"victory":false,"max_hp_per_floor":[66,66,66,66,66,66,66,66,66,76,76,76,76,76,76,76,76],"card_choices":[{"not_picked":["Underhanded Strike","Blur"],"picked":"Quick Slash","floor":1},{"not_picked":["PiercingWail","Cloak And Dagger"],"picked":"Bouncing Flask","floor":2},{"not_picked":["Backflip","Dodge and Roll","Quick Slash"],"picked":"SKIP","floor":5},{"not_picked":["Choke","Deflect"],"picked":"Masterful Stab","floor":7},{"not_picked":["Underhanded Strike","Finisher"],"picked":"Dagger Spray","floor":12},{"not_picked":["Dagger Throw","Prepared"],"picked":"Backstab","floor":13},{"not_picked":["Phantasmal Killer","Envenom"],"picked":"Wraith Form v2","floor":16}],"player_experience":2150935,"relics_obtained":[{"floor":7,"key":"Pen Nib"},{"floor":9,"key":"Blood Vial"},{"floor":10,"key":"Pear"},{"floor":13,"key":"Happy Flower"}],"event_choices":[{"damage_healed":16,"gold_gain":0,"player_choice":"Healed","damage_taken":0,"max_hp_gain":0,"max_hp_loss":0,"event_name":"The Cleric","floor":3,"gold_loss":35},{"damage_healed":0,"gold_gain":0,"player_choice":"Ignored","damage_taken":0,"max_hp_gain":0,"max_hp_loss":0,"event_name":"Golden Wing","floor":4,"gold_loss":0},{"damage_healed":0,"gold_gain":0,"player_choice":"Ignored","damage_taken":0,"max_hp_gain":0,"max_hp_loss":0,"event_name":"Liars Game","floor":11,"gold_loss":0},{"damage_healed":0,"gold_gain":0,"player_choice":"Success","damage_taken":11,"relics_obtained":["CeramicFish"],"max_hp_gain":0,"max_hp_loss":0,"event_name":"Scrap Ooze","floor":14,"gold_loss":0}],"is_beta":true,"boss_relics":[{"not_picked":["WristBlade","SacredBark"],"picked":"Fusion Hammer"}],"items_purged_floors":[],"is_endless":false,"potions_floor_spawned":[12,13,16],"ascension_level":20}