{"gold_per_floor":[109,121,135,135,135,135,165,165,245,245,278,278,298,313,313,391,391,391,391,13,13,13,13,13,13,13,13,13,13,13,13],"floor_reached":31,"playtime":2032,"items_purged":[],"score":574,"play_id":"5925ae1f-f3d6-4aba-85a0-6821e45b52fc","local_time":"20200202173253","is_ascension_mode":true,"campfire_choices":[{"data":"Dagger Spray","floor":6,"key":"SMITH"},{"data":"Caltrops","floor":8,"key":"SMITH"},{"floor":10,"key":"REST"},{"floor":15,"key":"REST"},{"data":"Apotheosis","floor":23,"key":"SMITH"}],"neow_cost":"NONE","seed_source_timestamp":1605871661175500,"circlet_count":0,"master_deck":["AscendersBane","Strike_G","Strike_G","Strike_G","Strike_G","Defend_G","Defend_G","Defend_G","Defend_G","Defend_G+1","Survivor","Neutralize+1","PiercingWail","Dagger Spray+1","Dagger Spray+1","Caltrops+1","Envenom","Dodge and Roll","Well Laid Plans","Apotheosis+1","Ghostly","Ghostly","Ghostly","PiercingWail+1","Cloak And Dagger","Wraith Form v2","Escape Plan","Catalyst"],"relics":["Ring of the Snake","Art of War","Mercury Hourglass","The Specimen","Ectoplasm","TwistedFunnel","Sundial","Ancient Tea Set"],"potions_floor_usage":[7,12,16,28,28,30],"damage_taken":[{"damage":4,"enemies":"2 Louse","floor":1,"turns":3},{"damage":8,"enemies":"Jaw Worm","floor":2,"turns":6},{"damage":0,"enemies":"Cultist","floor":3,"turns":4},{"damage":18,"enemies":"3 Sentries","floor":7,"turns":6},{"damage":24,"enemies":"Gremlin Nob","floor":11,"turns":4},{"damage":2,"enemies":"Blue Slaver","floor":12,"turns":3},{"damage":0,"enemies":"Looter","floor":13,"turns":4},{"damage":0,"enemies":"3 Louse","floor":14,"turns":2},{"damage":5,"enemies":"The Guardian","floor":16,"turns":10},{"damage":15,"enemies":"Spheric Guardian","floor":18,"turns":6},{"damage":0,"enemies":"3 Byrds","floor":19,"turns":4},{"damage":0,"enemies":"Cultist and Chosen","floor":22,"turns":5},{"damage":11,"enemies":"Slavers","floor":24,"turns":5},{"damage":0,"enemies":"Snake Plant","floor":27,"turns":6},{"damage":18,"enemies":"Book of Stabbing","floor":28,"turns":7},{"damage":7,"enemies":"Sentry and Sphere","floor":30,"turns":6},{"damage":15,"enemies":"Slavers","floor":31,"turns":1}],"seed_played":"-5236286659382876717","potions_obtained":[{"floor":3,"key":"Energy Potion"},{"floor":11,"key":"SmokeBomb"},{"floor":14,"key":"AttackPotion"},{"floor":18,"key":"Ancient Potion"},{"floor":22,"key":"EntropicBrew"}],"is_trial":false,"path_per_floor":["M","M","M","?","?","R","E","R","T","R","E","M","M","M","R","B",null,"M","M","$","?","M","R","E","?","T","M","E","?","M","E"],"character_chosen":"THE_SILENT","items_purchased":["TwistedFunnel","Apotheosis"],"campfire_rested":2,"item_purchase_floors":[20,20],"current_hp_per_floor":[55,47,47,47,27,27,9,9,9,28,4,2,2,2,21,16,54,39,39,39,33,33,33,22,22,22,22,4,4,9,0],"gold":13,"neow_bonus":"UPGRADE_CARD","is_prod":false,"is_daily":false,"chose_seed":false,"campfire_upgraded":3,"win_rate":0,"timestamp":1580664773,"path_taken":["M","M","M","?","?","R","E","R","T","R","E","M","?","?","R","BOSS","M","M","$","?","M","R","E","?","T","M","E","?","M","E"],"build_version":"2020-01-27","purchased_purges":0,"victory":false,"max_hp_per_floor":[66,66,66,66,66,66,66,66,66,66,66,66,66,66,66,66,66,66,66,66,33,33,33,33,33,33,33,33,33,33,33],"card_choices":[{"not_picked":["Masterful Stab","Acrobatics"],"picked":"PiercingWail","floor":1},{"not_picked":["Bane","Underhanded Strike"],"picked":"Dagger Spray","floor":2},{"not_picked":["Underhanded Strike","Calculated Gamble"],"picked":"Dagger Spray","floor":3},{"not_picked":["Bane","Cloak And Dagger"],"picked":"Caltrops","floor":7},{"not_picked":["Blade Dance","Flying Knee"],"picked":"Envenom","floor":11},{"not_picked":["Underhanded Strike","PiercingWail"],"picked":"Dodge and Roll","floor":13},{"not_picked":["Terror","Acrobatics","Prepared"],"picked":"SKIP","floor":14},{"not_picked":["Accuracy","Deadly Poison"],"picked":"Well Laid Plans","floor":18},{"not_picked":["Sucker Punch","Cloak And Dagger","Quick Slash"],"picked":"SKIP","floor":19},{"not_picked":["Deflect","Underhanded Strike"],"picked":"PiercingWail+1","floor":22},{"not_picked":["PiercingWail","Bane"],"picked":"Cloak And Dagger","floor":24},{"not_picked":["Blade Dance+1","Underhanded Strike","Choke+1"],"picked":"SKIP","floor":27},{"not_picked":["Reflex","All Out Attack"],"picked":"Escape Plan","floor":28},{"not_picked":["Dagger Spray","Setup"],"picked":"Catalyst","floor":30}],"player_experience":2146746,"relics_obtained":[{"floor":7,"key":"Art of War"},{"floor":9,"key":"Mercury Hourglass"},{"floor":11,"key":"The Specimen"},{"floor":24,"key":"Sundial"},{"floor":28,"key":"Ancient Tea Set"}],"event_choices":[{"damage_healed":0,"gold_gain":0,"player_choice":"Ignored","damage_taken":0,"max_hp_gain":0,"max_hp_loss":0,"event_name":"Liars Game","floor":4,"gold_loss":0},{"damage_healed":0,"gold_gain":0,"player_choice":"Entered Light","damage_taken":20,"max_hp_gain":0,"max_hp_loss":0,"event_name":"Shining Light","floor":5,"gold_loss":0,"cards_upgraded":["Defend_G","Dagger Spray"]},{"damage_healed":0,"gold_gain":0,"player_choice":"Became a Ghost","damage_taken":0,"max_hp_gain":0,"max_hp_loss":33,"event_name":"Ghosts","floor":21,"gold_loss":0,"cards_obtained":["Ghostly","Ghostly","Ghostly"]},{"damage_healed":0,"gold_gain":0,"player_choice":"Read","damage_taken":0,"max_hp_gain":0,"max_hp_loss":0,"event_name":"The Library","floor":25,"gold_loss":0,"cards_obtained":["Wraith Form v2"]},{"cards_removed":["Strike_G"],"damage_healed":0,"gold_gain":0,"player_choice":"Elegance","damage_taken":0,"max_hp_gain":0,"max_hp_loss":0,"event_name":"Back to Basics","floor":29,"gold_loss":0}],"is_beta":true,"boss_relics":[{"not_picked":["Tiny House","WristBlade"],"picked":"Ectoplasm"}],"items_purged_floors":[],"is_endless":false,"potions_floor_spawned":[3,11,12,14,18,22],"killed_by":"Slavers","ascension_level":20}