{"gold_per_floor":[118,132,50,67,67,67,103,134,180,180],"floor_reached":10,"playtime":599,"items_purged":[],"score":132,"play_id":"862f6ae7-9aa0-4b81-a7f9-007cd7554195","local_time":"20200202082712","is_ascension_mode":true,"campfire_choices":[{"data":"Dagger Spray","floor":6,"key":"SMITH"}],"neow_cost":"NONE","seed_source_timestamp":1574565580498000,"circlet_count":0,"master_deck":["AscendersBane","Strike_G","Strike_G","Strike_G","Strike_G","Strike_G","Defend_G","Defend_G","Defend_G","Defend_G","Defend_G","Survivor","Neutralize","Deadly Poison","Dagger Spray+1","Bane","Bouncing Flask","Dagger Throw"],"relics":["Ring of the Snake","Golden Idol","MealTicket","Odd Mushroom","Smiling Mask"],"potions_floor_usage":[7,8],"damage_taken":[{"damage":0,"enemies":"Jaw Worm","floor":1,"turns":7},{"damage":2,"enemies":"2 Louse","floor":2,"turns":4},{"damage":0,"enemies":"Small Slimes","floor":4,"turns":2},{"damage":17,"enemies":"Lagavulin","floor":7,"turns":5},{"damage":12,"enemies":"The Mushroom Lair","floor":8,"turns":4},{"damage":30,"enemies":"3 Sentries","floor":10,"turns":5}],"seed_played":"453064166129514496","potions_obtained":[{"floor":0,"key":"LiquidMemories"},{"floor":0,"key":"SneckoOil"}],"is_trial":false,"path_per_floor":["M","M","$","M","?","R","E","?","T","E"],"character_chosen":"THE_SILENT","items_purchased":["Dagger Spray","Fire Potion"],"campfire_rested":0,"item_purchase_floors":[3,3],"current_hp_per_floor":[59,57,57,57,57,57,40,28,28,0],"gold":180,"neow_bonus":"THREE_SMALL_POTIONS","is_prod":false,"is_daily":false,"chose_seed":false,"campfire_upgraded":1,"win_rate":0,"timestamp":1580632032,"path_taken":["M","M","$","M","?","R","E","?","T","E"],"build_version":"2020-01-27","purchased_purges":0,"victory":false,"max_hp_per_floor":[66,66,66,66,60,60,60,60,60,60],"card_choices":[{"not_picked":["Blur","Blade Dance","Prepared"],"picked":"SKIP","floor":1},{"not_picked":["Backflip","Flechettes"],"picked":"Deadly Poison","floor":2},{"not_picked":["Prepared","Distraction"],"picked":"Bane","floor":4},{"not_picked":["Flechettes","Outmaneuver"],"picked":"Bouncing Flask","floor":7},{"not_picked":["Concentrate","Quick Slash"],"picked":"Dagger Throw","floor":8}],"player_experience":2138752,"relics_obtained":[{"floor":7,"key":"MealTicket"},{"floor":8,"key":"Odd Mushroom"},{"floor":9,"key":"Smiling Mask"}],"event_choices":[{"damage_healed":0,"gold_gain":0,"player_choice":"Lose Max HP","damage_taken":0,"relics_obtained":["Golden Idol"],"max_hp_gain":0,"max_hp_loss":6,"event_name":"Golden Idol","floor":5,"gold_loss":0},{"damage_healed":0,"gold_gain":0,"player_choice":"Fought Mushrooms","damage_taken":0,"max_hp_gain":0,"max_hp_loss":0,"event_name":"Mushrooms","floor":8,"gold_loss":0}],"is_beta":true,"boss_relics":[],"items_purged_floors":[],"is_endless":false,"potions_floor_spawned":[4],"killed_by":"3 Sentries","ascension_level":20}