{"gold_per_floor":[18,37,55,55,55,55,84,84,134,134,145,145,179,199,199,199],"floor_reached":16,"playtime":777,"items_purged":[],"score":220,"play_id":"3259bca5-c975-4501-beb3-1ec16133e65c","local_time":"20200203215812","is_ascension_mode":true,"campfire_choices":[{"data":"Unload","floor":6,"key":"SMITH"},{"data":"Deadly Poison","floor":8,"key":"SMITH"},{"data":"Neutralize","floor":10,"key":"SMITH"},{"data":"Bouncing Flask","floor":15,"key":"SMITH"}],"neow_cost":"NO_GOLD","seed_source_timestamp":1709449663662200,"circlet_count":0,"master_deck":["AscendersBane","Strike_G","Strike_G","Strike_G","Strike_G","Defend_G","Defend_G","Defend_G","Defend_G","Defend_G","Survivor","Neutralize+1","Unload+1","Well Laid Plans","Deadly Poison+1","Flying Knee","Malaise","Poisoned Stab","Bouncing Flask+1"],"relics":["Ring of the Snake","Boot","Omamori","Centennial Puzzle"],"potions_floor_usage":[7,7,12,13,13,16],"damage_taken":[{"damage":3,"enemies":"Small Slimes","floor":1,"turns":3},{"damage":1,"enemies":"Cultist","floor":2,"turns":4},{"damage":3,"enemies":"2 Louse","floor":3,"turns":4},{"damage":21,"enemies":"Gremlin Nob","floor":7,"turns":4},{"damage":10,"enemies":"Exordium Thugs","floor":11,"turns":5},{"damage":9,"enemies":"3 Sentries","floor":13,"turns":8},{"damage":4,"enemies":"2 Fungi Beasts","floor":14,"turns":4},{"damage":25,"enemies":"Slime Boss","floor":16,"turns":6}],"seed_played":"1140288342266294204","potions_obtained":[{"floor":1,"key":"DistilledChaos"},{"floor":3,"key":"Fire Potion"},{"floor":7,"key":"Fruit Juice"},{"floor":11,"key":"EntropicBrew"}],"is_trial":false,"path_per_floor":["M","M","M","?","?","R","E","R","T","R","M","?","E","M","R","B"],"character_chosen":"THE_SILENT","items_purchased":[],"campfire_rested":0,"item_purchase_floors":[],"current_hp_per_floor":[56,55,52,52,52,52,31,31,31,31,21,31,22,18,18,0],"gold":199,"neow_bonus":"THREE_RARE_CARDS","is_prod":false,"is_daily":false,"chose_seed":false,"campfire_upgraded":4,"win_rate":0,"timestamp":1580767092,"path_taken":["M","M","M","?","?","R","E","R","T","R","?","?","E","M","R","BOSS"],"build_version":"2020-01-27","purchased_purges":0,"victory":false,"max_hp_per_floor":[66,66,66,66,66,66,66,66,66,66,66,76,76,76,76,76],"card_choices":[{"not_picked":["Night Terror","Doppelganger"],"picked":"Unload","floor":0},{"not_picked":["Reflex","Underhanded Strike"],"picked":"Well Laid Plans","floor":1},{"not_picked":["Catalyst","Setup"],"picked":"Deadly Poison","floor":2},{"not_picked":["Blade Dance","Deflect"],"picked":"Flying Knee","floor":3},{"not_picked":["Infinite Blades","Prepared","Tactician"],"picked":"SKIP","floor":7},{"not_picked":["Riddle With Holes","Well Laid Plans"],"picked":"Malaise","floor":11},{"not_picked":["Flying Knee","Accuracy"],"picked":"Poisoned Stab","floor":13},{"not_picked":["Quick Slash","Dodge and Roll"],"picked":"Bouncing Flask","floor":14}],"player_experience":2157578,"relics_obtained":[{"floor":7,"key":"Boot"},{"floor":9,"key":"Omamori"},{"floor":13,"key":"Centennial Puzzle"}],"event_choices":[{"damage_healed":0,"gold_gain":0,"player_choice":"Ignored","damage_taken":0,"max_hp_gain":0,"max_hp_loss":0,"event_name":"Liars Game","floor":4,"gold_loss":0},{"cards_removed":["Strike_G"],"damage_healed":0,"gold_gain":0,"player_choice":"Purged","damage_taken":0,"max_hp_gain":0,"max_hp_loss":0,"event_name":"Purifier","floor":5,"gold_loss":0},{"damage_healed":0,"gold_gain":0,"player_choice":"Donut","damage_taken":0,"max_hp_gain":5,"max_hp_loss":0,"event_name":"Big Fish","floor":12,"gold_loss":0}],"is_beta":true,"boss_relics":[],"items_purged_floors":[],"is_endless":false,"potions_floor_spawned":[1,3,7,11],"killed_by":"Slime Boss","ascension_level":20}