{"gold_per_floor":[214,214,225,241,241,272,18,18,44,44],"floor_reached":10,"playtime":506,"items_purged":["Strike_G"],"score":132,"play_id":"2d5f732c-508f-4fa9-9718-f13ac5b97b79","local_time":"20200201231742","is_ascension_mode":true,"campfire_choices":[{"floor":8,"key":"REST"}],"neow_cost":"NONE","seed_source_timestamp":1541687238212600,"circlet_count":0,"master_deck":["AscendersBane","Strike_G","Strike_G","Strike_G","Strike_G","Defend_G","Defend_G","Defend_G","Defend_G","Defend_G","Survivor","Neutralize","Backstab","PiercingWail","Riddle With Holes","After Image","Dagger Throw"],"relics":["Ring of the Snake","MawBank","MealTicket"],"potions_floor_usage":[6,6,10],"damage_taken":[{"damage":7,"enemies":"Cultist","floor":1,"turns":5},{"damage":0,"enemies":"2 Louse","floor":3,"turns":3},{"damage":0,"enemies":"Jaw Worm","floor":4,"turns":5},{"damage":29,"enemies":"3 Sentries","floor":6,"turns":11},{"damage":53,"enemies":"Lagavulin","floor":10,"turns":10}],"seed_played":"2486995375693154677","potions_obtained":[{"floor":1,"key":"Explosive Potion"},{"floor":4,"key":"Swift Potion"}],"is_trial":false,"path_per_floor":["M","?","M","M","?","E","$","R","T","E"],"character_chosen":"THE_SILENT","items_purchased":["After Image","SteroidPotion","Dagger Throw"],"campfire_rested":1,"item_purchase_floors":[7,7,7],"current_hp_per_floor":[52,57,57,57,57,28,28,49,49,0],"gold":44,"neow_bonus":"HUNDRED_GOLD","is_prod":false,"is_daily":false,"chose_seed":false,"campfire_upgraded":0,"win_rate":0,"timestamp":1580599062,"path_taken":["M","?","M","M","?","E","?","R","T","E"],"build_version":"2020-01-27","purchased_purges":1,"victory":false,"max_hp_per_floor":[66,71,71,71,71,71,71,71,71,71],"card_choices":[{"not_picked":["Quick Slash","Concentrate"],"picked":"Backstab","floor":1},{"not_picked":["Expertise","Slice"],"picked":"PiercingWail","floor":3},{"not_picked":["Tactician","Eviscerate","Prepared"],"picked":"SKIP","floor":4},{"not_picked":["Underhanded Strike","Outmaneuver"],"picked":"Riddle With Holes","floor":6}],"player_experience":2135030,"relics_obtained":[{"floor":6,"key":"MawBank"},{"floor":9,"key":"MealTicket"}],"event_choices":[{"damage_healed":0,"gold_gain":0,"player_choice":"Donut","damage_taken":0,"max_hp_gain":5,"max_hp_loss":0,"event_name":"Big Fish","floor":2,"gold_loss":0},{"damage_healed":0,"gold_gain":0,"player_choice":"Ignored","damage_taken":0,"max_hp_gain":0,"max_hp_loss":0,"event_name":"Liars Game","floor":5,"gold_loss":0}],"is_beta":true,"boss_relics":[],"items_purged_floors":[7],"is_endless":false,"potions_floor_spawned":[1,4],"killed_by":"Lagavulin","ascension_level":20}