{"gold_per_floor":[115,129,129,148,159,159,176,210,264,275,329,329,254,280,280,280],"floor_reached":16,"playtime":755,"items_purged":["Strike_G"],"score":274,"play_id":"1812f593-3a6e-46e6-b0c6-b77527b39395","local_time":"20200203004659","is_ascension_mode":true,"campfire_choices":[{"data":"Dagger Spray","floor":6,"key":"SMITH"},{"data":"Noxious Fumes","floor":12,"key":"SMITH"},{"data":"Bouncing Flask","floor":15,"key":"SMITH"}],"neow_cost":"NONE","seed_source_timestamp":1633196703469200,"circlet_count":0,"master_deck":["AscendersBane","Strike_G","Strike_G","Strike_G","Strike_G+1","Defend_G","Defend_G","Defend_G","Defend_G","Defend_G","Survivor","Neutralize","Dagger Spray+1","Leg Sweep","Quick Slash","Die Die Die+1","Noxious Fumes+1","Bouncing Flask+1","PiercingWail"],"relics":["Ring of the Snake","PreservedInsect","Whetstone","Letter Opener"],"potions_floor_usage":[8,16,16],"damage_taken":[{"damage":6,"enemies":"Cultist","floor":1,"turns":5},{"damage":2,"enemies":"2 Louse","floor":2,"turns":3},{"damage":4,"enemies":"Jaw Worm","floor":4,"turns":8},{"damage":5,"enemies":"Large Slime","floor":5,"turns":9},{"damage":7,"enemies":"Gremlin Gang","floor":7,"turns":3},{"damage":6,"enemies":"Gremlin Nob","floor":8,"turns":3},{"damage":8,"enemies":"Looter","floor":10,"turns":3},{"damage":0,"enemies":"3 Sentries","floor":14,"turns":2},{"damage":37,"enemies":"Slime Boss","floor":16,"turns":8}],"seed_played":"3909083013517100984","potions_obtained":[{"floor":4,"key":"FearPotion"},{"floor":7,"key":"FearPotion"},{"floor":14,"key":"Block Potion"}],"is_trial":false,"path_per_floor":["M","M","?","M","M","R","M","E","T","M","?","R","$","E","R","B"],"character_chosen":"THE_SILENT","items_purchased":[],"campfire_rested":0,"item_purchase_floors":[],"current_hp_per_floor":[59,57,62,58,53,53,46,40,40,32,32,32,32,32,32,0],"gold":280,"neow_bonus":"TEN_PERCENT_HP_BONUS","is_prod":false,"is_daily":false,"chose_seed":false,"campfire_upgraded":3,"win_rate":0,"timestamp":1580690819,"path_taken":["M","?","?","M","M","R","M","E","T","M","?","R","$","E","R","BOSS"],"build_version":"2020-01-27","purchased_purges":1,"victory":false,"max_hp_per_floor":[72,72,77,77,77,77,77,77,77,77,77,77,77,77,77,77],"card_choices":[{"not_picked":["Calculated Gamble","Dodge and Roll"],"picked":"Dagger Spray","floor":1},{"not_picked":["Cloak And Dagger","Outmaneuver"],"picked":"Leg Sweep","floor":2},{"not_picked":["Sucker Punch","Well Laid Plans"],"picked":"Quick Slash","floor":4},{"not_picked":["Bane","Noxious Fumes"],"picked":"Die Die Die","floor":5},{"not_picked":["Catalyst","PiercingWail"],"picked":"Noxious Fumes","floor":7},{"not_picked":["Flechettes","Deadly Poison"],"picked":"Bouncing Flask","floor":8},{"not_picked":["Underhanded Strike","Quick Slash"],"picked":"PiercingWail","floor":10},{"not_picked":["Infinite Blades","A Thousand Cuts","Bouncing Flask"],"picked":"SKIP","floor":14}],"player_experience":2152492,"relics_obtained":[{"floor":8,"key":"PreservedInsect"},{"floor":9,"key":"Whetstone"},{"floor":14,"key":"Letter Opener"}],"event_choices":[{"damage_healed":0,"gold_gain":0,"player_choice":"Donut","damage_taken":0,"max_hp_gain":5,"max_hp_loss":0,"event_name":"Big Fish","floor":3,"gold_loss":0},{"damage_healed":0,"gold_gain":54,"player_choice":"Gained Gold","damage_taken":0,"max_hp_gain":0,"max_hp_loss":0,"event_name":"Golden Wing","floor":11,"gold_loss":0}],"is_beta":true,"boss_relics":[],"items_purged_floors":[13],"is_endless":false,"potions_floor_spawned":[4,7,14],"killed_by":"Slime Boss","ascension_level":20}