{"gold_per_floor":[116,130,130,130,141,141,170,188,265,115,115,115,195,223,223,295,295,310,310,77,93,107,107,107,107,107,19,38,53,85,101,101,101],"floor_reached":33,"playtime":1791,"items_purged":["Pain","Strike_G"],"score":650,"play_id":"491889c7-7319-4afc-9377-113fac59d9a9","local_time":"20200208001942","is_ascension_mode":true,"campfire_choices":[{"data":"Skewer","floor":6.0,"key":"SMITH"},{"data":"Poisoned Stab","floor":12.0,"key":"SMITH"},{"data":"Crippling Poison","floor":15.0,"key":"SMITH"},{"floor":23.0,"key":"REST"},{"floor":25.0,"key":"REST"},{"floor":32.0,"key":"REST"}],"neow_cost":"NONE","seed_source_timestamp":2062365966630100,"circlet_count":0,"master_deck":["AscendersBane","Strike_G","Strike_G","Strike_G","Strike_G","Defend_G","Defend_G","Defend_G","Defend_G","Defend_G","Survivor","Neutralize","Deadly Poison","Dagger Throw","Skewer+1","Poisoned Stab+1","Bouncing Flask+1","Crippling Poison+1","Corpse Explosion","Backstab","Dodge and Roll","Well Laid Plans","Footwork","Backflip","Noxious Fumes","PiercingWail"],"special_seed":0,"relics":["Ring of the Snake","WarpedTongs","FossilizedHelix","Nunchaku","Velvet Choker","Art of War","Bird Faced Urn"],"potions_floor_usage":[33],"damage_taken":[{"damage":7.0,"enemies":"Jaw Worm","floor":1.0,"turns":10.0},{"damage":3.0,"enemies":"Cultist","floor":2.0,"turns":5.0},{"damage":1.0,"enemies":"Small Slimes","floor":5.0,"turns":2.0},{"damage":8.0,"enemies":"Gremlin Nob","floor":7.0,"turns":3.0},{"damage":5.0,"enemies":"Looter","floor":8.0,"turns":3.0},{"damage":14.0,"enemies":"3 Sentries","floor":14.0,"turns":9.0},{"damage":0.0,"enemies":"Slime Boss","floor":16.0,"turns":6.0},{"damage":17.0,"enemies":"2 Thieves","floor":18.0,"turns":3.0},{"damage":0.0,"enemies":"Chosen","floor":21.0,"turns":3.0},{"damage":13.0,"enemies":"Snake Plant","floor":22.0,"turns":4.0},{"damage":5.0,"enemies":"Snecko","floor":28.0,"turns":5.0},{"damage":3.0,"enemies":"Chosen and Byrds","floor":29.0,"turns":5.0},{"damage":15.0,"enemies":"Gremlin Leader","floor":30.0,"turns":6.0},{"damage":0.0,"enemies":"Centurion and Healer","floor":31.0,"turns":5.0},{"damage":80,"enemies":"Automaton","floor":33,"turns":10}],"seed_played":"-8423576872845516674","potions_obtained":[{"floor":0.0,"key":"CunningPotion"},{"floor":0.0,"key":"BlessingOfTheForge"},{"floor":7.0,"key":"LiquidMemories"},{"floor":8.0,"key":"Fire Potion"},{"floor":14.0,"key":"Fire Potion"},{"floor":16.0,"key":"CunningPotion"},{"floor":29.0,"key":"LiquidMemories"},{"floor":31.0,"key":"Energy Potion"}],"is_trial":false,"path_per_floor":["M","M","?","?","M","R","E","M","T","$","?","R","?","E","R","B",null,"M","?","$","M","M","R","?","R","T","$","M","M","E","M","R","B"],"character_chosen":"THE_SILENT","items_purchased":["Bouncing Flask","Well Laid Plans","Fire Potion","Noxious Fumes"],"campfire_rested":3,"item_purchase_floors":[10,20,20,27],"current_hp_per_floor":[52,49,49,49,48,48,40,35,35,35,35,35,35,21,21,21,55,38,38,38,38,25,44,26,47,47,47,42,39,24,30,51,0],"gold":101,"neow_bonus":"THREE_SMALL_POTIONS","is_prod":false,"is_daily":false,"chose_seed":false,"campfire_upgraded":3,"win_rate":0,"timestamp":1581121182,"path_taken":["M","M","?","?","?","R","E","?","T","$","?","R","?","E","R","BOSS","M","?","$","M","M","R","?","R","T","?","?","M","E","M","R","BOSS"],"build_version":"2020-01-27","purchased_purges":2,"victory":false,"max_hp_per_floor":[66,66,66,66,66,66,66,66,66,66,66,66,66,66,66,66,66,66,66,66,66,66,66,71,71,71,71,71,71,71,71,71,71],"card_choices":[{"not_picked":["Dodge and Roll","Acrobatics"],"picked":"Deadly Poison","floor":1.0},{"not_picked":["Bane","Choke"],"picked":"Dagger Throw","floor":2.0},{"not_picked":["Quick Slash","Blur"],"picked":"Skewer","floor":5.0},{"not_picked":["Storm of Steel","Dagger Throw","Acrobatics"],"picked":"SKIP","floor":7.0},{"not_picked":["PiercingWail","Deadly Poison"],"picked":"Poisoned Stab","floor":8.0},{"not_picked":["Backflip","PiercingWail"],"picked":"Crippling Poison","floor":14.0},{"not_picked":["Venomology","Phantasmal Killer"],"picked":"Corpse Explosion","floor":16.0},{"not_picked":["Cloak And Dagger","Crippling Poison"],"picked":"Backstab","floor":18.0},{"not_picked":["Setup","Accuracy"],"picked":"Footwork","floor":21.0},{"not_picked":["Terror","Prepared"],"picked":"Backflip","floor":22.0},{"not_picked":["Noxious Fumes","Heel Hook","Endless Agony"],"picked":"SKIP","floor":28.0},{"not_picked":["All Out Attack","Blade Dance","Dagger Throw"],"picked":"SKIP","floor":29.0},{"not_picked":["Distraction","Underhanded Strike"],"picked":"PiercingWail","floor":30.0},{"not_picked":["Bane","Flying Knee","Sucker Punch"],"picked":"SKIP","floor":31.0}],"player_experience":2193528,"relics_obtained":[{"floor":7.0,"key":"FossilizedHelix"},{"floor":14.0,"key":"Nunchaku"},{"floor":26.0,"key":"Art of War"},{"floor":30.0,"key":"Bird Faced Urn"}],"event_choices":[{"damage_healed":0.0,"max_hp_gain":0.0,"max_hp_loss":0.0,"gold_gain":0.0,"event_name":"The Cleric","player_choice":"Leave","floor":3.0,"gold_loss":0.0,"damage_taken":0.0},{"damage_healed":0.0,"max_hp_gain":0.0,"max_hp_loss":0.0,"gold_gain":0.0,"event_name":"Accursed Blacksmith","player_choice":"Rummage","floor":4.0,"gold_loss":0.0,"damage_taken":0.0,"relics_obtained":["WarpedTongs"],"cards_obtained":["Pain"]},{"damage_healed":0.0,"max_hp_gain":0.0,"max_hp_loss":0.0,"gold_gain":0.0,"event_name":"Living Wall","player_choice":"Grow","floor":11.0,"gold_loss":0.0,"damage_taken":0.0,"cards_upgraded":["Bouncing Flask"]},{"damage_healed":0.0,"max_hp_gain":0.0,"max_hp_loss":0.0,"gold_gain":80.0,"event_name":"Golden Wing","player_choice":"Gained Gold","floor":13.0,"gold_loss":0.0,"damage_taken":0.0},{"damage_healed":0.0,"max_hp_gain":0.0,"max_hp_loss":0.0,"gold_gain":0.0,"event_name":"The Library","player_choice":"Read","floor":19.0,"gold_loss":0.0,"damage_taken":0.0,"cards_obtained":["Dodge and Roll"]},{"damage_healed":0.0,"max_hp_gain":5.0,"max_hp_loss":0.0,"gold_gain":0.0,"event_name":"Forgotten Altar","player_choice":"Shed Blood","floor":24.0,"gold_loss":0.0,"damage_taken":23.0}],"is_beta":true,"boss_relics":[{"not_picked":["Philosopher\u0027s Stone","Coffee Dripper"],"picked":"Velvet Choker"}],"items_purged_floors":[10,20],"is_endless":false,"potions_floor_spawned":[7,8,14,16,29,31],"killed_by":"Automaton","ascension_level":20}