{"gold_per_floor":[116,133,133,78,97,97,109,4,4,15,43,55,55,80,80,154,154,168,168,7,18,18,18,50,62,97,125,167,189,226,255,267,354,366,398,410,435,232,282,307,323,358,358,358,371,69,89,89,89,89,89],"floor_reached":51,"playtime":5271,"items_purged":["Strike_G"],"score":1664,"play_id":"024a62d2-cc30-46a2-835c-a3782eb48992","local_time":"20200211233422","is_ascension_mode":true,"campfire_choices":[{"data":"Venomology","floor":6.0,"key":"SMITH"},{"data":"Bouncing Flask","floor":13.0,"key":"SMITH"},{"data":"Poisoned Stab","floor":15.0,"key":"SMITH"},{"data":"Wraith Form v2","floor":23.0,"key":"SMITH"},{"data":"Footwork","floor":25.0,"key":"SMITH"},{"data":"Noxious Fumes","floor":32,"key":"SMITH"},{"floor":49,"key":"RECALL"}],"neow_cost":"NONE","seed_source_timestamp":2401819169745200,"circlet_count":0,"master_deck":["AscendersBane","Strike_G+1","Strike_G+1","Strike_G+1","Strike_G+1","Defend_G+1","Defend_G+1","Defend_G+1","Defend_G+1","Defend_G+1","Survivor","Neutralize","Footwork","Poisoned Stab+1","Venomology+1","Bouncing Flask+1","PiercingWail","Wraith Form v2+1","Poisoned Stab","Dodge and Roll+1","Corpse Explosion","Leg Sweep","Backflip+1","Footwork+1","Escape Plan","Blur+1","Noxious Fumes+1","Adrenaline","Die Die Die","Dodge and Roll+1","Backflip","Master of Strategy","Finesse","Dark Shackles","PiercingWail","Deflect+1","Master of Strategy"],"special_seed":0,"relics":["Ring of the Snake","Toy Ornithopter","TungstenRod","Prayer Wheel","Lantern","Coffee Dripper","Nilry\u0027s Codex","PreservedInsect","MawBank","Nunchaku","Pear","War Paint","Black Star","Happy Flower","Singing Bowl","Shuriken","Oddly Smooth Stone","Vajra","Boot"],"potions_floor_usage":[30,30,31,33,33,35,37,40,40,41,42,44,45,47,47,47,50,50,51],"damage_taken":[{"damage":6.0,"enemies":"Small Slimes","floor":1.0,"turns":6.0},{"damage":4.0,"enemies":"Cultist","floor":2.0,"turns":4.0},{"damage":2.0,"enemies":"Jaw Worm","floor":5.0,"turns":7.0},{"damage":6.0,"enemies":"Blue Slaver","floor":7.0,"turns":6.0},{"damage":0.0,"enemies":"2 Fungi Beasts","floor":10.0,"turns":4.0},{"damage":15.0,"enemies":"Lagavulin","floor":11.0,"turns":6.0},{"damage":3.0,"enemies":"Large Slime","floor":12.0,"turns":7.0},{"damage":6.0,"enemies":"3 Sentries","floor":14.0,"turns":9.0},{"damage":19.0,"enemies":"Hexaghost","floor":16.0,"turns":8.0},{"damage":0.0,"enemies":"Spheric Guardian","floor":18.0,"turns":3.0},{"damage":0.0,"enemies":"Shell Parasite","floor":21.0,"turns":5.0},{"damage":16.0,"enemies":"Gremlin Leader","floor":24.0,"turns":7.0},{"damage":9.0,"enemies":"Centurion and Healer","floor":27.0,"turns":7.0},{"damage":0.0,"enemies":"Slavers","floor":28.0,"turns":4.0},{"damage":1.0,"enemies":"Snake Plant","floor":29.0,"turns":4.0},{"damage":3,"enemies":"Gremlin Leader","floor":30,"turns":5},{"damage":0,"enemies":"3 Cultists","floor":31,"turns":3},{"damage":20,"enemies":"Collector","floor":33,"turns":9},{"damage":0,"enemies":"Orb Walker","floor":35,"turns":6},{"damage":2,"enemies":"3 Darklings","floor":37,"turns":4},{"damage":14,"enemies":"Giant Head","floor":40,"turns":10},{"damage":0,"enemies":"Writhing Mass","floor":41,"turns":8},{"damage":68,"enemies":"Nemesis","floor":42,"turns":9},{"damage":0,"enemies":"Giant Head","floor":44,"turns":3},{"damage":19,"enemies":"Spire Growth","floor":45,"turns":7},{"damage":5,"enemies":"Transient","floor":47,"turns":6},{"damage":3,"enemies":"Donu and Deca","floor":50,"turns":13},{"damage":45,"enemies":"Time Eater","floor":51,"turns":18}],"seed_played":"5757368259242484627","potions_obtained":[{"floor":1.0,"key":"DuplicationPotion"},{"floor":7.0,"key":"PowerPotion"},{"floor":12.0,"key":"EssenceOfSteel"},{"floor":16.0,"key":"FearPotion"},{"floor":24.0,"key":"SkillPotion"},{"floor":28.0,"key":"PowerPotion"},{"floor":30,"key":"Strength Potion"},{"floor":33,"key":"FearPotion"},{"floor":35,"key":"LiquidMemories"},{"floor":40,"key":"Strength Potion"},{"floor":45,"key":"Ancient Potion"},{"floor":47,"key":"PowerPotion"}],"is_trial":false,"path_per_floor":["M","M","$","?","M","R","M","$","T","M","E","M","R","E","R","B",null,"M","?","$","M","?","R","E","R","T","M","E","M","E","M","R","B",null,"M","?","M","$","?","E","M","E","T","E","M","$","M","?","R","B","B"],"character_chosen":"THE_SILENT","items_purchased":["PiercingWail","PreservedInsect","Happy Flower","PiercingWail","Master of Strategy","LiquidMemories"],"campfire_rested":0,"item_purchase_floors":[8,20,38,38,46,46],"current_hp_per_floor":[53,49,49,49,52,52,46,46,46,51,41,48,48,52,52,38,59,59,42,42,52,52,52,41,41,41,42,52,56,63,68,68,58,72,76,67,70,70,70,64,73,10,10,15,5,5,19,19,19,26,0],"gold":89,"neow_bonus":"RANDOM_COMMON_RELIC","is_prod":false,"is_daily":false,"chose_seed":false,"campfire_upgraded":6,"win_rate":0,"timestamp":1581464062,"path_taken":["M","M","$","?","M","R","M","?","T","M","E","M","R","E","R","BOSS","M","?","$","M","?","R","E","R","T","M","E","M","E","M","R","BOSS","M","?","M","$","?","E","?","E","T","E","M","?","M","?","R","BOSS","BOSS"],"build_version":"2020-01-27","purchased_purges":1,"victory":false,"max_hp_per_floor":[66,66,66,66,66,66,66,66,66,66,66,66,66,66,66,66,66,66,66,66,66,66,66,66,66,66,66,76,76,76,76,76,76,76,76,76,76,76,76,78,82,82,82,82,86,86,90,90,90,90,90],"card_choices":[{"not_picked":["Dagger Throw","Poisoned Stab"],"picked":"Footwork","floor":1.0},{"not_picked":["Acrobatics","Well Laid Plans"],"picked":"Poisoned Stab","floor":2.0},{"not_picked":["Cloak And Dagger","Dagger Spray"],"picked":"Venomology","floor":5.0},{"not_picked":["Prepared","Concentrate"],"picked":"Bouncing Flask","floor":7.0},{"not_picked":["Riddle With Holes","Endless Agony","Deflect"],"picked":"SKIP","floor":10.0},{"not_picked":["Blur","Dodge and Roll"],"picked":"Wraith Form v2","floor":11.0},{"not_picked":["Dodge and Roll","Dagger Spray"],"picked":"Poisoned Stab","floor":12.0},{"not_picked":["Flying Knee","Masterful Stab","Caltrops"],"picked":"SKIP","floor":12.0},{"not_picked":["Outmaneuver","Tools of the Trade"],"picked":"Dodge and Roll","floor":14.0},{"not_picked":["Grand Finale","Doppelganger"],"picked":"Corpse Explosion","floor":16.0},{"not_picked":["Backstab","Infinite Blades+1"],"picked":"Leg Sweep","floor":18.0},{"not_picked":["All Out Attack","Eviscerate","Flying Knee"],"picked":"SKIP","floor":18.0},{"not_picked":["Outmaneuver","Dagger Spray"],"picked":"Backflip+1","floor":21.0},{"not_picked":["Outmaneuver","Riddle With Holes","Blade Dance"],"picked":"SKIP","floor":21.0},{"not_picked":["Accuracy","Dash"],"picked":"Footwork","floor":24.0},{"not_picked":["All Out Attack","Heel Hook","Terror"],"picked":"SKIP","floor":27.0},{"not_picked":["Flying Knee","Acrobatics","Poisoned Stab"],"picked":"SKIP","floor":27.0},{"not_picked":["Backstab","Distraction+1"],"picked":"Escape Plan","floor":28.0},{"not_picked":["Blade Dance","Calculated Gamble","Riddle With Holes"],"picked":"SKIP","floor":29.0},{"not_picked":["Dash","Poisoned Stab","Bane"],"picked":"SKIP","floor":29.0},{"not_picked":["Dagger Throw+1","Flechettes"],"picked":"Blur","floor":30},{"not_picked":["Reflex","Backstab"],"picked":"Noxious Fumes","floor":31},{"not_picked":["Dagger Spray","PiercingWail"],"picked":"Adrenaline","floor":31},{"not_picked":["Envenom","Corpse Explosion"],"picked":"Die Die Die","floor":33},{"not_picked":["Infinite Blades","Riddle With Holes+1"],"picked":"Dodge and Roll+1","floor":35},{"not_picked":["Acrobatics","Outmaneuver"],"picked":"Backflip","floor":35},{"not_picked":["Mayhem","Violence"],"picked":"Master of Strategy","floor":36},{"not_picked":["PanicButton","Panacea"],"picked":"Finesse","floor":36},{"not_picked":["Good Instincts","Flash of Steel"],"picked":"Dark Shackles","floor":36},{"not_picked":["Dodge and Roll","Infinite Blades","Dagger Throw"],"picked":"SKIP","floor":37},{"not_picked":["Masterful Stab","Slice","Distraction"],"picked":"SKIP","floor":37},{"not_picked":["Dash","PiercingWail","Night Terror"],"picked":"Singing Bowl","floor":40},{"not_picked":["Riddle With Holes","Underhanded Strike","Flying Knee+1"],"picked":"Singing Bowl","floor":41},{"not_picked":["Quick Slash","Setup+1","Accuracy"],"picked":"Singing Bowl","floor":41},{"not_picked":["Cloak And Dagger","Poisoned Stab"],"picked":"Deflect+1","floor":42},{"not_picked":["Slice","Escape Plan","Deflect"],"picked":"Singing Bowl","floor":45},{"not_picked":["Finisher","Poisoned Stab","Concentrate+1"],"picked":"Singing Bowl","floor":45},{"not_picked":["Sucker Punch","Backstab","Concentrate"],"picked":"Singing Bowl","floor":47},{"not_picked":["Deadly Poison","Dagger Throw","Blade Dance"],"picked":"Singing Bowl","floor":47}],"player_experience":2262306,"relics_obtained":[{"floor":11.0,"key":"Prayer Wheel"},{"floor":14.0,"key":"Lantern"},{"floor":19.0,"key":"Nilry\u0027s Codex"},{"floor":24.0,"key":"MawBank"},{"floor":26.0,"key":"Nunchaku"},{"floor":28.0,"key":"Pear"},{"floor":30,"key":"War Paint"},{"floor":40,"key":"Singing Bowl"},{"floor":40,"key":"Shuriken"},{"floor":42,"key":"Oddly Smooth Stone"},{"floor":42,"key":"Vajra"},{"floor":43,"key":"Boot"}],"event_choices":[{"damage_healed":0.0,"max_hp_gain":0.0,"max_hp_loss":0.0,"gold_gain":0.0,"event_name":"WeMeetAgain","player_choice":"Paid Gold","floor":4.0,"gold_loss":55.0,"damage_taken":0.0,"relics_obtained":["TungstenRod"]},{"damage_healed":0.0,"max_hp_gain":0.0,"max_hp_loss":0.0,"gold_gain":0.0,"event_name":"Cursed Tome","player_choice":"Obtained Book","floor":19.0,"gold_loss":0.0,"damage_taken":21.0},{"damage_healed":0.0,"max_hp_gain":0.0,"max_hp_loss":0.0,"gold_gain":0.0,"event_name":"Back to Basics","player_choice":"Simplicity","floor":22.0,"gold_loss":0.0,"damage_taken":0.0,"cards_upgraded":["Strike_G","Strike_G","Strike_G","Strike_G","Defend_G","Defend_G","Defend_G","Defend_G","Defend_G"]},{"damage_healed":0,"gold_gain":0,"player_choice":"Memory 3","damage_taken":10,"max_hp_gain":0,"max_hp_loss":0,"event_name":"SensoryStone","floor":36,"gold_loss":0},{"damage_healed":0,"gold_gain":50,"player_choice":"Pray","damage_taken":0,"max_hp_gain":0,"max_hp_loss":0,"event_name":"Golden Shrine","floor":39,"gold_loss":0},{"damage_healed":0,"gold_gain":0,"player_choice":"Ignored","damage_taken":0,"max_hp_gain":0,"max_hp_loss":0,"event_name":"Mysterious Sphere","floor":48,"gold_loss":0}],"is_beta":true,"boss_relics":[{"not_picked":["Sozu","Ectoplasm"],"picked":"Coffee Dripper"},{"not_picked":["Snecko Eye","Philosopher\u0027s Stone"],"picked":"Black Star"}],"items_purged_floors":[8],"is_endless":false,"potions_floor_spawned":[1,7,10,12,16,24,28,30,31,33,35,40,45,47],"killed_by":"Time Eater","ascension_level":20}