{"gold_per_floor":[210,227,239,239,255,284,284,284,284,195,223,46,46,78,78,156,156,167,167,167,167,41,41,57,57,57,57,89,89,89,89,89,89],"floor_reached":33,"playtime":2096,"items_purged":["Strike_G","Strike_G+1"],"score":654,"play_id":"ecdecca7-1845-4f1a-b4d4-2341cfb7b0e9","local_time":"20200211203400","is_ascension_mode":true,"campfire_choices":[{"data":"Dagger Spray","floor":8,"key":"SMITH"},{"data":"Poisoned Stab","floor":13,"key":"SMITH"},{"data":"Footwork","floor":15,"key":"SMITH"},{"data":"Ghostly","floor":23,"key":"SMITH"},{"data":"Ghostly","floor":25,"key":"SMITH"},{"data":"Ghostly","floor":27,"key":"SMITH"},{"data":"PiercingWail","floor":30,"key":"SMITH"},{"data":"Leg Sweep","floor":32,"key":"SMITH"}],"neow_cost":"NONE","seed_source_timestamp":2394284161624500,"circlet_count":0,"master_deck":["AscendersBane","Strike_G+1","Strike_G+1","Strike_G+1","Defend_G+1","Defend_G+1","Defend_G+1","Defend_G+1","Defend_G+1","Survivor","Neutralize","Deadly Poison","Dagger Throw","Poisoned Stab+1","Dagger Spray+1","Footwork+1","Backstab","Poisoned Stab+1","Blur","Dodge and Roll","Ghostly+1","Ghostly+1","Ghostly+1","PiercingWail+1","Leg Sweep+1"],"relics":["Ring of the Snake","Pear","Blood Vial","Meat on the Bone","Vajra","Bronze Scales","Black Star","InkBottle","Juzu Bracelet","Bird Faced Urn"],"potions_floor_usage":[6,11,28,28],"damage_taken":[{"damage":1,"enemies":"Jaw Worm","floor":1,"turns":5},{"damage":4,"enemies":"2 Louse","floor":2,"turns":4},{"damage":2,"enemies":"Small Slimes","floor":3,"turns":6},{"damage":2,"enemies":"2 Fungi Beasts","floor":5,"turns":4},{"damage":17,"enemies":"3 Sentries","floor":6,"turns":8},{"damage":31,"enemies":"Lagavulin","floor":11,"turns":9},{"damage":0,"enemies":"Gremlin Nob","floor":14,"turns":3},{"damage":2,"enemies":"The Guardian","floor":16,"turns":9},{"damage":18,"enemies":"Spheric Guardian","floor":18,"turns":6},{"damage":2,"enemies":"Chosen","floor":24,"turns":5},{"damage":0,"enemies":"Gremlin Leader","floor":28,"turns":8},{"damage":69,"enemies":"Champ","floor":33,"turns":20}],"seed_played":"446641261623156661","potions_obtained":[{"floor":2,"key":"Fruit Juice"},{"floor":5,"key":"SpeedPotion"},{"floor":11,"key":"Explosive Potion"},{"floor":14,"key":"PowerPotion"}],"is_trial":false,"path_per_floor":["M","M","M","?","M","E","?","R","T","$","E","$","R","E","R","B",null,"M","?","?","?","$","R","M","R","T","R","E","?","R","?","R","B"],"character_chosen":"THE_SILENT","items_purchased":["Footwork","Poisoned Stab","Blur","PiercingWail"],"campfire_rested":0,"item_purchase_floors":[10,12,12,22],"current_hp_per_floor":[58,54,52,52,50,48,48,48,48,48,31,31,31,45,45,45,72,56,56,40,40,40,40,38,38,38,38,40,40,40,40,40,0],"gold":89,"neow_bonus":"HUNDRED_GOLD","is_prod":false,"is_daily":false,"chose_seed":false,"campfire_upgraded":8,"win_rate":0,"timestamp":1581453240,"path_taken":["M","M","M","?","M","E","?","R","T","?","E","$","R","E","R","BOSS","M","?","?","?","$","R","M","R","T","R","E","?","R","?","R","BOSS"],"build_version":"2020-01-27","purchased_purges":2,"victory":false,"max_hp_per_floor":[66,66,66,66,66,81,81,81,81,81,81,81,81,81,81,81,81,81,81,40,40,40,40,40,40,40,40,40,40,40,40,40,40],"card_choices":[{"not_picked":["Outmaneuver","PiercingWail"],"picked":"Deadly Poison","floor":1},{"not_picked":["Heel Hook","Backflip"],"picked":"Dagger Throw","floor":2},{"not_picked":["Slice","Calculated Gamble"],"picked":"Poisoned Stab","floor":3},{"not_picked":["Backflip","Slice"],"picked":"Dagger Spray","floor":5},{"not_picked":["Flechettes","Slice","Deadly Poison"],"picked":"SKIP","floor":6},{"not_picked":["Acrobatics","Tools of the Trade"],"picked":"Backstab","floor":11},{"not_picked":["Quick Slash","Masterful Stab","Infinite Blades"],"picked":"SKIP","floor":14},{"not_picked":["Distraction","Dagger Throw"],"picked":"Dodge and Roll","floor":18},{"not_picked":["Backstab","Bane","Finisher+1"],"picked":"SKIP","floor":24},{"not_picked":["Dash","Flying Knee"],"picked":"Leg Sweep","floor":28}],"player_experience":2260210,"relics_obtained":[{"floor":6,"key":"Pear"},{"floor":9,"key":"Meat on the Bone"},{"floor":11,"key":"Vajra"},{"floor":14,"key":"Bronze Scales"},{"floor":26,"key":"InkBottle"},{"floor":28,"key":"Juzu Bracelet"},{"floor":28,"key":"Bird Faced Urn"}],"event_choices":[{"damage_healed":0,"gold_gain":0,"player_choice":"Grow","damage_taken":0,"max_hp_gain":0,"max_hp_loss":0,"event_name":"Living Wall","floor":4,"gold_loss":0,"cards_upgraded":["Poisoned Stab"]},{"damage_healed":0,"gold_gain":0,"player_choice":"Searched \u00271\u0027 times","damage_taken":0,"relics_obtained":["Blood Vial"],"max_hp_gain":0,"max_hp_loss":0,"event_name":"Dead Adventurer","floor":7,"gold_loss":0},{"damage_healed":0,"gold_gain":0,"player_choice":"Ignored","damage_taken":0,"max_hp_gain":0,"max_hp_loss":0,"event_name":"The Mausoleum","floor":19,"gold_loss":0},{"damage_healed":0,"gold_gain":0,"player_choice":"Became a Ghost","damage_taken":0,"max_hp_gain":0,"max_hp_loss":41,"event_name":"Ghosts","floor":20,"gold_loss":0,"cards_obtained":["Ghostly","Ghostly","Ghostly"]},{"damage_healed":0,"gold_gain":0,"player_choice":"Simplicity","damage_taken":0,"max_hp_gain":0,"max_hp_loss":0,"event_name":"Back to Basics","floor":21,"gold_loss":0,"cards_upgraded":["Strike_G","Strike_G","Strike_G","Strike_G","Defend_G","Defend_G","Defend_G","Defend_G","Defend_G"]},{"damage_healed":0,"gold_gain":0,"player_choice":"Ignored","damage_taken":0,"max_hp_gain":0,"max_hp_loss":0,"event_name":"Beggar","floor":29,"gold_loss":0},{"damage_healed":0,"gold_gain":0,"player_choice":"Ignored","damage_taken":0,"max_hp_gain":0,"max_hp_loss":0,"event_name":"Vampires","floor":31,"gold_loss":0}],"is_beta":true,"boss_relics":[{"not_picked":["Runic Pyramid","Ring of the Serpent"],"picked":"Black Star"}],"items_purged_floors":[12,22],"is_endless":false,"potions_floor_spawned":[2,5,11,14],"killed_by":"Champ","ascension_level":20}