{"gold_per_floor":[111,261,272,197,29,59,59,88,158,158,193,207,282,299,299,378,378,397,397,416,433,452,483,483,501,501,501,513,542,3,38,38,38],"floor_reached":33,"playtime":1694,"items_purged":["Doubt","Strike_G"],"score":700,"play_id":"10864ed8-d7d7-44d8-a990-ca55fc468e98","local_time":"20200207230242","is_ascension_mode":true,"campfire_choices":[{"data":"Predator","floor":7.0,"key":"SMITH"},{"data":"Cloak And Dagger","floor":15.0,"key":"SMITH"},{"floor":24.0,"key":"REST"},{"floor":27.0,"key":"REST"},{"data":"Blade Dance","floor":32.0,"key":"SMITH"}],"neow_cost":"NONE","seed_source_timestamp":2057949409105900,"circlet_count":0,"master_deck":["AscendersBane","Strike_G","Strike_G","Strike_G+1","Strike_G+1","Defend_G","Defend_G","Defend_G","Defend_G","Defend_G","Survivor+1","Neutralize","Dagger Throw+1","Predator+1","Die Die Die","Terror","Bouncing Flask","Flying Knee","Cloak And Dagger+1","PiercingWail","Venomology","Acrobatics","PiercingWail","Blade Dance+1","Eviscerate","Blade Dance+1","Riddle With Holes","Wraith Form v2"],"special_seed":0,"relics":["Ring of the Snake","NeowsBlessing","Toy Ornithopter","Mercury Hourglass","Shuriken","Whetstone","Snecko Eye","Lantern","Happy Flower","Sling","Mummified Hand","Blue Candle"],"potions_floor_usage":[33,33],"damage_taken":[{"damage":0.0,"enemies":"Jaw Worm","floor":1.0,"turns":1.0},{"damage":0.0,"enemies":"Small Slimes","floor":3.0,"turns":1.0},{"damage":0.0,"enemies":"3 Sentries","floor":6.0,"turns":1.0},{"damage":6.0,"enemies":"Gremlin Nob","floor":8.0,"turns":3.0},{"damage":9.0,"enemies":"3 Sentries","floor":11.0,"turns":4.0},{"damage":0.0,"enemies":"2 Louse","floor":12.0,"turns":1.0},{"damage":0.0,"enemies":"2 Fungi Beasts","floor":14.0,"turns":1.0},{"damage":6.0,"enemies":"The Guardian","floor":16.0,"turns":9.0},{"damage":6.0,"enemies":"2 Thieves","floor":18.0,"turns":3.0},{"damage":23.0,"enemies":"Spheric Guardian","floor":20.0,"turns":4.0},{"damage":18.0,"enemies":"Cultist and Chosen","floor":21.0,"turns":5.0},{"damage":6.0,"enemies":"Centurion and Healer","floor":22.0,"turns":7.0},{"damage":29.0,"enemies":"Slavers","floor":23.0,"turns":5.0},{"damage":19.0,"enemies":"Snake Plant","floor":25.0,"turns":3.0},{"damage":7.0,"enemies":"Chosen and Byrds","floor":28.0,"turns":3.0},{"damage":33.0,"enemies":"Gremlin Leader","floor":29.0,"turns":3.0},{"damage":2.0,"enemies":"Book of Stabbing","floor":31.0,"turns":2.0},{"damage":30,"enemies":"Automaton","floor":33,"turns":4}],"seed_played":"3669826458878989203","potions_obtained":[{"floor":3.0,"key":"EssenceOfSteel"},{"floor":6.0,"key":"AttackPotion"},{"floor":8.0,"key":"Dexterity Potion"},{"floor":12.0,"key":"SneckoOil"},{"floor":16.0,"key":"SneckoOil"},{"floor":18.0,"key":"Ancient Potion"},{"floor":21.0,"key":"Regen Potion"},{"floor":28.0,"key":"Fire Potion"}],"is_trial":false,"path_per_floor":["M","?","M","$","$","E","R","E","T","?","E","M","?","M","R","B",null,"M","?","M","M","M","E","R","M","T","R","M","E","$","E","R","B"],"character_chosen":"THE_SILENT","items_purchased":["Predator","Die Die Die","Sling","Mummified Hand"],"campfire_rested":2,"item_purchase_floors":[5,5,30,30],"current_hp_per_floor":[59,59,59,59,59,59,59,58,58,38,39,39,28,28,28,22,55,54,54,41,23,42,18,37,18,18,37,35,7,7,15,20,0],"gold":38,"neow_bonus":"THREE_ENEMY_KILL","is_prod":false,"is_daily":false,"chose_seed":false,"campfire_upgraded":3,"win_rate":0,"timestamp":1581116562,"path_taken":["M","?","M","?","$","E","R","E","T","?","E","M","?","M","R","BOSS","M","?","M","M","M","E","R","M","T","R","M","E","$","E","R","BOSS"],"build_version":"2020-01-27","purchased_purges":2,"victory":false,"max_hp_per_floor":[66,66,66,66,66,66,66,66,66,66,66,66,66,66,66,66,66,66,66,66,66,66,66,66,66,66,66,66,66,66,66,66,66],"card_choices":[{"not_picked":["Backflip","Quick Slash"],"picked":"Dagger Throw","floor":1.0},{"not_picked":["Blade Dance","Bane","Slice"],"picked":"SKIP","floor":3.0},{"not_picked":["Concentrate","Blur"],"picked":"Terror","floor":6.0},{"not_picked":["Terror","Outmaneuver"],"picked":"Bouncing Flask","floor":8.0},{"not_picked":["Predator","Expertise"],"picked":"Flying Knee","floor":11.0},{"not_picked":["All Out Attack","Catalyst"],"picked":"Cloak And Dagger","floor":12.0},{"not_picked":["Quick Slash","Poisoned Stab"],"picked":"PiercingWail","floor":14.0},{"not_picked":["Storm of Steel","Corpse Explosion"],"picked":"Venomology","floor":16.0},{"not_picked":["Dagger Throw","Slice"],"picked":"Acrobatics","floor":18.0},{"not_picked":["Acrobatics","Dagger Throw"],"picked":"PiercingWail","floor":20.0},{"not_picked":["Finisher","Envenom"],"picked":"Blade Dance","floor":21.0},{"not_picked":["Slice","Well Laid Plans"],"picked":"Eviscerate","floor":22.0},{"not_picked":["Venomology","Noxious Fumes","Endless Agony+1"],"picked":"SKIP","floor":23.0},{"not_picked":["Deadly Poison","Sucker Punch","Deflect"],"picked":"SKIP","floor":25.0},{"not_picked":["Flying Knee+1","Backstab"],"picked":"Blade Dance+1","floor":28.0},{"not_picked":["Outmaneuver+1","Poisoned Stab"],"picked":"Riddle With Holes","floor":29.0},{"not_picked":["Dodge and Roll","Bane"],"picked":"Wraith Form v2","floor":31.0}],"player_experience":2190289,"relics_obtained":[{"floor":6.0,"key":"Toy Ornithopter"},{"floor":8.0,"key":"Mercury Hourglass"},{"floor":9.0,"key":"Shuriken"},{"floor":11.0,"key":"Whetstone"},{"floor":23.0,"key":"Lantern"},{"floor":29.0,"key":"Happy Flower"},{"floor":31.0,"key":"Blue Candle"}],"event_choices":[{"damage_healed":0.0,"max_hp_gain":0.0,"max_hp_loss":0.0,"gold_gain":150.0,"event_name":"Liars Game","player_choice":"AGREE","floor":2.0,"gold_loss":0.0,"damage_taken":0.0,"cards_obtained":["Doubt"]},{"damage_healed":0.0,"max_hp_gain":0.0,"max_hp_loss":0.0,"gold_gain":0.0,"event_name":"Shining Light","player_choice":"Entered Light","floor":10.0,"gold_loss":0.0,"damage_taken":20.0,"cards_upgraded":["Dagger Throw","Survivor"]},{"damage_healed":0.0,"max_hp_gain":0.0,"max_hp_loss":0.0,"gold_gain":75.0,"event_name":"World of Goop","player_choice":"Gather Gold","floor":13.0,"gold_loss":0.0,"damage_taken":11.0},{"damage_healed":0.0,"max_hp_gain":0.0,"max_hp_loss":0.0,"gold_gain":0.0,"event_name":"Vampires","player_choice":"Ignored","floor":19.0,"gold_loss":0.0,"damage_taken":0.0}],"is_beta":true,"boss_relics":[{"not_picked":["WristBlade","HoveringKite"],"picked":"Snecko Eye"}],"items_purged_floors":[4,30],"is_endless":false,"potions_floor_spawned":[3,6,8,12,16,18,21,28,29],"killed_by":"Automaton","ascension_level":20}