{"gold_per_floor":[114,114,18,28,42,69,69,87,133,163,43,43,43,57,57,57],"floor_reached":16,"playtime":879,"items_purged":[],"score":220,"play_id":"f847df93-60f9-4fb4-afd0-16a5059993a8","local_time":"20200207234654","is_ascension_mode":true,"campfire_choices":[{"data":"Poisoned Stab","floor":7,"key":"SMITH"},{"floor":12,"key":"REST"},{"data":"Cloak And Dagger","floor":15,"key":"SMITH"}],"neow_cost":"NONE","seed_source_timestamp":2061471376249200,"circlet_count":0,"master_deck":["AscendersBane","Strike_G","Strike_G","Strike_G","Strike_G","Defend_G","Defend_G","Defend_G","Defend_G","Defend_G","Survivor","Neutralize","Flying Knee","Dash","Poisoned Stab+1","PiercingWail","Dagger Spray","Finesse","Dodge and Roll","Cloak And Dagger+1"],"relics":["Ring of the Snake","Kunai","Akabeko","Snake Skull","StrikeDummy"],"potions_floor_usage":[6,10,16,16],"damage_taken":[{"damage":0,"enemies":"2 Louse","floor":1,"turns":4},{"damage":0,"enemies":"Cultist","floor":4,"turns":4},{"damage":7,"enemies":"Jaw Worm","floor":5,"turns":5},{"damage":36,"enemies":"Lagavulin","floor":6,"turns":9},{"damage":0,"enemies":"Large Slime","floor":8,"turns":6},{"damage":19,"enemies":"Gremlin Nob","floor":10,"turns":4},{"damage":1,"enemies":"Looter","floor":14,"turns":4},{"damage":32,"enemies":"Slime Boss","floor":16,"turns":9}],"seed_played":"-5790152386174416515","potions_obtained":[{"floor":6,"key":"Fruit Juice"},{"floor":8,"key":"SkillPotion"},{"floor":14,"key":"DuplicationPotion"}],"is_trial":false,"path_per_floor":["M","?","$","M","M","E","R","M","T","E","$","R","T","M","R","B"],"character_chosen":"THE_SILENT","items_purchased":["Dash","Strength Potion","Finesse","Dodge and Roll"],"campfire_rested":1,"item_purchase_floors":[3,3,11,11],"current_hp_per_floor":[65,65,65,65,58,22,22,22,22,3,3,24,24,23,23,0],"gold":57,"neow_bonus":"TEN_PERCENT_HP_BONUS","is_prod":false,"is_daily":false,"chose_seed":false,"campfire_upgraded":2,"win_rate":0,"timestamp":1581119214,"path_taken":["M","?","$","M","M","E","R","M","T","E","?","R","?","M","R","BOSS"],"build_version":"2020-01-27","purchased_purges":0,"victory":false,"max_hp_per_floor":[72,72,72,72,72,72,72,72,72,72,72,72,72,72,72,77],"card_choices":[{"not_picked":["Dodge and Roll","Bane"],"picked":"Flying Knee","floor":1},{"not_picked":["Escape Plan","Flying Knee"],"picked":"Poisoned Stab","floor":4},{"not_picked":["Concentrate","Dodge and Roll","Doppelganger"],"picked":"SKIP","floor":5},{"not_picked":["Accuracy","Blade Dance","Skewer"],"picked":"SKIP","floor":6},{"not_picked":["Sucker Punch","Dodge and Roll"],"picked":"PiercingWail","floor":8},{"not_picked":["Escape Plan","Dodge and Roll"],"picked":"Dagger Spray","floor":10},{"not_picked":["Backstab","Acrobatics"],"picked":"Cloak And Dagger","floor":14}],"player_experience":2192649,"relics_obtained":[{"floor":6,"key":"Kunai"},{"floor":9,"key":"Akabeko"},{"floor":10,"key":"Snake Skull"},{"floor":13,"key":"StrikeDummy"}],"event_choices":[{"cards_removed":["Strike_G"],"damage_healed":0,"gold_gain":0,"player_choice":"Card Removal","damage_taken":0,"max_hp_gain":0,"max_hp_loss":0,"event_name":"Wheel of Change","floor":2,"gold_loss":0}],"is_beta":true,"boss_relics":[],"items_purged_floors":[],"is_endless":false,"potions_floor_spawned":[6,8,14],"killed_by":"Slime Boss","ascension_level":20}