{"gold_per_floor":[115,115,127,146,71,71,71,71,98,98,131,50,50,83,83,159,159,177,210,210,228,278,278,311,311,338,370,389,389,414,0,0,74,74,87,99,99,113,38,38,70,80,80,80,99,133,146,177,177,177,177],"floor_reached":51,"playtime":4753,"items_purged":["Pain","Strike_G"],"score":1498,"play_id":"1ad298c2-077f-40ed-8d00-a7da09c577cf","local_time":"20200211153017","is_ascension_mode":true,"campfire_choices":[{"data":"Sucker Punch","floor":6.0,"key":"SMITH"},{"data":"Footwork","floor":10.0,"key":"SMITH"},{"data":"Noxious Fumes","floor":15.0,"key":"SMITH"},{"floor":23.0,"key":"REST"},{"data":"Malaise","floor":25.0,"key":"SMITH"},{"floor":29,"key":"REST"},{"floor":32,"key":"DIG"},{"floor":40,"key":"DIG"},{"floor":44,"key":"REST"},{"floor":49,"key":"RECALL"}],"neow_cost":"NONE","seed_source_timestamp":2373355559208600,"circlet_count":0,"master_deck":["AscendersBane","Strike_G","Defend_G","Defend_G","Defend_G","Defend_G","Defend_G","Survivor","Neutralize","Footwork+1","Sucker Punch+1","Bouncing Flask","Noxious Fumes+1","Dagger Spray","Malaise+1","CurseOfTheBell","Escape Plan+1","PiercingWail+1","Backflip+1","Well Laid Plans","Blur+1","Deflect+1","Die Die Die","PiercingWail+1","Deadly Poison+1","Heel Hook","Venomology+1","Cloak And Dagger+1","Catalyst+1","Acrobatics+1","Deflect+1"],"special_seed":0,"relics":["Ring of the Snake","NeowsBlessing","WarpedTongs","Mercury Hourglass","Blood Vial","Orichalcum","Pen Nib","Calling Bell","PreservedInsect","Toxic Egg 2","Bird Faced Urn","Red Mask","Shovel","Regal Pillow","Juzu Bracelet","Strawberry","Art of War","The Courier","Sozu","StrikeDummy","Dream Catcher","Bag of Marbles","MealTicket"],"potions_floor_usage":[28,50],"damage_taken":[{"damage":0.0,"enemies":"2 Louse","floor":1.0,"turns":1.0},{"damage":1.0,"enemies":"Cultist","floor":3.0,"turns":1.0},{"damage":1.0,"enemies":"Jaw Worm","floor":4.0,"turns":1.0},{"damage":20.0,"enemies":"3 Sentries","floor":11.0,"turns":7.0},{"damage":7.0,"enemies":"Lagavulin","floor":14.0,"turns":5.0},{"damage":28.0,"enemies":"The Guardian","floor":16.0,"turns":9.0},{"damage":4.0,"enemies":"3 Byrds","floor":18.0,"turns":4.0},{"damage":26.0,"enemies":"Masked Bandits","floor":19.0,"turns":4.0},{"damage":8.0,"enemies":"Shell Parasite","floor":21.0,"turns":9.0},{"damage":21.0,"enemies":"Book of Stabbing","floor":24.0,"turns":6.0},{"damage":29,"enemies":"Slavers","floor":27,"turns":4},{"damage":8,"enemies":"Chosen and Byrds","floor":28,"turns":6},{"damage":13,"enemies":"Book of Stabbing","floor":30,"turns":7},{"damage":37,"enemies":"Champ","floor":33,"turns":15},{"damage":4,"enemies":"Orb Walker","floor":35,"turns":5},{"damage":1,"enemies":"3 Shapes","floor":36,"turns":7},{"damage":0,"enemies":"3 Darklings","floor":38,"turns":6},{"damage":4,"enemies":"Giant Head","floor":41,"turns":9},{"damage":42,"enemies":"Jaw Worm Horde","floor":42,"turns":6},{"damage":0,"enemies":"4 Shapes","floor":45,"turns":6},{"damage":14,"enemies":"Reptomancer","floor":46,"turns":7},{"damage":0,"enemies":"Sphere and 2 Shapes","floor":47,"turns":5},{"damage":8,"enemies":"Nemesis","floor":48,"turns":7},{"damage":77,"enemies":"Donu and Deca","floor":50,"turns":16},{"damage":13,"enemies":"Time Eater","floor":51,"turns":6}],"seed_played":"3046167385573712904","potions_obtained":[{"floor":4.0,"key":"Regen Potion"},{"floor":11.0,"key":"BlessingOfTheForge"},{"floor":21.0,"key":"Regen Potion"},{"floor":24.0,"key":"Weak Potion"},{"floor":27,"key":"Fruit Juice"},{"floor":28,"key":"Strength Potion"},{"floor":33,"key":"PowerPotion"}],"is_trial":false,"path_per_floor":["M","?","M","M","$","R","T","?","T","R","E","$","$","E","R","B",null,"M","?","?","M","?","R","E","R","T","E","M","R","E","$","R","B",null,"M","M","?","M","?","R","E","M","T","R","M","E","M","E","R","B","B"],"character_chosen":"THE_SILENT","items_purchased":["Noxious Fumes","Blur+1","Deflect+1","Art of War"],"campfire_rested":3,"item_purchase_floors":[12,31,31,31],"current_hp_per_floor":[59,59,58,57,57,57,57,57,57,57,39,39,39,49,49,23,55,57,37,37,35,29,48,48,48,48,25,28,64,64,64,64,35,67,71,78,78,78,78,78,74,39,39,77,78,66,72,72,72,5,0],"gold":177,"neow_bonus":"THREE_ENEMY_KILL","is_prod":false,"is_daily":false,"chose_seed":false,"campfire_upgraded":4,"win_rate":0,"timestamp":1581435017,"path_taken":["M","?","M","?","$","R","?","?","T","R","E","?","$","E","R","BOSS","M","?","?","M","?","R","E","R","T","E","M","R","E","$","R","BOSS","M","M","?","M","?","R","E","M","T","R","M","E","M","E","R","BOSS","BOSS"],"build_version":"2020-01-27","purchased_purges":2,"victory":false,"max_hp_per_floor":[66,66,66,66,66,66,66,66,66,66,66,66,66,66,66,66,66,66,66,66,66,66,66,66,66,66,66,71,71,78,78,78,78,78,78,78,78,78,78,78,78,78,78,78,78,78,78,78,78,78,78],"card_choices":[{"not_picked":["Flying Knee","Outmaneuver"],"picked":"Footwork","floor":1.0},{"not_picked":["Infinite Blades","Acrobatics","Distraction"],"picked":"SKIP","floor":3.0},{"not_picked":["Cloak And Dagger","Outmaneuver"],"picked":"Sucker Punch","floor":4.0},{"not_picked":["Poisoned Stab","PiercingWail"],"picked":"Bouncing Flask","floor":11.0},{"not_picked":["Backflip","Acrobatics"],"picked":"Dagger Spray","floor":14.0},{"not_picked":["Wraith Form v2","Envenom"],"picked":"Malaise","floor":16.0},{"not_picked":["Dagger Spray","Bane+1"],"picked":"Escape Plan+1","floor":18.0},{"not_picked":["Riddle With Holes","Underhanded Strike+1","Dash"],"picked":"SKIP","floor":21.0},{"not_picked":["Flechettes","Masterful Stab","Finisher"],"picked":"SKIP","floor":24.0},{"not_picked":["Caltrops","Dagger Spray","Masterful Stab"],"picked":"SKIP","floor":27},{"not_picked":["Glass Knife","Reflex+1"],"picked":"Backflip+1","floor":28},{"not_picked":["Poisoned Stab","Crippling Poison+1"],"picked":"Well Laid Plans","floor":30},{"not_picked":["Unload","Envenom"],"picked":"Die Die Die","floor":33},{"not_picked":["Dagger Spray","Deadly Poison+1","Quick Slash+1"],"picked":"SKIP","floor":35},{"not_picked":["All Out Attack","Slice"],"picked":"PiercingWail+1","floor":36},{"not_picked":["Bane","All Out Attack"],"picked":"Deadly Poison+1","floor":38},{"not_picked":["Accuracy","Sucker Punch"],"picked":"Cloak And Dagger+1","floor":41},{"not_picked":["Backstab","Choke","Blade Dance+1"],"picked":"SKIP","floor":42},{"not_picked":["Dagger Throw+1","Backflip+1"],"picked":"Catalyst+1","floor":44},{"not_picked":["Well Laid Plans","Underhanded Strike"],"picked":"Acrobatics+1","floor":45},{"not_picked":["Flechettes","Setup+1","Dagger Throw"],"picked":"SKIP","floor":46},{"not_picked":["Endless Agony","Flying Knee"],"picked":"Deflect+1","floor":47},{"not_picked":["Underhanded Strike","Dagger Spray+1","Poisoned Stab+1"],"picked":"SKIP","floor":48}],"player_experience":2251801,"relics_obtained":[{"floor":7.0,"key":"Mercury Hourglass"},{"floor":9.0,"key":"Blood Vial"},{"floor":11.0,"key":"Orichalcum"},{"floor":14.0,"key":"Pen Nib"},{"floor":17.0,"key":"PreservedInsect"},{"floor":17.0,"key":"Toxic Egg 2"},{"floor":17.0,"key":"Bird Faced Urn"},{"floor":19.0,"key":"Red Mask"},{"floor":24.0,"key":"Shovel"},{"floor":26.0,"key":"Regal Pillow"},{"floor":27,"key":"Juzu Bracelet"},{"floor":30,"key":"Strawberry"},{"floor":32,"key":"The Courier"},{"floor":40,"key":"StrikeDummy"},{"floor":41,"key":"Dream Catcher"},{"floor":46,"key":"Bag of Marbles"},{"floor":48,"key":"MealTicket"}],"event_choices":[{"damage_healed":0.0,"max_hp_gain":0.0,"max_hp_loss":0.0,"gold_gain":0.0,"event_name":"Accursed Blacksmith","player_choice":"Rummage","floor":2.0,"gold_loss":0.0,"damage_taken":0.0,"relics_obtained":["WarpedTongs"],"cards_obtained":["Pain"]},{"damage_healed":0.0,"max_hp_gain":0.0,"max_hp_loss":0.0,"gold_gain":0.0,"event_name":"Liars Game","player_choice":"Ignored","floor":8.0,"gold_loss":0.0,"damage_taken":0.0},{"damage_healed":0.0,"max_hp_gain":0.0,"max_hp_loss":0.0,"gold_gain":0.0,"event_name":"Masked Bandits","player_choice":"Fought Bandits","floor":19.0,"gold_loss":0.0,"damage_taken":0.0},{"damage_healed":0.0,"max_hp_gain":0.0,"max_hp_loss":0.0,"gold_gain":0.0,"event_name":"The Library","player_choice":"Read","floor":20.0,"gold_loss":0.0,"damage_taken":0.0,"cards_obtained":["PiercingWail"]},{"damage_healed":0.0,"max_hp_gain":0.0,"max_hp_loss":0.0,"gold_gain":50.0,"event_name":"FaceTrader","player_choice":"Touch","floor":22.0,"gold_loss":0.0,"damage_taken":6.0},{"cards_removed":["Strike_G"],"damage_healed":0,"gold_gain":0,"player_choice":"Purged","damage_taken":0,"max_hp_gain":0,"max_hp_loss":0,"event_name":"Purifier","floor":37,"gold_loss":0},{"damage_healed":0,"gold_gain":0,"cards_transformed":["Strike_G","Strike_G"],"player_choice":"Transformed Cards","damage_taken":0,"max_hp_gain":0,"max_hp_loss":0,"event_name":"Designer","floor":39,"gold_loss":75,"cards_obtained":["Heel Hook","Venomology"]}],"is_beta":true,"boss_relics":[{"not_picked":["SacredBark","Busted Crown"],"picked":"Calling Bell"},{"not_picked":["Snecko Eye","Runic Dome"],"picked":"Sozu"}],"items_purged_floors":[5,31],"is_endless":false,"potions_floor_spawned":[4,11,21,24,27,28,33,35,45,48],"killed_by":"Time Eater","ascension_level":20}