{"gold_per_floor":[368,368,52,72,87,87,120,41,67,67,67],"floor_reached":11,"playtime":479,"items_purged":[],"score":142,"play_id":"2eff071f-fc81-45d8-b113-e5567497309b","local_time":"20200210220554","is_ascension_mode":true,"campfire_choices":[{"data":"Dagger Spray","floor":6,"key":"SMITH"},{"floor":10,"key":"REST"}],"neow_cost":"PERCENT_DAMAGE","seed_source_timestamp":2315015191518700,"circlet_count":0,"master_deck":["AscendersBane","Strike_G","Strike_G","Strike_G","Strike_G","Defend_G","Defend_G","Defend_G","Defend_G","Defend_G","Survivor","Neutralize","Crippling Poison","Caltrops+1","Dagger Spray+1","Deadly Poison","Footwork+1"],"relics":["Ring of the Snake","Frozen Egg 2","Akabeko","Happy Flower"],"potions_floor_usage":[7],"damage_taken":[{"damage":2,"enemies":"Jaw Worm","floor":1,"turns":7},{"damage":3,"enemies":"Cultist","floor":4,"turns":4},{"damage":0,"enemies":"2 Louse","floor":5,"turns":2},{"damage":30,"enemies":"Lagavulin","floor":7,"turns":9},{"damage":48,"enemies":"Gremlin Nob","floor":11,"turns":4}],"seed_played":"3942278541859399358","potions_obtained":[{"floor":1,"key":"LiquidBronze"},{"floor":5,"key":"BlessingOfTheForge"}],"is_trial":false,"path_per_floor":["M","?","$","M","M","R","E","$","T","R","E"],"character_chosen":"THE_SILENT","items_purchased":["Frozen Egg 2","Caltrops+1","Footwork+1"],"campfire_rested":1,"item_purchase_floors":[3,3,8],"current_hp_per_floor":[42,42,42,39,39,39,9,9,9,28,0],"gold":67,"neow_bonus":"TWO_FIFTY_GOLD","is_prod":false,"is_daily":false,"chose_seed":false,"campfire_upgraded":1,"win_rate":0,"timestamp":1581372354,"path_taken":["M","?","$","M","M","R","E","?","T","R","E"],"build_version":"2020-01-27","purchased_purges":0,"victory":false,"max_hp_per_floor":[66,66,66,66,66,66,66,66,66,66,66],"card_choices":[{"not_picked":["Blade Dance","Distraction"],"picked":"Crippling Poison","floor":1},{"not_picked":["Backflip","Sucker Punch"],"picked":"Dagger Spray","floor":4},{"not_picked":["Concentrate","Dodge and Roll"],"picked":"Deadly Poison","floor":5},{"not_picked":["Escape Plan","Reflex","Slice"],"picked":"SKIP","floor":7}],"player_experience":2245268,"relics_obtained":[{"floor":7,"key":"Akabeko"},{"floor":9,"key":"Happy Flower"}],"event_choices":[{"cards_removed":["Strike_G"],"damage_healed":0,"gold_gain":0,"player_choice":"Offered Basic","damage_taken":0,"max_hp_gain":0,"max_hp_loss":0,"event_name":"Bonfire Elementals","floor":2,"gold_loss":0}],"is_beta":true,"boss_relics":[],"items_purged_floors":[],"is_endless":false,"potions_floor_spawned":[1,5],"killed_by":"Gremlin Nob","ascension_level":20}