{"gold_per_floor":[110,127,127,127,139,167,187,205,232,232,258,258,276,276,276,276],"floor_reached":16,"playtime":657,"items_purged":[],"score":224,"play_id":"57932b3b-581c-4d37-97e2-d9b76e9820c7","local_time":"20200208201928","is_ascension_mode":true,"campfire_choices":[{"floor":10,"key":"REST"},{"floor":15,"key":"REST"}],"neow_cost":"NONE","seed_source_timestamp":2135649445075800,"circlet_count":0,"master_deck":["AscendersBane","Strike_G","Strike_G","Strike_G","Strike_G+1","Defend_G","Defend_G","Defend_G","Defend_G","Defend_G","Survivor","Neutralize+1","Noxious Fumes","Poisoned Stab+1","PiercingWail","Flying Knee","Envenom+1","Catalyst","Dodge and Roll"],"relics":["Ring of the Snake","Ginger","Bag of Marbles","Dream Catcher"],"potions_floor_usage":[6,11,11],"damage_taken":[{"damage":0,"enemies":"2 Louse","floor":1,"turns":4},{"damage":0,"enemies":"Jaw Worm","floor":2,"turns":5},{"damage":6,"enemies":"Cultist","floor":5,"turns":4},{"damage":22,"enemies":"3 Sentries","floor":6,"turns":7},{"damage":10,"enemies":"Large Slime","floor":7,"turns":6},{"damage":3,"enemies":"Looter","floor":8,"turns":4},{"damage":11,"enemies":"Gremlin Nob","floor":11,"turns":3},{"damage":0,"enemies":"3 Louse","floor":13,"turns":4},{"damage":36,"enemies":"The Guardian","floor":16,"turns":2}],"seed_played":"-8631840522500977773","potions_obtained":[{"floor":1,"key":"PowerPotion"},{"floor":6,"key":"BlessingOfTheForge"},{"floor":7,"key":"Poison Potion"}],"is_trial":false,"path_per_floor":["M","M","?","?","M","E","M","M","T","R","E","?","M","?","R","B"],"character_chosen":"THE_SILENT","items_purchased":[],"campfire_rested":2,"item_purchase_floors":[],"current_hp_per_floor":[59,59,59,59,53,31,21,18,18,37,26,6,6,6,25,0],"gold":276,"neow_bonus":"UPGRADE_CARD","is_prod":false,"is_daily":false,"chose_seed":false,"campfire_upgraded":0,"win_rate":0,"timestamp":1581193168,"path_taken":["M","M","?","?","M","E","?","M","T","R","E","?","M","?","R","BOSS"],"build_version":"2020-01-27","purchased_purges":0,"victory":false,"max_hp_per_floor":[66,66,66,66,66,66,66,66,66,66,66,66,66,66,66,66],"card_choices":[{"not_picked":["Finisher","Slice"],"picked":"Noxious Fumes","floor":1},{"not_picked":["Setup","Sucker Punch"],"picked":"Poisoned Stab","floor":2},{"not_picked":["Heel Hook","Blade Dance"],"picked":"Flying Knee","floor":5},{"not_picked":["Acrobatics","Infinite Blades"],"picked":"Envenom","floor":6},{"not_picked":["Bane","Reflex"],"picked":"Catalyst","floor":7},{"not_picked":["Bane","Skewer"],"picked":"Dodge and Roll","floor":8},{"not_picked":["Outmaneuver","Dodge and Roll","Bullet Time"],"picked":"SKIP","floor":11},{"not_picked":["Riddle With Holes","Calculated Gamble","Choke"],"picked":"SKIP","floor":13}],"player_experience":2205709,"relics_obtained":[{"floor":6,"key":"Ginger"},{"floor":9,"key":"Bag of Marbles"},{"floor":11,"key":"Dream Catcher"}],"event_choices":[{"damage_healed":0,"gold_gain":0,"player_choice":"Grow","damage_taken":0,"max_hp_gain":0,"max_hp_loss":0,"event_name":"Living Wall","floor":3,"gold_loss":0,"cards_upgraded":["Poisoned Stab"]},{"damage_healed":0,"gold_gain":0,"cards_transformed":["Strike_G"],"player_choice":"Transformed","damage_taken":0,"max_hp_gain":0,"max_hp_loss":0,"event_name":"Transmorgrifier","floor":4,"gold_loss":0,"cards_obtained":["PiercingWail"]},{"damage_healed":0,"gold_gain":0,"player_choice":"Entered Light","damage_taken":20,"max_hp_gain":0,"max_hp_loss":0,"event_name":"Shining Light","floor":12,"gold_loss":0,"cards_upgraded":["Strike_G","Envenom"]},{"damage_healed":0,"gold_gain":0,"player_choice":"Ignored","damage_taken":0,"max_hp_gain":0,"max_hp_loss":0,"event_name":"Golden Wing","floor":14,"gold_loss":0}],"is_beta":true,"boss_relics":[],"items_purged_floors":[],"is_endless":false,"potions_floor_spawned":[1,6,7],"killed_by":"The Guardian","ascension_level":20}