{"gold_per_floor":[115,115,16,16,32,32,57,70,141,169,180,180,180,218,218,218],"floor_reached":16,"playtime":698,"items_purged":[],"score":336,"play_id":"ce47b8d1-66c1-41bc-8420-459daa5ce57f","local_time":"20200208200705","is_ascension_mode":true,"campfire_choices":[{"data":"All Out Attack","floor":6.0,"key":"SMITH"},{"data":"Neutralize","floor":13,"key":"SMITH"},{"data":"Cloak And Dagger","floor":15,"key":"SMITH"}],"neow_cost":"NONE","seed_source_timestamp":2134847892758600,"circlet_count":0,"master_deck":["AscendersBane","Strike_G","Strike_G","Strike_G","Strike_G","Defend_G","Defend_G","Defend_G","Defend_G","Defend_G","Survivor","Neutralize+1","Quick Slash+1","All Out Attack+1","Backflip","Cloak And Dagger+1","Dagger Spray","Terror","PiercingWail"],"special_seed":0,"relics":["Ring of the Snake","NeowsBlessing","Lantern","Paper Crane","Shovel","Golden Idol","Ninja Scroll"],"potions_floor_usage":[10,10],"damage_taken":[{"damage":0.0,"enemies":"Cultist","floor":1.0,"turns":1.0},{"damage":0.0,"enemies":"Small Slimes","floor":5.0,"turns":1.0},{"damage":0.0,"enemies":"3 Sentries","floor":7.0,"turns":1.0},{"damage":0,"enemies":"Jaw Worm","floor":8,"turns":3},{"damage":9,"enemies":"Lagavulin","floor":10,"turns":6},{"damage":0,"enemies":"Exordium Thugs","floor":11,"turns":3},{"damage":0,"enemies":"Gremlin Nob","floor":14,"turns":3},{"damage":58,"enemies":"Slime Boss","floor":16,"turns":8}],"seed_played":"9171951959610860936","potions_obtained":[{"floor":1.0,"key":"CunningPotion"}],"is_trial":false,"path_per_floor":["M","?","$","?","M","R","E","M","T","E","M","?","R","E","R","B"],"character_chosen":"THE_SILENT","items_purchased":["All Out Attack","SteroidPotion"],"campfire_rested":0,"item_purchase_floors":[3,3],"current_hp_per_floor":[59,59,59,59,59,59,59,59,59,50,50,50,50,50,50,0],"gold":218,"neow_bonus":"THREE_ENEMY_KILL","is_prod":false,"is_daily":false,"chose_seed":false,"campfire_upgraded":3,"win_rate":0,"timestamp":1581192425,"path_taken":["M","?","$","?","M","R","E","M","T","E","?","?","R","E","R","BOSS"],"build_version":"2020-01-27","purchased_purges":0,"victory":false,"max_hp_per_floor":[66,66,66,66,66,66,66,66,66,66,66,60,60,60,60,60],"card_choices":[{"not_picked":["Heel Hook","Tactician"],"picked":"Quick Slash","floor":1.0},{"not_picked":["Blade Dance","Poisoned Stab","Dodge and Roll"],"picked":"SKIP","floor":5.0},{"not_picked":["Choke","All Out Attack"],"picked":"Backflip","floor":7.0},{"not_picked":["Masterful Stab","Deadly Poison"],"picked":"Cloak And Dagger","floor":8},{"not_picked":["Leg Sweep","Noxious Fumes"],"picked":"Dagger Spray","floor":10},{"not_picked":["Tactician","Slice"],"picked":"Terror","floor":11},{"not_picked":["Dagger Spray","Slice"],"picked":"PiercingWail","floor":14}],"player_experience":2205011,"relics_obtained":[{"floor":7.0,"key":"Lantern"},{"floor":9,"key":"Paper Crane"},{"floor":10,"key":"Shovel"},{"floor":14,"key":"Ninja Scroll"}],"event_choices":[{"damage_healed":0.0,"max_hp_gain":0.0,"max_hp_loss":0.0,"gold_gain":0.0,"event_name":"Living Wall","player_choice":"Grow","floor":2.0,"gold_loss":0.0,"damage_taken":0.0,"cards_upgraded":["Quick Slash"]},{"cards_removed":["Strike_G"],"damage_healed":0.0,"max_hp_gain":0.0,"max_hp_loss":0.0,"gold_gain":0.0,"event_name":"Purifier","player_choice":"Purged","floor":4.0,"gold_loss":0.0,"damage_taken":0.0},{"damage_healed":0,"gold_gain":0,"player_choice":"Lose Max HP","damage_taken":0,"relics_obtained":["Golden Idol"],"max_hp_gain":0,"max_hp_loss":6,"event_name":"Golden Idol","floor":12,"gold_loss":0}],"is_beta":true,"boss_relics":[],"items_purged_floors":[],"is_endless":false,"potions_floor_spawned":[1,8],"killed_by":"Slime Boss","ascension_level":20}