{"gold_per_floor":[109,109,129,142,142,142,162,162,162,188,27,54,70,85,85,162,162,173,4,12,62,62,62,77,95,141,176,195,223,223,255,255,328,328,342,26,43,68,86,112,112,112,137,169,181,181,216,126,126,126],"floor_reached":50,"playtime":4667,"items_purged":["Strike_G"],"score":1350,"play_id":"ac833aca-cc74-4bc9-aef5-bb2138fd5d3e","local_time":"20200208230414","is_ascension_mode":true,"campfire_choices":[{"data":"Poisoned Stab","floor":6.0,"key":"SMITH"},{"data":"Dagger Spray","floor":8.0,"key":"SMITH"},{"data":"Neutralize","floor":15.0,"key":"SMITH"},{"floor":23.0,"key":"REST"},{"floor":32.0,"key":"REST"},{"floor":42.0,"key":"RECALL"},{"floor":49,"key":"REST"}],"neow_cost":"NONE","seed_source_timestamp":2141451969132600,"circlet_count":0,"master_deck":["AscendersBane","Strike_G","Defend_G","Defend_G","Defend_G","Defend_G","Defend_G","Survivor","Neutralize+1","Poisoned Stab+1","Dagger Spray","Dagger Spray+1","Blur","Wraith Form v2","Adrenaline","Crippling Poison","Bouncing Flask","Eviscerate+1","Acrobatics+1","PiercingWail","Predator","Bullet Time","Bullet Time+1","Concentrate+1","Choke","Backflip","Deflect+1","Riddle With Holes+1","Dash+1","Dash+1","PiercingWail","Dash"],"special_seed":0,"relics":["Ring of the Snake","StrikeDummy","Regal Pillow","Bag of Preparation","Snecko Eye","PreservedInsect","Smiling Mask","Bronze Scales","Pear","Incense Burner","Astrolabe","Torii","Shovel","Ice Cream","Turnip"],"potions_floor_usage":[50,50],"damage_taken":[{"damage":5.0,"enemies":"Jaw Worm","floor":1.0,"turns":6.0},{"damage":4.0,"enemies":"Cultist","floor":3.0,"turns":4.0},{"damage":0.0,"enemies":"Small Slimes","floor":4.0,"turns":2.0},{"damage":11.0,"enemies":"3 Louse","floor":7.0,"turns":3.0},{"damage":5.0,"enemies":"Gremlin Nob","floor":10.0,"turns":3.0},{"damage":12.0,"enemies":"Lagavulin","floor":12.0,"turns":5.0},{"damage":4.0,"enemies":"Exordium Thugs","floor":13.0,"turns":5.0},{"damage":2.0,"enemies":"2 Fungi Beasts","floor":14.0,"turns":3.0},{"damage":24.0,"enemies":"The Guardian","floor":16.0,"turns":17.0},{"damage":0.0,"enemies":"3 Byrds","floor":18.0,"turns":3.0},{"damage":6.0,"enemies":"2 Thieves","floor":20.0,"turns":4.0},{"damage":29.0,"enemies":"Shelled Parasite and Fungi","floor":24.0,"turns":5.0},{"damage":0.0,"enemies":"Snake Plant","floor":25.0,"turns":3.0},{"damage":18.0,"enemies":"Book of Stabbing","floor":27.0,"turns":6.0},{"damage":13.0,"enemies":"Cultist and Chosen","floor":28.0,"turns":5.0},{"damage":0.0,"enemies":"Slavers","floor":29.0,"turns":4.0},{"damage":18.0,"enemies":"Book of Stabbing","floor":31.0,"turns":4.0},{"damage":33.0,"enemies":"Champ","floor":33.0,"turns":14.0},{"damage":17.0,"enemies":"3 Darklings","floor":35.0,"turns":5.0},{"damage":0.0,"enemies":"3 Shapes","floor":37.0,"turns":5.0},{"damage":0.0,"enemies":"Mind Bloom Boss Battle","floor":38.0,"turns":4.0},{"damage":2.0,"enemies":"Sphere and 2 Shapes","floor":39.0,"turns":4.0},{"damage":0.0,"enemies":"Giant Head","floor":40.0,"turns":6.0},{"damage":31.0,"enemies":"Nemesis","floor":44.0,"turns":7.0},{"damage":0,"enemies":"Jaw Worm Horde","floor":45,"turns":3},{"damage":0,"enemies":"Reptomancer","floor":47,"turns":4},{"damage":66,"enemies":"Time Eater","floor":50,"turns":16}],"seed_played":"70803944601885257","potions_obtained":[{"floor":1.0,"key":"PowerPotion"},{"floor":7.0,"key":"SkillPotion"},{"floor":12.0,"key":"Fire Potion"},{"floor":13.0,"key":"Regen Potion"},{"floor":25.0,"key":"SkillPotion"},{"floor":27.0,"key":"Energy Potion"},{"floor":37.0,"key":"ColorlessPotion"},{"floor":39.0,"key":"Ancient Potion"},{"floor":40.0,"key":"LiquidBronze"}],"is_trial":false,"path_per_floor":["M","?","M","M","?","R","M","R","T","E","$","E","M","M","R","B",null,"M","$","M","?","$","R","M","M","T","E","M","E","?","E","R","B",null,"M","$","M","?","M","E","?","R","T","E","M","?","E","$","R","B"],"character_chosen":"THE_SILENT","items_purchased":["CunningPotion","PreservedInsect","Torii","Dash"],"campfire_rested":3,"item_purchase_floors":[11,19,36,48],"current_hp_per_floor":[60,50,46,46,46,46,35,35,35,30,30,18,14,12,12,3,55,55,55,49,42,42,72,43,43,43,25,12,22,22,4,43,10,64,47,47,47,47,45,45,45,45,45,14,14,14,14,14,53,0],"gold":126,"neow_bonus":"TEN_PERCENT_HP_BONUS","is_prod":false,"is_daily":false,"chose_seed":false,"campfire_upgraded":3,"win_rate":0,"timestamp":1581203054,"path_taken":["M","?","M","?","?","R","M","R","T","E","$","E","M","M","R","BOSS","M","$","M","?","?","R","M","M","T","E","M","E","?","E","R","BOSS","M","$","M","?","M","E","?","R","T","E","?","?","E","?","R","BOSS"],"build_version":"2020-01-27","purchased_purges":1,"victory":false,"max_hp_per_floor":[72,72,72,72,72,72,72,72,72,72,72,72,72,72,72,72,72,72,72,72,72,72,72,72,72,72,72,72,82,82,82,82,82,82,82,82,82,82,82,82,82,82,82,82,82,82,82,82,82,82],"card_choices":[{"not_picked":["Riddle With Holes","Dagger Throw"],"picked":"Poisoned Stab","floor":1.0},{"not_picked":["Bane","Blade Dance"],"picked":"Dagger Spray","floor":3.0},{"not_picked":["Outmaneuver","Infinite Blades"],"picked":"Dagger Spray","floor":4.0},{"not_picked":["Eviscerate","Dagger Spray"],"picked":"Blur","floor":7.0},{"not_picked":["Acrobatics","Concentrate","Flechettes"],"picked":"SKIP","floor":10.0},{"not_picked":["Backflip","Flying Knee"],"picked":"Wraith Form v2","floor":12.0},{"not_picked":["Deadly Poison","Cloak And Dagger","Sucker Punch"],"picked":"SKIP","floor":13.0},{"not_picked":["Underhanded Strike","Infinite Blades","Dagger Throw"],"picked":"SKIP","floor":14.0},{"not_picked":["Storm of Steel","Envenom"],"picked":"Adrenaline","floor":16.0},{"not_picked":["Prepared","Poisoned Stab"],"picked":"Crippling Poison","floor":18.0},{"not_picked":["Sucker Punch+1","Poisoned Stab+1"],"picked":"Bouncing Flask","floor":20.0},{"not_picked":["Flying Knee","Distraction"],"picked":"Eviscerate+1","floor":24.0},{"not_picked":["Poisoned Stab","Outmaneuver+1"],"picked":"Acrobatics+1","floor":25.0},{"not_picked":["Infinite Blades","Outmaneuver","Cloak And Dagger"],"picked":"SKIP","floor":27.0},{"not_picked":["Outmaneuver","Caltrops+1"],"picked":"PiercingWail","floor":28.0},{"not_picked":["Envenom","Dagger Throw"],"picked":"Predator","floor":29.0},{"not_picked":["Endless Agony","Slice","Distraction"],"picked":"SKIP","floor":31.0},{"not_picked":["Die Die Die","Phantasmal Killer"],"picked":"Bullet Time","floor":33.0},{"not_picked":["Dodge and Roll+1","Bane"],"picked":"Choke","floor":35.0},{"not_picked":["Well Laid Plans","Sucker Punch","Quick Slash"],"picked":"SKIP","floor":37.0},{"not_picked":["Deflect","Acrobatics"],"picked":"Backflip","floor":38.0},{"not_picked":["Masterful Stab+1","Well Laid Plans","Slice+1"],"picked":"SKIP","floor":39.0},{"not_picked":["Slice","All Out Attack"],"picked":"Deflect+1","floor":40.0},{"not_picked":["Sucker Punch","Deadly Poison"],"picked":"Riddle With Holes+1","floor":44.0},{"not_picked":["PiercingWail","Predator"],"picked":"Dash+1","floor":45},{"not_picked":["Outmaneuver","Envenom"],"picked":"PiercingWail","floor":47}],"player_experience":2206995,"relics_obtained":[{"floor":9.0,"key":"StrikeDummy"},{"floor":10.0,"key":"Regal Pillow"},{"floor":12.0,"key":"Bag of Preparation"},{"floor":26.0,"key":"Smiling Mask"},{"floor":27.0,"key":"Bronze Scales"},{"floor":29.0,"key":"Pear"},{"floor":31.0,"key":"Incense Burner"},{"floor":38.0,"key":"Shovel"},{"floor":44.0,"key":"Ice Cream"},{"floor":47,"key":"Turnip"}],"event_choices":[{"damage_healed":0.0,"max_hp_gain":0.0,"max_hp_loss":0.0,"gold_gain":0.0,"event_name":"Wheel of Change","player_choice":"Damaged","floor":2.0,"gold_loss":0.0,"damage_taken":10.0},{"damage_healed":0.0,"max_hp_gain":0.0,"max_hp_loss":0.0,"gold_gain":0.0,"event_name":"Liars Game","player_choice":"Ignored","floor":5.0,"gold_loss":0.0,"damage_taken":0.0},{"damage_healed":0.0,"max_hp_gain":0.0,"max_hp_loss":0.0,"gold_gain":50.0,"event_name":"FaceTrader","player_choice":"Touch","floor":21.0,"gold_loss":0.0,"damage_taken":7.0},{"damage_healed":0.0,"max_hp_gain":0.0,"max_hp_loss":0.0,"gold_gain":0.0,"event_name":"Vampires","player_choice":"Ignored","floor":30.0,"gold_loss":0.0,"damage_taken":0.0},{"damage_healed":0.0,"max_hp_gain":0.0,"max_hp_loss":0.0,"gold_gain":0.0,"event_name":"MindBloom","player_choice":"Fight","floor":38.0,"gold_loss":0.0,"damage_taken":0.0},{"cards_removed":["Tactician"],"damage_healed":0.0,"max_hp_gain":0.0,"max_hp_loss":0.0,"gold_gain":0.0,"event_name":"Purifier","player_choice":"Purged","floor":41.0,"gold_loss":0.0,"damage_taken":0.0},{"damage_healed":0,"gold_gain":0,"player_choice":"Copied","damage_taken":0,"max_hp_gain":0,"max_hp_loss":0,"event_name":"Duplicator","floor":46,"gold_loss":0,"cards_obtained":["Dash"]}],"is_beta":true,"boss_relics":[{"not_picked":["HoveringKite","Runic Pyramid"],"picked":"Snecko Eye"},{"not_picked":["Calling Bell","Coffee Dripper"],"picked":"Astrolabe"}],"items_purged_floors":[11],"is_endless":false,"potions_floor_spawned":[1,7,12,13,25,27,29,37,39,40],"killed_by":"Time Eater","ascension_level":20}