{"gold_per_floor":[111,111,132,201,226,260,260,295,295,295,329,329,342,21,21,21],"floor_reached":16,"playtime":855,"items_purged":["Strike_G"],"score":236,"play_id":"8f0823ea-58c7-424f-a25a-eb7f7b66fa48","local_time":"20200208164141","is_ascension_mode":true,"campfire_choices":[{"data":"All Out Attack","floor":7.0,"key":"SMITH"},{"data":"Dagger Throw","floor":10.0,"key":"SMITH"},{"data":"Neutralize","floor":15,"key":"SMITH"}],"neow_cost":"NONE","seed_source_timestamp":2122361172011500,"circlet_count":0,"master_deck":["AscendersBane","Strike_G","Strike_G","Strike_G","Strike_G","Defend_G","Defend_G","Defend_G","Defend_G","Defend_G","Survivor","Neutralize+1","Dagger Throw+1","All Out Attack+1","Backstab","Noxious Fumes","Backstab","Backflip"],"special_seed":0,"relics":["Ring of the Snake","Lantern","Golden Idol","Mercury Hourglass","Gremlin Horn","Sundial","Boot","Vajra"],"potions_floor_usage":[16,16],"damage_taken":[{"damage":0.0,"enemies":"Cultist","floor":1.0,"turns":4.0},{"damage":1.0,"enemies":"2 Louse","floor":3.0,"turns":3.0},{"damage":0.0,"enemies":"Small Slimes","floor":5.0,"turns":2.0},{"damage":23.0,"enemies":"Lagavulin","floor":6.0,"turns":6.0},{"damage":5.0,"enemies":"3 Sentries","floor":8.0,"turns":4.0},{"damage":21.0,"enemies":"Lagavulin","floor":11.0,"turns":7.0},{"damage":0,"enemies":"Gremlin Gang","floor":13,"turns":2},{"damage":18,"enemies":"Slime Boss","floor":16,"turns":4}],"seed_played":"-8715428063258516629","potions_obtained":[{"floor":3.0,"key":"GhostInAJar"},{"floor":5.0,"key":"SkillPotion"},{"floor":11.0,"key":"Fire Potion"}],"is_trial":false,"path_per_floor":["M","?","M","?","M","E","R","E","T","R","E","?","M","$","R","B"],"character_chosen":"THE_SILENT","items_purchased":["Vajra","Regen Potion"],"campfire_rested":0,"item_purchase_floors":[14,14],"current_hp_per_floor":[59,59,58,58,58,35,35,30,30,30,9,9,9,9,9,0],"gold":21,"neow_bonus":"RANDOM_COMMON_RELIC","is_prod":false,"is_daily":false,"chose_seed":false,"campfire_upgraded":3,"win_rate":0,"timestamp":1581180101,"path_taken":["M","?","M","?","M","E","R","E","T","R","E","?","?","$","R","BOSS"],"build_version":"2020-01-27","purchased_purges":1,"victory":false,"max_hp_per_floor":[66,60,60,60,60,60,60,60,60,60,60,60,60,60,60,60],"card_choices":[{"not_picked":["Dagger Spray","Heel Hook"],"picked":"Dagger Throw","floor":1.0},{"not_picked":["Prepared","Poisoned Stab"],"picked":"All Out Attack","floor":3.0},{"not_picked":["Outmaneuver","Bane","Underhanded Strike"],"picked":"SKIP","floor":5.0},{"not_picked":["Deadly Poison","Slice","Reflex"],"picked":"SKIP","floor":6.0},{"not_picked":["Blade Dance","Footwork"],"picked":"Backstab","floor":8.0},{"not_picked":["Caltrops","Flying Knee"],"picked":"Noxious Fumes","floor":11.0},{"not_picked":["Envenom","Deadly Poison"],"picked":"Backflip","floor":13}],"player_experience":2203777,"relics_obtained":[{"floor":6.0,"key":"Mercury Hourglass"},{"floor":8.0,"key":"Gremlin Horn"},{"floor":9.0,"key":"Sundial"},{"floor":11.0,"key":"Boot"}],"event_choices":[{"damage_healed":0.0,"max_hp_gain":0.0,"max_hp_loss":6.0,"gold_gain":0.0,"event_name":"Golden Idol","player_choice":"Lose Max HP","floor":2.0,"gold_loss":0.0,"damage_taken":0.0,"relics_obtained":["Golden Idol"]},{"damage_healed":0.0,"max_hp_gain":0.0,"max_hp_loss":0.0,"gold_gain":69.0,"event_name":"Golden Wing","player_choice":"Gained Gold","floor":4.0,"gold_loss":0.0,"damage_taken":0.0},{"damage_healed":0,"gold_gain":0,"player_choice":"1 cards matched","damage_taken":0,"max_hp_gain":0,"max_hp_loss":0,"event_name":"Match and Keep!","floor":12,"gold_loss":0,"cards_obtained":["Backstab"]}],"is_beta":true,"boss_relics":[],"items_purged_floors":[14],"is_endless":false,"potions_floor_spawned":[3,5,11],"killed_by":"Slime Boss","ascension_level":20}