{"gold_per_floor":[111,111,135,135,149,180,200,200,273,302,302,317,332,342,342,415,415,425,187,206,225,275,275,308,327,327,8,8,61,61,75,75,152,152,162,182,182,198,198,198,210,235,235,267,286,6,24,41,41,41,41,41,41,41,74,74],"floor_reached":57,"playtime":4656,"items_purged":["Strike_G","Strike_G"],"score":2792,"play_id":"4127ad8a-f88d-48c7-84c4-7aa2b247d95d","local_time":"20200212101424","is_ascension_mode":true,"campfire_choices":[{"data":"Poisoned Stab","floor":8.0,"key":"SMITH"},{"data":"Dagger Spray","floor":11.0,"key":"SMITH"},{"data":"Poisoned Stab","floor":15.0,"key":"SMITH"},{"data":"Wraith Form v2","floor":23.0,"key":"SMITH"},{"data":"Wraith Form v2","floor":30.0,"key":"SMITH"},{"data":"Survivor","floor":32.0,"key":"SMITH"},{"data":"Wraith Form v2","floor":40.0,"key":"SMITH"},{"floor":49.0,"key":"RECALL"},{"data":"Bouncing Flask","floor":53.0,"key":"SMITH"}],"neow_cost":"NONE","seed_source_timestamp":0,"circlet_count":0,"master_deck":["AscendersBane","Strike_G","Strike_G","Defend_G","Defend_G+1","Defend_G","Defend_G","Defend_G","Survivor+1","Neutralize+1","Poisoned Stab+1","Dagger Spray+1","Backstab","Deadly Poison","Poisoned Stab+1","Wraith Form v2+1","Wraith Form v2+1","Bouncing Flask+1","Deflect","PiercingWail+1","Setup+1","Bouncing Flask+1","Backflip+1","PiercingWail+1","Wraith Form v2+1","Dark Shackles+1","Prepared+1","Bouncing Flask+1"],"special_seed":0,"relics":["Ring of the Snake","Akabeko","Orichalcum","Eternal Feather","Bronze Scales","Runic Pyramid","Oddly Smooth Stone","Incense Burner","Toxic Egg 2","Orrery","Philosopher\u0027s Stone","Dream Catcher","Pocketwatch","Paper Crane","TwistedFunnel","Pantograph"],"potions_floor_usage":[56],"damage_taken":[{"damage":3.0,"enemies":"Small Slimes","floor":1.0,"turns":5.0},{"damage":0.0,"enemies":"Jaw Worm","floor":5.0,"turns":4.0},{"damage":0.0,"enemies":"3 Sentries","floor":6.0,"turns":3.0},{"damage":0.0,"enemies":"Cultist","floor":7.0,"turns":2.0},{"damage":0.0,"enemies":"Gremlin Nob","floor":10.0,"turns":3.0},{"damage":0.0,"enemies":"Looter","floor":12.0,"turns":2.0},{"damage":3.0,"enemies":"Blue Slaver","floor":13.0,"turns":3.0},{"damage":0.0,"enemies":"Exordium Thugs","floor":14.0,"turns":2.0},{"damage":22.0,"enemies":"Hexaghost","floor":16.0,"turns":8.0},{"damage":0.0,"enemies":"Spheric Guardian","floor":18.0,"turns":5.0},{"damage":0.0,"enemies":"3 Byrds","floor":20.0,"turns":1.0},{"damage":15.0,"enemies":"Sentry and Sphere","floor":21.0,"turns":9.0},{"damage":17.0,"enemies":"Book of Stabbing","floor":24.0,"turns":4.0},{"damage":2.0,"enemies":"3 Cultists","floor":25.0,"turns":5.0},{"damage":3.0,"enemies":"Centurion and Healer","floor":31.0,"turns":8.0},{"damage":6.0,"enemies":"Champ","floor":33.0,"turns":14.0},{"damage":0.0,"enemies":"3 Shapes","floor":35.0,"turns":6.0},{"damage":0.0,"enemies":"3 Darklings","floor":36.0,"turns":7.0},{"damage":2.0,"enemies":"Transient","floor":38.0,"turns":6.0},{"damage":0.0,"enemies":"Maw","floor":41.0,"turns":7.0},{"damage":0.0,"enemies":"Giant Head","floor":42.0,"turns":9.0},{"damage":7.0,"enemies":"Nemesis","floor":44.0,"turns":9.0},{"damage":0.0,"enemies":"4 Shapes","floor":45.0,"turns":7.0},{"damage":23.0,"enemies":"3 Darklings","floor":47.0,"turns":5.0},{"damage":0.0,"enemies":"Transient","floor":48.0,"turns":6.0},{"damage":20.0,"enemies":"Awakened One","floor":50.0,"turns":18.0},{"damage":5.0,"enemies":"Time Eater","floor":51.0,"turns":14.0},{"damage":4,"enemies":"Shield and Spear","floor":55,"turns":13},{"damage":55,"enemies":"The Heart","floor":56,"turns":11}],"seed_played":"4818775993508514973","potions_obtained":[{"floor":0.0,"key":"Fire Potion"},{"floor":0.0,"key":"SkillPotion"},{"floor":6.0,"key":"Dexterity Potion"},{"floor":7.0,"key":"SteroidPotion"},{"floor":12.0,"key":"Swift Potion"},{"floor":16.0,"key":"LiquidBronze"},{"floor":18.0,"key":"FearPotion"},{"floor":25.0,"key":"DuplicationPotion"},{"floor":38.0,"key":"FearPotion"},{"floor":47.0,"key":"GamblersBrew"},{"floor":55,"key":"LiquidMemories"}],"is_trial":false,"path_per_floor":["M","?","T","?","M","E","M","R","T","E","R","M","M","M","R","B",null,"M","$","M","M","?","R","E","M","T","$","?","T","R","M","R","B",null,"M","M","?","M","?","R","M","E","T","E","M","$","M","M","R","B","B",null,"R","$","E","B",null],"character_chosen":"THE_SILENT","items_purchased":["Oddly Smooth Stone","Orrery","PowerPotion","TwistedFunnel","Dark Shackles+1"],"campfire_rested":0,"item_purchase_floors":[19,27,27,46,46],"current_hp_per_floor":[56,36,36,41,41,41,41,41,41,41,50,50,47,47,56,34,62,62,62,62,47,47,56,39,37,37,37,17,17,29,26,41,35,66,66,66,66,64,64,72,72,72,72,65,65,65,42,42,57,37,32,62,72,72,68,17],"gold":74,"neow_bonus":"THREE_SMALL_POTIONS","is_prod":false,"is_daily":false,"chose_seed":false,"campfire_upgraded":8,"win_rate":0,"timestamp":1581502464,"path_taken":["M","?","?","?","M","E","M","R","T","E","R","M","?","M","R","BOSS","M","$","M","M","?","R","E","M","T","?","?","?","R","M","R","BOSS","M","M","?","M","?","R","M","E","T","E","M","$","M","M","R","BOSS","BOSS","R","$","E","BOSS"],"build_version":"2020-01-27","purchased_purges":2,"victory":true,"max_hp_per_floor":[66,66,66,71,71,71,71,71,71,71,71,71,71,71,71,71,71,71,71,71,71,71,71,71,71,71,71,76,76,76,76,76,76,76,76,76,72,72,72,72,72,72,72,72,72,72,72,72,72,72,72,72,72,72,72,72],"card_choices":[{"not_picked":["Dodge and Roll","Crippling Poison"],"picked":"Poisoned Stab","floor":1.0},{"not_picked":["Quick Slash","Eviscerate"],"picked":"Dagger Spray","floor":5.0},{"not_picked":["Escape Plan","Blade Dance"],"picked":"Backstab","floor":6.0},{"not_picked":["Eviscerate","Choke","Bane"],"picked":"SKIP","floor":7.0},{"not_picked":["Deflect","Phantasmal Killer","Terror"],"picked":"SKIP","floor":10.0},{"not_picked":["Sucker Punch","Dodge and Roll"],"picked":"Deadly Poison","floor":12.0},{"not_picked":["Choke","Underhanded Strike","Deflect"],"picked":"SKIP","floor":13.0},{"not_picked":["Calculated Gamble","Eviscerate"],"picked":"Poisoned Stab","floor":14.0},{"not_picked":["Venomology","Bullet Time"],"picked":"Wraith Form v2","floor":16.0},{"not_picked":["Slice","Dagger Spray","Prepared"],"picked":"SKIP","floor":18.0},{"not_picked":["Blade Dance","Slice","Dagger Spray"],"picked":"SKIP","floor":20.0},{"not_picked":["Bane","Escape Plan"],"picked":"Wraith Form v2","floor":21.0},{"not_picked":["Backflip","Bane"],"picked":"Bouncing Flask","floor":24.0},{"not_picked":["Bane","Quick Slash"],"picked":"Deflect","floor":25.0},{"not_picked":["Tools of the Trade","Sucker Punch"],"picked":"PiercingWail+1","floor":27.0},{"not_picked":["Blade Dance+1","Dagger Throw"],"picked":"Setup+1","floor":27.0},{"not_picked":["Choke","Infinite Blades+1"],"picked":"Bouncing Flask+1","floor":27.0},{"not_picked":["Endless Agony","Slice"],"picked":"Backflip+1","floor":27.0},{"not_picked":["Endless Agony","Masterful Stab"],"picked":"PiercingWail+1","floor":31.0},{"not_picked":["Tools of the Trade","Burst+1"],"picked":"Wraith Form v2","floor":33.0},{"not_picked":["All Out Attack+1","Dagger Throw","Deadly Poison+1"],"picked":"SKIP","floor":35.0},{"not_picked":["Finisher","Bouncing Flask+1","Slice"],"picked":"SKIP","floor":36.0},{"not_picked":["Poisoned Stab","Outmaneuver+1","Bane"],"picked":"SKIP","floor":38.0},{"not_picked":["Eviscerate","Deadly Poison+1","Slice+1"],"picked":"SKIP","floor":41.0},{"not_picked":["Backflip+1","Glass Knife","Skewer"],"picked":"SKIP","floor":42.0},{"not_picked":["Acrobatics+1","Envenom","Bane+1"],"picked":"SKIP","floor":44.0},{"not_picked":["Dodge and Roll+1","Cloak And Dagger+1","Slice+1"],"picked":"SKIP","floor":45.0},{"not_picked":["All Out Attack","Bane","Dagger Throw"],"picked":"SKIP","floor":47.0},{"not_picked":["Dagger Spray","Acrobatics+1"],"picked":"Prepared+1","floor":48.0},{"not_picked":["Setup+1","Dodge and Roll+1"],"picked":"Bouncing Flask+1","floor":55}],"player_experience":2267577,"relics_obtained":[{"floor":3.0,"key":"Akabeko"},{"floor":6.0,"key":"Orichalcum"},{"floor":9.0,"key":"Eternal Feather"},{"floor":10.0,"key":"Bronze Scales"},{"floor":24.0,"key":"Incense Burner"},{"floor":26.0,"key":"Toxic Egg 2"},{"floor":42.0,"key":"Dream Catcher"},{"floor":43.0,"key":"Pocketwatch"},{"floor":44.0,"key":"Paper Crane"},{"floor":55,"key":"Pantograph"}],"event_choices":[{"damage_healed":0.0,"max_hp_gain":0.0,"max_hp_loss":0.0,"gold_gain":0.0,"event_name":"Shining Light","player_choice":"Entered Light","floor":2.0,"gold_loss":0.0,"damage_taken":20.0,"cards_upgraded":["Neutralize","Defend_G"]},{"damage_healed":0.0,"max_hp_gain":5.0,"max_hp_loss":0.0,"gold_gain":0.0,"event_name":"Big Fish","player_choice":"Donut","floor":4.0,"gold_loss":0.0,"damage_taken":0.0},{"damage_healed":0.0,"max_hp_gain":0.0,"max_hp_loss":0.0,"gold_gain":50.0,"event_name":"Golden Shrine","player_choice":"Pray","floor":22.0,"gold_loss":0.0,"damage_taken":0.0},{"damage_healed":0.0,"max_hp_gain":5.0,"max_hp_loss":0.0,"gold_gain":0.0,"event_name":"Forgotten Altar","player_choice":"Shed Blood","floor":28.0,"gold_loss":0.0,"damage_taken":25.0},{"damage_healed":0.0,"max_hp_gain":0.0,"max_hp_loss":4.0,"gold_gain":0.0,"event_name":"Winding Halls","player_choice":"Max HP","floor":37.0,"gold_loss":0.0,"damage_taken":0.0},{"cards_removed":["Strike_G"],"damage_healed":0.0,"max_hp_gain":0.0,"max_hp_loss":0.0,"gold_gain":0.0,"event_name":"Falling","player_choice":"Removed Attack","floor":39.0,"gold_loss":0.0,"damage_taken":0.0}],"is_beta":true,"boss_relics":[{"not_picked":["Ring of the Serpent","SacredBark"],"picked":"Runic Pyramid"},{"not_picked":["Velvet Choker","Runic Dome"],"picked":"Philosopher\u0027s Stone"}],"items_purged_floors":[19,27],"is_endless":false,"potions_floor_spawned":[6,7,12,13,16,18,20,21,25,38,44,47,55],"ascension_level":20}