{"gold_per_floor":[112,112,129,109,122,151,151,180,230,250,270,270,288,301,301,374,374,394,394,412,432,189,218,218],"floor_reached":24,"playtime":3234,"items_purged":["Strike_G"],"score":460,"play_id":"409a0b11-0de8-4f84-99ef-8ade55f1f144","local_time":"20200211101854","is_ascension_mode":true,"campfire_choices":[{"floor":7.0,"key":"REST"},{"data":"A Thousand Cuts","floor":12.0,"key":"SMITH"},{"data":"Skewer","floor":15.0,"key":"SMITH"}],"neow_cost":"NONE","seed_source_timestamp":2356158405764000,"circlet_count":0,"master_deck":["AscendersBane","Strike_G","Strike_G","Strike_G","Strike_G","Defend_G","Defend_G","Defend_G","Defend_G","Defend_G+1","Survivor","Neutralize","Predator+1","Skewer+1","Flying Knee","Adrenaline","A Thousand Cuts+1","PiercingWail","Wraith Form v2+1","Dagger Spray","Adrenaline","Footwork","Leg Sweep","Well Laid Plans","Backflip"],"special_seed":0,"relics":["Ring of the Snake","Shuriken","Ancient Tea Set","Art of War","SlaversCollar","Mercury Hourglass"],"potions_floor_usage":[18,20,21,23],"damage_taken":[{"damage":4.0,"enemies":"Small Slimes","floor":1.0,"turns":5.0},{"damage":1.0,"enemies":"Jaw Worm","floor":3.0,"turns":3.0},{"damage":0.0,"enemies":"Cultist","floor":5.0,"turns":3.0},{"damage":9.0,"enemies":"Lagavulin","floor":6.0,"turns":6.0},{"damage":14.0,"enemies":"3 Sentries","floor":8.0,"turns":5.0},{"damage":2.0,"enemies":"Gremlin Gang","floor":10.0,"turns":3.0},{"damage":6.0,"enemies":"Lots of Slimes","floor":11.0,"turns":4.0},{"damage":0.0,"enemies":"2 Fungi Beasts","floor":13.0,"turns":2.0},{"damage":0.0,"enemies":"Exordium Thugs","floor":14.0,"turns":4.0},{"damage":18.0,"enemies":"The Guardian","floor":16.0,"turns":13.0},{"damage":16,"enemies":"Spheric Guardian","floor":18,"turns":5},{"damage":1,"enemies":"Chosen","floor":20,"turns":5},{"damage":2,"enemies":"Snecko","floor":21,"turns":3},{"damage":18,"enemies":"Book of Stabbing","floor":23,"turns":7},{"damage":17,"enemies":"Snake Plant","floor":24,"turns":5}],"seed_played":"-8416234439028428195","potions_obtained":[{"floor":0.0,"key":"PowerPotion"},{"floor":0.0,"key":"DistilledChaos"},{"floor":3.0,"key":"CunningPotion"},{"floor":8.0,"key":"LiquidMemories"},{"floor":10.0,"key":"SkillPotion"},{"floor":14.0,"key":"LiquidMemories"},{"floor":16.0,"key":"SpeedPotion"},{"floor":20,"key":"Explosive Potion"}],"is_trial":false,"path_per_floor":["M","?","M","?","M","E","R","E","T","M","M","R","M","M","R","B",null,"M","?","M","M","$","E","M"],"character_chosen":"THE_SILENT","items_purchased":["Leg Sweep","Well Laid Plans","Block Potion"],"campfire_rested":1,"item_purchase_floors":[22,22,22],"current_hp_per_floor":[55,35,34,34,34,25,44,30,30,28,22,22,22,22,22,4,51,35,35,34,32,32,14,0],"gold":218,"neow_bonus":"THREE_SMALL_POTIONS","is_prod":false,"is_daily":false,"chose_seed":false,"campfire_upgraded":2,"win_rate":0,"timestamp":1581416334,"path_taken":["M","?","M","?","M","E","R","E","T","M","?","R","?","?","R","BOSS","M","?","M","M","?","E","M"],"build_version":"2020-01-27","purchased_purges":1,"victory":false,"max_hp_per_floor":[66,66,66,66,66,66,66,66,66,66,66,66,66,66,66,66,66,66,66,66,66,66,66,66],"card_choices":[{"not_picked":["Deflect","Acrobatics"],"picked":"Predator","floor":1.0},{"not_picked":["Caltrops","Finisher"],"picked":"Skewer","floor":3.0},{"not_picked":["Bane","Choke"],"picked":"Flying Knee","floor":5.0},{"not_picked":["All Out Attack","Sucker Punch"],"picked":"Adrenaline","floor":6.0},{"not_picked":["Cloak And Dagger","Bane"],"picked":"A Thousand Cuts","floor":8.0},{"not_picked":["Expertise","Outmaneuver"],"picked":"PiercingWail","floor":10.0},{"not_picked":["Quick Slash","Dagger Throw","Deadly Poison"],"picked":"SKIP","floor":11.0},{"not_picked":["Sucker Punch","Blade Dance"],"picked":"Wraith Form v2","floor":13.0},{"not_picked":["Backflip","Blur"],"picked":"Dagger Spray","floor":14.0},{"not_picked":["Burst","Glass Knife"],"picked":"Adrenaline","floor":16.0},{"not_picked":["Quick Slash+1","Blade Dance","Skewer"],"picked":"SKIP","floor":18},{"not_picked":["Bouncing Flask","Blur"],"picked":"Footwork","floor":20},{"not_picked":["Deadly Poison","Noxious Fumes","All Out Attack"],"picked":"SKIP","floor":21},{"not_picked":["Distraction","Bouncing Flask"],"picked":"Backflip","floor":23}],"player_experience":2247818,"relics_obtained":[{"floor":6.0,"key":"Shuriken"},{"floor":8.0,"key":"Ancient Tea Set"},{"floor":9.0,"key":"Art of War"},{"floor":23,"key":"Mercury Hourglass"}],"event_choices":[{"damage_healed":0.0,"max_hp_gain":0.0,"max_hp_loss":0.0,"gold_gain":0.0,"event_name":"Shining Light","player_choice":"Entered Light","floor":2.0,"gold_loss":0.0,"damage_taken":20.0,"cards_upgraded":["Defend_G","Predator"]},{"damage_healed":0.0,"max_hp_gain":0.0,"max_hp_loss":0.0,"gold_gain":0.0,"event_name":"The Woman in Blue","player_choice":"Bought 1 Potion","floor":4.0,"gold_loss":0.0,"damage_taken":0.0},{"damage_healed":0,"gold_gain":0,"player_choice":"Upgraded","damage_taken":0,"max_hp_gain":0,"max_hp_loss":0,"event_name":"Upgrade Shrine","floor":19,"gold_loss":0,"cards_upgraded":["Wraith Form v2"]}],"is_beta":true,"boss_relics":[{"not_picked":["Calling Bell","Runic Dome"],"picked":"SlaversCollar"}],"items_purged_floors":[22],"is_endless":false,"potions_floor_spawned":[3,8,10,14,16,20],"killed_by":"Snake Plant","ascension_level":20}