{"gold_per_floor":[111,127,127,127,150,150,186,207,289,289,65,65,88,112,112,205,205,218,231,231,231,231,266,50,50,73,108,108,108,23,39,39,113,113,131,143,157,182,182,182,213,213,213,213],"floor_reached":44,"playtime":3171,"items_purged":["Strike_G","Bite+1"],"score":1069,"play_id":"701b3576-0cd0-4088-865b-0837054eb5b2","local_time":"20200209213603","is_ascension_mode":true,"campfire_choices":[{"data":"Poisoned Stab","floor":6,"key":"SMITH"},{"data":"Crippling Poison","floor":10,"key":"SMITH"},{"data":"Noxious Fumes","floor":12,"key":"SMITH"},{"floor":15,"key":"REST"},{"data":"Footwork","floor":29,"key":"SMITH"},{"data":"Catalyst","floor":32,"key":"SMITH"},{"floor":40,"key":"RECALL"}],"neow_cost":"NONE","seed_source_timestamp":2224127990805599,"circlet_count":0,"master_deck":["AscendersBane","Defend_G","Defend_G","Defend_G+1","Defend_G","Defend_G","Survivor+1","Neutralize","Flying Knee","Poisoned Stab+1","Crippling Poison+1","Footwork+1","Noxious Fumes+1","Dagger Throw+1","Well Laid Plans","Dagger Spray+1","Dagger Spray+1","Leg Sweep","Bite+1","Bite+1","Bite+1","Bite+1","PiercingWail+1","Catalyst+1","Backflip","Malaise","CurseOfTheBell","Dodge and Roll","Dodge and Roll+1","PiercingWail"],"relics":["Ring of the Snake","Bloody Idol","Ice Cream","Molten Egg 2","Smiling Mask","Velvet Choker","Centennial Puzzle","TwistedFunnel","Potion Belt","Akabeko","Calling Bell","Pen Nib","Darkstone Periapt","Turnip","TungstenRod","Ancient Tea Set","Pear"],"potions_floor_usage":[7,16,16,23,27,37,41,41],"damage_taken":[{"damage":1,"enemies":"Cultist","floor":1,"turns":5},{"damage":0,"enemies":"Jaw Worm","floor":2,"turns":5},{"damage":1,"enemies":"2 Louse","floor":5,"turns":3},{"damage":2,"enemies":"3 Sentries","floor":7,"turns":9},{"damage":3,"enemies":"Large Slime","floor":8,"turns":6},{"damage":22,"enemies":"Exordium Wildlife","floor":14,"turns":4},{"damage":12,"enemies":"Slime Boss","floor":16,"turns":7},{"damage":1,"enemies":"3 Byrds","floor":18,"turns":3},{"damage":7,"enemies":"Chosen","floor":19,"turns":4},{"damage":0,"enemies":"Gremlin Leader","floor":23,"turns":7},{"damage":23,"enemies":"Slavers","floor":27,"turns":5},{"damage":7,"enemies":"Snecko","floor":31,"turns":5},{"damage":32,"enemies":"Automaton","floor":33,"turns":9},{"damage":3,"enemies":"3 Shapes","floor":35,"turns":3},{"damage":0,"enemies":"3 Darklings","floor":36,"turns":3},{"damage":34,"enemies":"Jaw Worm Horde","floor":37,"turns":5},{"damage":0,"enemies":"Mind Bloom Boss Battle","floor":38,"turns":10},{"damage":37,"enemies":"Nemesis","floor":41,"turns":13},{"damage":55,"enemies":"Reptomancer","floor":44,"turns":5}],"seed_played":"7738727497300326545","potions_obtained":[{"floor":5,"key":"Fire Potion"},{"floor":8,"key":"Explosive Potion"},{"floor":16,"key":"ColorlessPotion"},{"floor":19,"key":"SneckoOil"},{"floor":23,"key":"Swift Potion"},{"floor":36,"key":"AttackPotion"},{"floor":38,"key":"GamblersBrew"}],"is_trial":false,"path_per_floor":["M","M","?","?","M","R","E","M","T","R","$","R","T","M","R","B",null,"M","M","?","?","$","E","$","T","T","E","?","R","$","M","R","B",null,"M","M","M","?","?","R","E","?","T","E"],"character_chosen":"THE_SILENT","items_purchased":["Dagger Throw+1","Well Laid Plans","PowerPotion","TwistedFunnel","Catalyst"],"campfire_rested":1,"item_purchase_floors":[11,11,11,24,30],"current_hp_per_floor":[64,64,64,44,43,43,41,38,38,38,38,38,38,16,35,23,55,54,47,45,45,45,45,45,45,45,34,34,34,34,45,45,34,42,45,45,31,45,43,43,32,32,42,0],"gold":213,"neow_bonus":"TEN_PERCENT_HP_BONUS","is_prod":false,"is_daily":false,"chose_seed":false,"campfire_upgraded":5,"win_rate":0,"timestamp":1581284163,"path_taken":["M","M","?","?","M","R","E","?","T","R","$","R","?","M","R","BOSS","M","M","?","?","$","E","$","?","T","E","?","R","?","?","R","BOSS","M","?","M","?","?","R","E","?","T","E"],"build_version":"2020-01-27","purchased_purges":2,"victory":false,"max_hp_per_floor":[72,72,65,65,65,65,65,65,65,65,65,65,65,65,65,65,65,65,65,45,45,45,45,45,45,45,45,45,45,45,45,45,45,45,45,45,45,45,43,43,43,43,53,53],"card_choices":[{"not_picked":["Deadly Poison","Concentrate"],"picked":"Flying Knee","floor":1},{"not_picked":["Dodge and Roll","Cloak And Dagger"],"picked":"Poisoned Stab","floor":2},{"not_picked":["Cloak And Dagger","Blade Dance"],"picked":"Crippling Poison","floor":5},{"not_picked":["Quick Slash","Infinite Blades"],"picked":"Footwork","floor":7},{"not_picked":["A Thousand Cuts","Dagger Throw"],"picked":"Noxious Fumes","floor":8},{"not_picked":["Deflect","Acrobatics"],"picked":"Dagger Spray+1","floor":14},{"not_picked":["Prepared","Heel Hook+1"],"picked":"Dagger Spray+1","floor":18},{"not_picked":["Eviscerate+1","Blade Dance"],"picked":"Leg Sweep","floor":19},{"not_picked":["Catalyst","Slice+1"],"picked":"PiercingWail+1","floor":23},{"not_picked":["Flying Knee+1","Quick Slash+1","Deflect"],"picked":"SKIP","floor":27},{"not_picked":["Quick Slash+1","Distraction"],"picked":"Backflip","floor":31},{"not_picked":["Die Die Die+1","Tools of the Trade"],"picked":"Malaise","floor":33},{"not_picked":["Flying Knee+1","Deflect"],"picked":"Dodge and Roll","floor":35},{"not_picked":["Skewer+1","Masterful Stab+1"],"picked":"Dodge and Roll+1","floor":36},{"not_picked":["Distraction","Deadly Poison","Sucker Punch+1"],"picked":"SKIP","floor":37},{"not_picked":["Dodge and Roll","Crippling Poison"],"picked":"PiercingWail","floor":38},{"not_picked":["Dagger Throw+1","Terror","Dagger Spray+1"],"picked":"SKIP","floor":41}],"player_experience":2227860,"relics_obtained":[{"floor":7,"key":"Ice Cream"},{"floor":9,"key":"Molten Egg 2"},{"floor":13,"key":"Smiling Mask"},{"floor":23,"key":"Centennial Puzzle"},{"floor":25,"key":"Potion Belt"},{"floor":27,"key":"Akabeko"},{"floor":34,"key":"Pen Nib"},{"floor":34,"key":"Darkstone Periapt"},{"floor":34,"key":"Turnip"},{"floor":38,"key":"TungstenRod"},{"floor":41,"key":"Ancient Tea Set"},{"floor":43,"key":"Pear"}],"event_choices":[{"damage_healed":0,"gold_gain":0,"player_choice":"Lose Max HP","damage_taken":0,"relics_obtained":["Golden Idol"],"max_hp_gain":0,"max_hp_loss":7,"event_name":"Golden Idol","floor":3,"gold_loss":0},{"damage_healed":0,"gold_gain":0,"player_choice":"Entered Light","damage_taken":20,"max_hp_gain":0,"max_hp_loss":0,"event_name":"Shining Light","floor":4,"gold_loss":0,"cards_upgraded":["Survivor","Defend_G"]},{"damage_healed":0,"gold_gain":0,"player_choice":"Became a vampire","damage_taken":0,"max_hp_gain":0,"max_hp_loss":20,"event_name":"Vampires","floor":20,"gold_loss":0,"cards_obtained":["Bite","Bite","Bite","Bite","Bite"]},{"damage_healed":0,"gold_gain":0,"player_choice":"Ignored","damage_taken":0,"max_hp_gain":0,"max_hp_loss":0,"event_name":"Ghosts","floor":21,"gold_loss":0},{"damage_healed":0,"gold_gain":0,"player_choice":"Gave Idol","damage_taken":0,"relics_obtained":["Bloody Idol"],"max_hp_gain":0,"max_hp_loss":0,"event_name":"Forgotten Altar","floor":28,"relics_lost":["Golden Idol"],"gold_loss":0},{"damage_healed":0,"gold_gain":0,"player_choice":"Fight","damage_taken":0,"max_hp_gain":0,"max_hp_loss":0,"event_name":"MindBloom","floor":38,"gold_loss":0},{"damage_healed":0,"gold_gain":0,"player_choice":"Max HP","damage_taken":0,"max_hp_gain":0,"max_hp_loss":2,"event_name":"Winding Halls","floor":39,"gold_loss":0},{"damage_healed":0,"gold_gain":0,"player_choice":"Ignored","damage_taken":0,"max_hp_gain":0,"max_hp_loss":0,"event_name":"Mysterious Sphere","floor":42,"gold_loss":0}],"is_beta":true,"boss_relics":[{"not_picked":["Ectoplasm","Runic Dome"],"picked":"Velvet Choker"},{"not_picked":["Fusion Hammer","Runic Pyramid"],"picked":"Calling Bell"}],"items_purged_floors":[11,24],"is_endless":false,"potions_floor_spawned":[5,8,16,19,23,36,38],"killed_by":"Reptomancer","ascension_level":20}