{"gold_per_floor":[109,124,143,160,4,4,17,42,67,67,78,95,95,95,95,174,174,185,155,155,169,84,84,111,111,111,140,7,7,7,7,7,81,81,94,106,123,123,123,123,156,156,156,181,200,100,134,152,152,152,152],"floor_reached":51,"playtime":5755,"items_purged":["Strike_G","Strike_G"],"score":1390,"play_id":"2650645e-46ad-4d7f-8639-01b69d868da1","local_time":"20200208155651","is_ascension_mode":true,"campfire_choices":[{"data":"Cloak And Dagger","floor":6.0,"key":"SMITH"},{"data":"Noxious Fumes","floor":13.0,"key":"SMITH"},{"data":"Flying Knee","floor":15.0,"key":"SMITH"},{"data":"A Thousand Cuts","floor":23.0,"key":"SMITH"},{"floor":25.0,"key":"REST"},{"floor":30.0,"key":"REST"},{"data":"Envenom","floor":32.0,"key":"SMITH"},{"floor":40.0,"key":"REST"},{"floor":42.0,"key":"REST"},{"floor":49,"key":"RECALL"}],"neow_cost":"TEN_PERCENT_HP_LOSS","seed_source_timestamp":2112585891111500,"circlet_count":0,"master_deck":["AscendersBane","Strike_G","Defend_G","Defend_G","Defend_G","Defend_G","Defend_G","Survivor","Neutralize","Dash","Cloak And Dagger+1","Noxious Fumes+1","Well Laid Plans","PiercingWail","Flying Knee+1","Crippling Poison","A Thousand Cuts+1","Backflip","Die Die Die","Envenom+1","Bullet Time","Noxious Fumes","Adrenaline","Leg Sweep","Dark Shackles","After Image","Leg Sweep","Discovery","Deep Breath","Wraith Form v2","Leg Sweep+1","Footwork","Cloak And Dagger"],"special_seed":0,"relics":["Ring of the Snake","Ice Cream","Bag of Preparation","Akabeko","Lantern","Sozu","Oddly Smooth Stone","Incense Burner","Ninja Scroll","Potion Belt","SlaversCollar","Peace Pipe","Dead Branch","HornCleat"],"potions_floor_usage":[],"damage_taken":[{"damage":0.0,"enemies":"Cultist","floor":1.0,"turns":4.0},{"damage":0.0,"enemies":"Jaw Worm","floor":2.0,"turns":4.0},{"damage":0.0,"enemies":"Small Slimes","floor":3.0,"turns":4.0},{"damage":0.0,"enemies":"Gremlin Gang","floor":4.0,"turns":5.0},{"damage":2.0,"enemies":"Blue Slaver","floor":7.0,"turns":5.0},{"damage":29.0,"enemies":"Gremlin Nob","floor":8.0,"turns":5.0},{"damage":0.0,"enemies":"Looter","floor":11.0,"turns":3.0},{"damage":0.0,"enemies":"2 Fungi Beasts","floor":12.0,"turns":3.0},{"damage":9.0,"enemies":"The Guardian","floor":16.0,"turns":10.0},{"damage":0.0,"enemies":"3 Byrds","floor":18.0,"turns":4.0},{"damage":3.0,"enemies":"2 Thieves","floor":19.0,"turns":4.0},{"damage":0.0,"enemies":"3 Cultists","floor":21.0,"turns":4.0},{"damage":19.0,"enemies":"Slavers","floor":24.0,"turns":4.0},{"damage":27.0,"enemies":"Book of Stabbing","floor":27.0,"turns":5.0},{"damage":31.0,"enemies":"Collector","floor":33.0,"turns":10.0},{"damage":0.0,"enemies":"Orb Walker","floor":35.0,"turns":3.0},{"damage":12.0,"enemies":"3 Darklings","floor":36.0,"turns":5.0},{"damage":0.0,"enemies":"Maw","floor":37.0,"turns":9.0},{"damage":33.0,"enemies":"Reptomancer","floor":41.0,"turns":8.0},{"damage":0.0,"enemies":"Mind Bloom Boss Battle","floor":44.0,"turns":8.0},{"damage":0.0,"enemies":"Spire Growth","floor":45.0,"turns":4.0},{"damage":5.0,"enemies":"Nemesis","floor":47.0,"turns":7.0},{"damage":0,"enemies":"3 Darklings","floor":48,"turns":4},{"damage":13,"enemies":"Donu and Deca","floor":50,"turns":8},{"damage":18,"enemies":"Time Eater","floor":51,"turns":12}],"seed_played":"9019484177187387892","potions_obtained":[{"floor":1.0,"key":"Swift Potion"},{"floor":3.0,"key":"AttackPotion"},{"floor":7.0,"key":"BlessingOfTheForge"},{"floor":8.0,"key":"ColorlessPotion"}],"is_trial":false,"path_per_floor":["M","M","M","M","$","R","M","E","T","?","M","M","R","?","R","B",null,"M","M","?","M","?","R","E","R","T","E","$","?","R","?","R","B",null,"M","M","M","?","?","R","E","R","T","?","M","$","E","M","R","B","B"],"character_chosen":"THE_SILENT","items_purchased":["Well Laid Plans","Leg Sweep","Dark Shackles"],"campfire_rested":4,"item_purchase_floors":[5,28,28],"current_hp_per_floor":[59,59,59,59,59,59,57,28,28,10,10,10,10,10,10,1,45,45,42,42,42,42,42,23,41,41,14,14,14,32,32,32,1,45,45,33,33,28,28,45,12,29,29,29,29,29,24,24,24,11,0],"gold":152,"neow_bonus":"ONE_RARE_RELIC","is_prod":false,"is_daily":false,"chose_seed":false,"campfire_upgraded":5,"win_rate":0,"timestamp":1581177411,"path_taken":["M","M","M","M","$","R","M","E","T","?","M","M","R","?","R","BOSS","M","M","?","M","?","R","E","R","T","E","$","?","R","?","R","BOSS","M","M","?","?","?","R","E","R","T","?","M","$","E","M","R","BOSS","BOSS"],"build_version":"2020-01-27","purchased_purges":2,"victory":false,"max_hp_per_floor":[60,60,60,60,60,60,60,60,60,60,60,60,60,60,60,60,60,60,60,60,60,60,60,60,60,60,60,60,60,60,60,60,60,60,60,60,60,60,57,57,57,57,57,57,57,57,57,57,57,57,57],"card_choices":[{"not_picked":["Masterful Stab","Acrobatics"],"picked":"Dash","floor":1.0},{"not_picked":["Slice","Acrobatics"],"picked":"Cloak And Dagger","floor":2.0},{"not_picked":["Catalyst","Acrobatics","Slice"],"picked":"SKIP","floor":3.0},{"not_picked":["Underhanded Strike","Slice"],"picked":"Noxious Fumes","floor":4.0},{"not_picked":["Acrobatics","Infinite Blades"],"picked":"PiercingWail","floor":7.0},{"not_picked":["Catalyst","Choke"],"picked":"Flying Knee","floor":8.0},{"not_picked":["Grand Finale","Acrobatics","Slice"],"picked":"SKIP","floor":11.0},{"not_picked":["Blade Dance","Slice"],"picked":"Crippling Poison","floor":12.0},{"not_picked":["Storm of Steel","Bullet Time"],"picked":"A Thousand Cuts","floor":16.0},{"not_picked":["Cloak And Dagger","Blade Dance"],"picked":"Backflip","floor":18.0},{"not_picked":["Backflip+1","Expertise"],"picked":"Die Die Die","floor":19.0},{"not_picked":["Deadly Poison","Outmaneuver"],"picked":"Noxious Fumes","floor":21.0},{"not_picked":["Prepared","Cloak And Dagger","Tactician"],"picked":"SKIP","floor":24.0},{"not_picked":["Quick Slash","Sucker Punch"],"picked":"Adrenaline","floor":27.0},{"not_picked":["Storm of Steel","Phantasmal Killer"],"picked":"After Image","floor":33.0},{"not_picked":["Riddle With Holes","Dash","Slice+1"],"picked":"SKIP","floor":35.0},{"not_picked":["Dagger Spray","Underhanded Strike"],"picked":"Leg Sweep","floor":36.0},{"not_picked":["Bane","Acrobatics","Underhanded Strike"],"picked":"SKIP","floor":37.0},{"not_picked":["Madness","PanicButton"],"picked":"Discovery","floor":38.0},{"not_picked":["Jack Of All Trades","Blind"],"picked":"Deep Breath","floor":38.0},{"not_picked":["Deflect","Bouncing Flask"],"picked":"Wraith Form v2","floor":41.0},{"not_picked":["All Out Attack+1","Quick Slash"],"picked":"Leg Sweep+1","floor":45.0},{"not_picked":["Bane","Riddle With Holes"],"picked":"Footwork","floor":47.0},{"not_picked":["Escape Plan","Underhanded Strike"],"picked":"Cloak And Dagger","floor":48}],"player_experience":2196728,"relics_obtained":[{"floor":8.0,"key":"Bag of Preparation"},{"floor":9.0,"key":"Akabeko"},{"floor":24.0,"key":"Incense Burner"},{"floor":26.0,"key":"Ninja Scroll"},{"floor":27.0,"key":"Potion Belt"},{"floor":41.0,"key":"Peace Pipe"},{"floor":44.0,"key":"Dead Branch"},{"floor":47.0,"key":"HornCleat"}],"event_choices":[{"damage_healed":0.0,"max_hp_gain":0.0,"max_hp_loss":0.0,"gold_gain":0.0,"event_name":"Scrap Ooze","player_choice":"Success","floor":10.0,"gold_loss":0.0,"damage_taken":18.0,"relics_obtained":["Lantern"]},{"damage_healed":0.0,"max_hp_gain":0.0,"max_hp_loss":0.0,"gold_gain":0.0,"event_name":"Liars Game","player_choice":"Ignored","floor":14.0,"gold_loss":0.0,"damage_taken":0.0},{"damage_healed":0.0,"max_hp_gain":0.0,"max_hp_loss":0.0,"gold_gain":0.0,"cards_transformed":["Strike_G","Strike_G"],"event_name":"Drug Dealer","player_choice":"Became Test Subject","floor":20.0,"gold_loss":0.0,"damage_taken":0.0,"cards_obtained":["Envenom","Bullet Time"]},{"damage_healed":0.0,"max_hp_gain":0.0,"max_hp_loss":0.0,"gold_gain":0.0,"event_name":"Addict","player_choice":"Obtained Relic","floor":22.0,"gold_loss":85.0,"damage_taken":0.0,"relics_obtained":["Oddly Smooth Stone"]},{"damage_healed":0.0,"max_hp_gain":0.0,"max_hp_loss":0.0,"gold_gain":0.0,"event_name":"Cursed Tome","player_choice":"Ignored","floor":29.0,"gold_loss":0.0,"damage_taken":0.0},{"damage_healed":0.0,"max_hp_gain":0.0,"max_hp_loss":0.0,"gold_gain":0.0,"event_name":"N\u0027loth","player_choice":"Ignored","floor":31.0,"gold_loss":0.0,"damage_taken":0.0},{"damage_healed":0.0,"max_hp_gain":0.0,"max_hp_loss":0.0,"gold_gain":0.0,"event_name":"SensoryStone","player_choice":"Memory 2","floor":38.0,"gold_loss":0.0,"damage_taken":5.0},{"damage_healed":0.0,"max_hp_gain":0.0,"max_hp_loss":3.0,"gold_gain":0.0,"event_name":"Winding Halls","player_choice":"Max HP","floor":39.0,"gold_loss":0.0,"damage_taken":0.0},{"damage_healed":0.0,"max_hp_gain":0.0,"max_hp_loss":0.0,"gold_gain":0.0,"event_name":"MindBloom","player_choice":"Fight","floor":44.0,"gold_loss":0.0,"damage_taken":0.0}],"is_beta":true,"boss_relics":[{"not_picked":["HoveringKite","Philosopher\u0027s Stone"],"picked":"Sozu"},{"not_picked":["Coffee Dripper","Busted Crown"],"picked":"SlaversCollar"}],"items_purged_floors":[5,46],"is_endless":false,"potions_floor_spawned":[1,3,7,8,18,33,36,41,48],"killed_by":"Time Eater","ascension_level":20}