{"gold_per_floor":[111,125,275,275,15,15,45,45,45,45,74,74,87,120,120,197,197,197,117,117,117,117,117,117,17,17,17,17,17,17,17,17,17,17,17,17,17,17,17,17,17],"floor_reached":41,"playtime":3751,"items_purged":["Strike_G","Strike_G"],"score":940,"play_id":"cb0fcb9a-8f15-4cd0-899a-0c5c1eabbfb4","local_time":"20200210132057","is_ascension_mode":true,"campfire_choices":[{"data":"Dagger Spray","floor":6,"key":"SMITH"},{"data":"Noxious Fumes","floor":8,"key":"SMITH"},{"data":"Poisoned Stab","floor":15,"key":"SMITH"},{"floor":24,"key":"REST"},{"data":"Strike_G","floor":27,"key":"PURGE"},{"data":"Crippling Poison","floor":29,"key":"SMITH"},{"floor":32,"key":"REST"},{"floor":40,"key":"REST"}],"neow_cost":"NONE","seed_source_timestamp":2280244746887100,"circlet_count":0,"master_deck":["AscendersBane","Strike_G","Strike_G","Defend_G","Defend_G","Defend_G","Defend_G","Defend_G","Survivor","Neutralize","Dagger Spray+1","Poisoned Stab+1","Noxious Fumes+1","Crippling Poison+1","Dagger Spray","Leg Sweep","Blur","After Image","PiercingWail","Backflip","PiercingWail","Dodge and Roll","Deflect+1","Wraith Form v2","Well Laid Plans"],"relics":["Ring of the Snake","NeowsBlessing","Regal Pillow","Pear","Boot","Snake Skull","Mummified Hand","Ectoplasm","Peace Pipe","StoneCalendar","Blue Candle","Black Star","Strawberry"],"potions_floor_usage":[11,14,16,23,23,33,33,41,41],"damage_taken":[{"damage":0,"enemies":"2 Louse","floor":1,"turns":1},{"damage":0,"enemies":"Small Slimes","floor":2,"turns":1},{"damage":0,"enemies":"Gremlin Nob","floor":7,"turns":1},{"damage":24,"enemies":"Lagavulin","floor":11,"turns":6},{"damage":2,"enemies":"Jaw Worm","floor":13,"turns":3},{"damage":11,"enemies":"3 Sentries","floor":14,"turns":5},{"damage":13,"enemies":"The Guardian","floor":16,"turns":10},{"damage":2,"enemies":"Shell Parasite","floor":18,"turns":6},{"damage":20,"enemies":"2 Thieves","floor":19,"turns":3},{"damage":7,"enemies":"Sentry and Sphere","floor":21,"turns":6},{"damage":17,"enemies":"Slavers","floor":23,"turns":5},{"damage":15,"enemies":"Snake Plant","floor":30,"turns":6},{"damage":2,"enemies":"Gremlin Leader","floor":31,"turns":7},{"damage":66,"enemies":"Champ","floor":33,"turns":16},{"damage":13,"enemies":"Orb Walker","floor":35,"turns":5},{"damage":0,"enemies":"3 Shapes","floor":37,"turns":5},{"damage":11,"enemies":"Jaw Worm Horde","floor":38,"turns":3},{"damage":91,"enemies":"Giant Head","floor":41,"turns":12}],"seed_played":"4110120186161391688","potions_obtained":[{"floor":11,"key":"Swift Potion"},{"floor":13,"key":"LiquidMemories"},{"floor":16,"key":"GamblersBrew"},{"floor":21,"key":"Swift Potion"},{"floor":30,"key":"SpeedPotion"},{"floor":31,"key":"FearPotion"},{"floor":33,"key":"Fire Potion"},{"floor":35,"key":"BlessingOfTheForge"}],"is_trial":false,"path_per_floor":["M","M","?","?","$","R","E","R","T","$","E","?","M","E","R","B",null,"M","M","?","M","?","E","R","$","T","R","?","R","M","E","R","B",null,"M","T","M","M","?","R","E"],"character_chosen":"THE_SILENT","items_purchased":["Noxious Fumes","Crippling Poison","AttackPotion"],"campfire_rested":3,"item_purchase_floors":[5,5,5],"current_hp_per_floor":[59,59,59,52,52,52,52,52,62,62,38,38,36,25,25,12,60,58,38,38,31,31,14,51,51,51,51,51,51,36,34,71,5,58,45,52,52,41,41,80,0],"gold":17,"neow_bonus":"THREE_ENEMY_KILL","is_prod":false,"is_daily":false,"chose_seed":false,"campfire_upgraded":4,"win_rate":0,"timestamp":1581340857,"path_taken":["M","M","?","?","$","R","E","R","T","?","E","?","?","E","R","BOSS","M","M","?","M","?","E","R","$","T","R","?","R","M","E","R","BOSS","M","?","M","M","?","R","E"],"build_version":"2020-01-27","purchased_purges":2,"victory":false,"max_hp_per_floor":[66,66,66,66,66,66,66,66,76,76,76,76,76,76,76,76,76,76,76,76,76,76,76,76,76,76,76,76,76,76,76,76,76,76,76,83,83,83,83,83,83],"card_choices":[{"not_picked":["Outmaneuver","Underhanded Strike"],"picked":"Dagger Spray","floor":1},{"not_picked":["Backflip","Cloak And Dagger"],"picked":"Poisoned Stab","floor":2},{"not_picked":["Cloak And Dagger","Tactician"],"picked":"Dagger Spray","floor":7},{"not_picked":["Underhanded Strike","Choke"],"picked":"Leg Sweep","floor":11},{"not_picked":["Bane","Sucker Punch","Outmaneuver"],"picked":"SKIP","floor":13},{"not_picked":["Glass Knife","Predator"],"picked":"Blur","floor":14},{"not_picked":["A Thousand Cuts","Adrenaline"],"picked":"After Image","floor":16},{"not_picked":["Prepared","Flying Knee+1","Slice"],"picked":"SKIP","floor":18},{"not_picked":["Masterful Stab","Riddle With Holes"],"picked":"PiercingWail","floor":19},{"not_picked":["Blade Dance","Dagger Spray"],"picked":"Backflip","floor":21},{"not_picked":["Reflex","A Thousand Cuts"],"picked":"PiercingWail","floor":23},{"not_picked":["Acrobatics","Prepared"],"picked":"Dodge and Roll","floor":30},{"not_picked":["Slice+1","Outmaneuver"],"picked":"Deflect+1","floor":31},{"not_picked":["Glass Knife","Venomology"],"picked":"Wraith Form v2","floor":33},{"not_picked":["PiercingWail","Dodge and Roll","Sucker Punch"],"picked":"SKIP","floor":35},{"not_picked":["Finisher","Blade Dance+1","Bane"],"picked":"SKIP","floor":37},{"not_picked":["Bane","Envenom"],"picked":"Well Laid Plans","floor":38}],"player_experience":2237418,"relics_obtained":[{"floor":7,"key":"Regal Pillow"},{"floor":9,"key":"Pear"},{"floor":11,"key":"Boot"},{"floor":14,"key":"Mummified Hand"},{"floor":23,"key":"Peace Pipe"},{"floor":26,"key":"StoneCalendar"},{"floor":31,"key":"Blue Candle"},{"floor":36,"key":"Strawberry"}],"event_choices":[{"damage_healed":0,"gold_gain":150,"player_choice":"AGREE","damage_taken":0,"max_hp_gain":0,"max_hp_loss":0,"event_name":"Liars Game","floor":3,"gold_loss":0,"cards_obtained":["Doubt"]},{"cards_removed":["Doubt"],"damage_healed":0,"gold_gain":0,"player_choice":"Card Removal","damage_taken":7,"max_hp_gain":0,"max_hp_loss":0,"event_name":"Golden Wing","floor":4,"gold_loss":0},{"damage_healed":0,"gold_gain":0,"player_choice":"Searched \u00271\u0027 times","damage_taken":0,"relics_obtained":["Snake Skull"],"max_hp_gain":0,"max_hp_loss":0,"event_name":"Dead Adventurer","floor":12,"gold_loss":0},{"damage_healed":0,"gold_gain":0,"player_choice":"Ignored","damage_taken":0,"max_hp_gain":0,"max_hp_loss":0,"event_name":"Vampires","floor":20,"gold_loss":0},{"damage_healed":0,"gold_gain":0,"player_choice":"Ignored","damage_taken":0,"max_hp_gain":0,"max_hp_loss":0,"event_name":"The Mausoleum","floor":22,"gold_loss":0},{"damage_healed":0,"gold_gain":50,"player_choice":"Pray","damage_taken":0,"max_hp_gain":0,"max_hp_loss":0,"event_name":"Golden Shrine","floor":28,"gold_loss":0},{"damage_healed":0,"gold_gain":0,"player_choice":"Ignored","damage_taken":0,"max_hp_gain":0,"max_hp_loss":0,"event_name":"The Moai Head","floor":39,"gold_loss":0}],"is_beta":true,"boss_relics":[{"not_picked":["Runic Dome","Coffee Dripper"],"picked":"Ectoplasm"},{"not_picked":["HoveringKite","SlaversCollar"],"picked":"Black Star"}],"items_purged_floors":[5,25],"is_endless":false,"potions_floor_spawned":[11,13,16,21,30,31,33,35,37],"killed_by":"Giant Head","ascension_level":20}