{"gold_per_floor":[119,136,136,152,152,152,181,181,181,212,23,23,23,36,36,36],"floor_reached":16,"playtime":666,"items_purged":[],"score":216,"play_id":"c5365dae-4ad5-4870-9376-de4293fa0bf1","local_time":"20200207232354","is_ascension_mode":true,"campfire_choices":[{"data":"Poisoned Stab","floor":6,"key":"SMITH"},{"floor":8,"key":"REST"},{"data":"Deadly Poison","floor":15,"key":"SMITH"}],"neow_cost":"NONE","seed_source_timestamp":2060305232563600,"circlet_count":0,"master_deck":["AscendersBane","Strike_G","Strike_G","Strike_G","Strike_G","Strike_G","Defend_G","Defend_G","Defend_G","Defend_G","Survivor","Neutralize","Deadly Poison+1","Dagger Spray","Poisoned Stab+1","Flying Knee","Malaise"],"relics":["Ring of the Snake","Orichalcum","Mummified Hand","Juzu Bracelet","Frozen Egg 2","Omamori"],"potions_floor_usage":[10],"damage_taken":[{"damage":3,"enemies":"Jaw Worm","floor":1,"turns":5},{"damage":0,"enemies":"Cultist","floor":2,"turns":4},{"damage":0,"enemies":"Small Slimes","floor":4,"turns":2},{"damage":44,"enemies":"Gremlin Nob","floor":7,"turns":5},{"damage":17,"enemies":"3 Sentries","floor":10,"turns":8},{"damage":14,"enemies":"Exordium Wildlife","floor":14,"turns":3},{"damage":6,"enemies":"Hexaghost","floor":16,"turns":7}],"seed_played":"-2956704557986163925","potions_obtained":[{"floor":7,"key":"Poison Potion"},{"floor":14,"key":"Explosive Potion"}],"is_trial":false,"path_per_floor":["M","M","?","M","?","R","E","R","T","E","$","?","?","M","R","B"],"character_chosen":"THE_SILENT","items_purchased":["Omamori","Flying Knee"],"campfire_rested":1,"item_purchase_floors":[11,11],"current_hp_per_floor":[56,56,56,56,56,56,12,31,31,14,14,19,19,5,5,0],"gold":36,"neow_bonus":"RANDOM_COMMON_RELIC","is_prod":false,"is_daily":false,"chose_seed":false,"campfire_upgraded":2,"win_rate":0,"timestamp":1581117834,"path_taken":["M","M","?","M","?","R","E","R","T","E","$","?","?","M","R","BOSS"],"build_version":"2020-01-27","purchased_purges":0,"victory":false,"max_hp_per_floor":[66,66,66,66,66,66,66,66,66,66,66,71,71,71,71,71],"card_choices":[{"not_picked":["Acrobatics","Outmaneuver"],"picked":"Deadly Poison","floor":1},{"not_picked":["Deflect","PiercingWail"],"picked":"Dagger Spray","floor":2},{"not_picked":["Flying Knee","Well Laid Plans"],"picked":"Poisoned Stab","floor":4},{"not_picked":["Slice","Quick Slash","Expertise"],"picked":"SKIP","floor":7},{"not_picked":["Dodge and Roll","Bane","Expertise"],"picked":"SKIP","floor":10},{"not_picked":["Outmaneuver","Choke"],"picked":"Malaise","floor":14}],"player_experience":2191983,"relics_obtained":[{"floor":7,"key":"Mummified Hand"},{"floor":9,"key":"Juzu Bracelet"},{"floor":10,"key":"Frozen Egg 2"}],"event_choices":[{"damage_healed":0,"gold_gain":0,"player_choice":"Leave","damage_taken":0,"max_hp_gain":0,"max_hp_loss":0,"event_name":"The Cleric","floor":3,"gold_loss":0},{"cards_removed":["Defend_G"],"damage_healed":0,"gold_gain":0,"player_choice":"Purged","damage_taken":0,"max_hp_gain":0,"max_hp_loss":0,"event_name":"Purifier","floor":5,"gold_loss":0},{"damage_healed":0,"gold_gain":0,"player_choice":"Donut","damage_taken":0,"max_hp_gain":5,"max_hp_loss":0,"event_name":"Big Fish","floor":12,"gold_loss":0},{"damage_healed":0,"gold_gain":0,"player_choice":"0 cards matched","damage_taken":0,"max_hp_gain":0,"max_hp_loss":0,"event_name":"Match and Keep!","floor":13,"gold_loss":0,"cards_obtained":[]}],"is_beta":true,"boss_relics":[],"items_purged_floors":[],"is_endless":false,"potions_floor_spawned":[7,14],"killed_by":"Hexaghost","ascension_level":20}