{"gold_per_floor":[117,117,132,144,144,175,175,175],"floor_reached":8,"playtime":490,"items_purged":[],"score":112,"play_id":"98d6f4e7-668c-480f-8f58-ab0399b89e17","local_time":"20200209202622","is_ascension_mode":true,"campfire_choices":[{"data":"Bane","floor":7,"key":"SMITH"}],"neow_cost":"NONE","seed_source_timestamp":2222630239437400,"circlet_count":0,"master_deck":["AscendersBane","Strike_G","Strike_G","Strike_G","Strike_G","Strike_G","Defend_G","Defend_G","Defend_G","Defend_G","Defend_G","Survivor","Neutralize","Deadly Poison","Bane+1","Well Laid Plans","Poisoned Stab"],"relics":["Ring of the Snake","Ancient Tea Set","Meat on the Bone"],"potions_floor_usage":[6,8],"damage_taken":[{"damage":1,"enemies":"Cultist","floor":1,"turns":3},{"damage":1,"enemies":"2 Louse","floor":3,"turns":3},{"damage":0,"enemies":"Small Slimes","floor":4,"turns":4},{"damage":31,"enemies":"3 Sentries","floor":6,"turns":12},{"damage":22,"enemies":"Gremlin Nob","floor":8,"turns":3}],"seed_played":"4299008065440524589","potions_obtained":[{"floor":3,"key":"Explosive Potion"},{"floor":6,"key":"PowerPotion"}],"is_trial":false,"path_per_floor":["M","?","M","M","?","E","R","E"],"character_chosen":"THE_SILENT","items_purchased":[],"campfire_rested":0,"item_purchase_floors":[],"current_hp_per_floor":[58,58,57,57,52,21,21,0],"gold":175,"neow_bonus":"THREE_CARDS","is_prod":false,"is_daily":false,"chose_seed":false,"campfire_upgraded":1,"win_rate":0,"timestamp":1581279982,"path_taken":["M","?","M","M","?","E","R","E"],"build_version":"2020-01-27","purchased_purges":0,"victory":false,"max_hp_per_floor":[66,66,66,66,66,66,66,66],"card_choices":[{"not_picked":["Bane","Eviscerate"],"picked":"Deadly Poison","floor":0},{"not_picked":["Prepared","Caltrops"],"picked":"Bane","floor":1},{"not_picked":["Masterful Stab","Choke","Bane"],"picked":"SKIP","floor":3},{"not_picked":["Slice","Endless Agony"],"picked":"Well Laid Plans","floor":4},{"not_picked":["Dodge and Roll","Acrobatics"],"picked":"Poisoned Stab","floor":6}],"player_experience":2226570,"relics_obtained":[{"floor":6,"key":"Meat on the Bone"}],"event_choices":[{"damage_healed":0,"gold_gain":0,"player_choice":"Leave","damage_taken":0,"max_hp_gain":0,"max_hp_loss":0,"event_name":"The Cleric","floor":2,"gold_loss":0},{"damage_healed":0,"gold_gain":0,"player_choice":"Success","damage_taken":5,"relics_obtained":["Ancient Tea Set"],"max_hp_gain":0,"max_hp_loss":0,"event_name":"Scrap Ooze","floor":5,"gold_loss":0}],"is_beta":true,"boss_relics":[],"items_purged_floors":[],"is_endless":false,"potions_floor_spawned":[3,6],"killed_by":"Gremlin Nob","ascension_level":20}