{"gold_per_floor":[119,119,138,156,166,166,194,194,194,194,221,240,240,256,256,328,328,338,352,3,19,19,19,52,64,127,139,162,192,204,216],"floor_reached":31,"playtime":1789,"items_purged":[],"score":534,"play_id":"6bc9d2d9-d630-4704-a69d-fa7e1e0ac76c","local_time":"20200207222504","is_ascension_mode":true,"campfire_choices":[{"data":"Poisoned Stab","floor":6.0,"key":"SMITH"},{"floor":8.0,"key":"REST"},{"floor":15,"key":"REST"},{"floor":23,"key":"REST"},{"data":"Glass Knife","floor":25,"key":"SMITH"},{"data":"Catalyst","floor":27,"key":"SMITH"},{"data":"Neutralize","floor":30,"key":"SMITH"}],"neow_cost":"NONE","seed_source_timestamp":2055622835641800,"circlet_count":0,"master_deck":["AscendersBane","Strike_G","Strike_G","Strike_G","Strike_G+1","Defend_G","Defend_G","Defend_G","Defend_G+1","Defend_G","Survivor","Neutralize+1","Poisoned Stab+1","Poisoned Stab+1","PiercingWail","Deadly Poison","Glass Knife+1","Catalyst+1","Well Laid Plans","Blade Dance+1","Underhanded Strike","Dagger Throw+1","Doppelganger"],"special_seed":0,"relics":["Ring of the Snake","WingedGreaves","CaptainsWheel","Dead Branch","Dream Catcher","HoveringKite","Membership Card","Eternal Feather","MawBank"],"potions_floor_usage":[14,16,18,24],"damage_taken":[{"damage":1.0,"enemies":"2 Louse","floor":1.0,"turns":3.0},{"damage":0.0,"enemies":"Jaw Worm","floor":3.0,"turns":6.0},{"damage":2.0,"enemies":"Small Slimes","floor":4.0,"turns":4.0},{"damage":9.0,"enemies":"Red Slaver","floor":5.0,"turns":6.0},{"damage":28.0,"enemies":"Gremlin Nob","floor":7.0,"turns":4.0},{"damage":10,"enemies":"Lagavulin","floor":11,"turns":6},{"damage":0,"enemies":"Lots of Slimes","floor":12,"turns":8},{"damage":0,"enemies":"Large Slime","floor":14,"turns":4},{"damage":18,"enemies":"The Guardian","floor":16,"turns":9},{"damage":8,"enemies":"3 Byrds","floor":18,"turns":5},{"damage":9,"enemies":"Shell Parasite","floor":19,"turns":6},{"damage":21,"enemies":"Snake Plant","floor":21,"turns":4},{"damage":30,"enemies":"Book of Stabbing","floor":24,"turns":6},{"damage":12,"enemies":"3 Cultists","floor":28,"turns":5},{"damage":25,"enemies":"Sentry and Sphere","floor":29,"turns":6},{"damage":21,"enemies":"Shelled Parasite and Fungi","floor":31,"turns":1}],"seed_played":"-2560265830672805533","potions_obtained":[{"floor":4.0,"key":"PowerPotion"},{"floor":11,"key":"FearPotion"},{"floor":12,"key":"AttackPotion"},{"floor":14,"key":"CunningPotion"},{"floor":18,"key":"FearPotion"},{"floor":28,"key":"Dexterity Potion"}],"is_trial":false,"path_per_floor":["M","?","M","M","M","R","E","R","T","?","E","M","?","M","R","B",null,"M","M","$","M","?","R","E","R","T","R","M","M","R","M"],"character_chosen":"THE_SILENT","items_purchased":["Membership Card","Eternal Feather","Well Laid Plans"],"campfire_rested":3,"item_purchase_floors":[20,20,20],"current_hp_per_floor":[64,42,42,40,31,31,3,24,24,13,3,3,3,3,24,6,56,48,39,39,18,18,51,21,33,33,45,33,8,20,0],"gold":216,"neow_bonus":"TEN_PERCENT_HP_BONUS","is_prod":false,"is_daily":false,"chose_seed":false,"campfire_upgraded":4,"win_rate":0,"timestamp":1581114304,"path_taken":["M","?","M","M","M","R","E","R","T","?","E","?","?","?","R","BOSS","M","M","$","?","?","R","E","R","T","R","M","M","R","M"],"build_version":"2020-01-27","purchased_purges":0,"victory":false,"max_hp_per_floor":[72,72,72,72,72,72,72,72,72,72,72,72,72,72,72,72,72,72,72,72,72,72,72,72,72,72,72,72,72,72,72],"card_choices":[{"not_picked":["Dagger Spray","Crippling Poison"],"picked":"Poisoned Stab","floor":1.0},{"not_picked":["Underhanded Strike","Acrobatics","Backflip"],"picked":"SKIP","floor":3.0},{"not_picked":["Bane","Deadly Poison"],"picked":"Poisoned Stab","floor":4.0},{"not_picked":["Grand Finale","Backflip","Outmaneuver"],"picked":"SKIP","floor":5.0},{"not_picked":["Calculated Gamble","Masterful Stab"],"picked":"PiercingWail","floor":7.0},{"not_picked":["Doppelganger","Prepared","Flechettes"],"picked":"SKIP","floor":11},{"not_picked":["Underhanded Strike","Deflect","Quick Slash"],"picked":"SKIP","floor":12},{"not_picked":["Distraction","Dodge and Roll","Outmaneuver"],"picked":"SKIP","floor":14},{"not_picked":["Tactician","Backflip"],"picked":"Deadly Poison","floor":15},{"not_picked":["Envenom","Phantasmal Killer"],"picked":"Glass Knife","floor":16},{"not_picked":["Blur","All Out Attack"],"picked":"Catalyst","floor":18},{"not_picked":["Blade Dance","Skewer","Quick Slash"],"picked":"SKIP","floor":19},{"not_picked":["Concentrate","Sucker Punch"],"picked":"Blade Dance+1","floor":21},{"not_picked":["Cloak And Dagger","Quick Slash"],"picked":"Dagger Throw+1","floor":23},{"not_picked":["Deflect","Deadly Poison"],"picked":"Doppelganger","floor":24},{"not_picked":["Masterful Stab","Flying Knee","Sucker Punch"],"picked":"SKIP","floor":28},{"not_picked":["Slice","Dagger Spray","Envenom"],"picked":"SKIP","floor":29}],"player_experience":2188281,"relics_obtained":[{"floor":7.0,"key":"WingedGreaves"},{"floor":9.0,"key":"CaptainsWheel"},{"floor":11,"key":"Dream Catcher"},{"floor":24,"key":"MawBank"}],"event_choices":[{"damage_healed":0.0,"max_hp_gain":0.0,"max_hp_loss":0.0,"gold_gain":0.0,"event_name":"Shining Light","player_choice":"Entered Light","floor":2.0,"gold_loss":0.0,"damage_taken":22.0,"cards_upgraded":["Defend_G","Strike_G"]},{"damage_healed":0.0,"max_hp_gain":0.0,"max_hp_loss":0.0,"gold_gain":0.0,"event_name":"Scrap Ooze","player_choice":"Success","floor":10.0,"gold_loss":0.0,"damage_taken":11.0,"relics_obtained":["Dead Branch"]},{"damage_healed":0,"gold_gain":0,"player_choice":"Forge","damage_taken":0,"max_hp_gain":0,"max_hp_loss":0,"event_name":"Accursed Blacksmith","floor":13,"gold_loss":0,"cards_upgraded":["Poisoned Stab"]},{"damage_healed":0,"gold_gain":0,"cards_transformed":["Strike_G"],"player_choice":"Transformed","damage_taken":0,"max_hp_gain":0,"max_hp_loss":0,"event_name":"Transmorgrifier","floor":22,"gold_loss":0,"cards_obtained":["Underhanded Strike"]}],"is_beta":true,"boss_relics":[{"not_picked":["Runic Pyramid","Calling Bell"],"picked":"HoveringKite"}],"items_purged_floors":[],"is_endless":false,"potions_floor_spawned":[4,11,12,14,18,28],"killed_by":"Shelled Parasite and Fungi","ascension_level":20}