{"gold_per_floor":[119,133,5,5,81,113,113,148,148,148,148,148,164,164,164,164],"floor_reached":16,"playtime":727,"items_purged":["Strike_G"],"score":262,"play_id":"236dd1ea-b960-4063-a9c0-e2e3e58bb28a","local_time":"20200208134230","is_ascension_mode":true,"campfire_choices":[{"data":"Dagger Throw","floor":7,"key":"SMITH"},{"data":"Skewer","floor":12,"key":"SMITH"},{"data":"Masterful Stab","floor":15,"key":"SMITH"}],"neow_cost":"NONE","seed_source_timestamp":2111761160794899,"circlet_count":0,"master_deck":["AscendersBane","Strike_G","Strike_G","Strike_G","Strike_G","Defend_G","Defend_G","Defend_G","Defend_G","Defend_G","Survivor","Neutralize+1","Dagger Throw+1","Masterful Stab+1","Dodge and Roll","Skewer+1","Die Die Die+1"],"relics":["Ring of the Snake","NeowsBlessing","Kunai","Blood Vial","Singing Bowl","Golden Idol"],"potions_floor_usage":[8,8,16],"damage_taken":[{"damage":0,"enemies":"Small Slimes","floor":1,"turns":1},{"damage":0,"enemies":"Jaw Worm","floor":2,"turns":1},{"damage":0,"enemies":"Gremlin Nob","floor":6,"turns":1},{"damage":11,"enemies":"Lagavulin","floor":8,"turns":12},{"damage":0,"enemies":"2 Louse","floor":13,"turns":2},{"damage":41,"enemies":"Hexaghost","floor":16,"turns":14}],"seed_played":"-4859027872290110586","potions_obtained":[{"floor":1,"key":"BlessingOfTheForge"},{"floor":8,"key":"SteroidPotion"}],"is_trial":false,"path_per_floor":["M","M","$","?","?","E","R","E","T","?","?","R","M","?","R","B"],"character_chosen":"THE_SILENT","items_purchased":["Explosive Potion"],"campfire_rested":0,"item_purchase_floors":[3],"current_hp_per_floor":[59,59,59,59,59,59,59,48,48,48,48,48,50,32,32,0],"gold":164,"neow_bonus":"THREE_ENEMY_KILL","is_prod":false,"is_daily":false,"chose_seed":false,"campfire_upgraded":3,"win_rate":0,"timestamp":1581169350,"path_taken":["M","M","$","?","?","E","R","E","T","?","?","R","M","?","R","BOSS"],"build_version":"2020-01-27","purchased_purges":1,"victory":false,"max_hp_per_floor":[66,66,66,66,66,66,66,66,66,66,60,60,60,60,60,60],"card_choices":[{"not_picked":["Expertise","Backflip"],"picked":"Dagger Throw","floor":1},{"not_picked":["Caltrops","Outmaneuver"],"picked":"Masterful Stab","floor":2},{"not_picked":["Reflex","Deflect"],"picked":"Dodge and Roll","floor":6},{"not_picked":["Expertise","Poisoned Stab"],"picked":"Skewer","floor":8},{"not_picked":["Well Laid Plans","Slice"],"picked":"Die Die Die","floor":13}],"player_experience":2196001,"relics_obtained":[{"floor":6,"key":"Kunai"},{"floor":8,"key":"Blood Vial"},{"floor":9,"key":"Singing Bowl"}],"event_choices":[{"damage_healed":0,"gold_gain":0,"player_choice":"Ignored","damage_taken":0,"max_hp_gain":0,"max_hp_loss":0,"event_name":"Liars Game","floor":4,"gold_loss":0},{"damage_healed":0,"gold_gain":76,"player_choice":"Gained Gold","damage_taken":0,"max_hp_gain":0,"max_hp_loss":0,"event_name":"Golden Wing","floor":5,"gold_loss":0},{"damage_healed":0,"gold_gain":0,"player_choice":"Leave","damage_taken":0,"max_hp_gain":0,"max_hp_loss":0,"event_name":"The Cleric","floor":10,"gold_loss":0},{"damage_healed":0,"gold_gain":0,"player_choice":"Lose Max HP","damage_taken":0,"relics_obtained":["Golden Idol"],"max_hp_gain":0,"max_hp_loss":6,"event_name":"Golden Idol","floor":11,"gold_loss":0},{"damage_healed":0,"gold_gain":0,"player_choice":"Entered Light","damage_taken":18,"max_hp_gain":0,"max_hp_loss":0,"event_name":"Shining Light","floor":14,"gold_loss":0,"cards_upgraded":["Neutralize","Die Die Die"]}],"is_beta":true,"boss_relics":[],"items_purged_floors":[3],"is_endless":false,"potions_floor_spawned":[1,8],"killed_by":"Hexaghost","ascension_level":20}