{"gold_per_floor":[109,109,126,145,155,155,186,205,205,205,217,236,236,252,252,328,328,341,358,358,377,377,377,377,395,421,421,439,59,76,91,91,91],"floor_reached":33,"playtime":2143,"items_purged":[],"score":660,"play_id":"8278b2e5-7a22-47f2-b054-46458d1ab8a3","local_time":"20200207215325","is_ascension_mode":true,"campfire_choices":[{"data":"Bouncing Flask","floor":6,"key":"SMITH"},{"floor":10,"key":"REST"},{"data":"Skewer","floor":13,"key":"SMITH"},{"data":"Corpse Explosion","floor":15,"key":"SMITH"},{"data":"Wraith Form v2","floor":23,"key":"SMITH"},{"floor":27,"key":"REST"},{"floor":32,"key":"REST"}],"neow_cost":"NONE","seed_source_timestamp":2053397765480700,"circlet_count":0,"master_deck":["AscendersBane","Defend_G","Defend_G","Defend_G","Defend_G","Defend_G","Survivor","Neutralize+1","Sucker Punch","PiercingWail","Bouncing Flask+1","Flying Knee","Skewer+1","Corpse Explosion+1","Deadly Poison","Backflip","Wraith Form v2+1","Corpse Explosion+1","A Thousand Cuts+1","PiercingWail","Escape Plan","Outmaneuver+1","Reflex","Expertise","Burst","PiercingWail"],"relics":["Ring of the Snake","Bronze Scales","Matryoshka","Astrolabe","The Courier","Art of War","TwistedFunnel","Oddly Smooth Stone"],"potions_floor_usage":[7,18,21,25,33,33],"damage_taken":[{"damage":12,"enemies":"Small Slimes","floor":1,"turns":5},{"damage":0,"enemies":"Cultist","floor":3,"turns":4},{"damage":6,"enemies":"Jaw Worm","floor":4,"turns":6},{"damage":0,"enemies":"3 Louse","floor":5,"turns":6},{"damage":36,"enemies":"Gremlin Nob","floor":7,"turns":5},{"damage":0,"enemies":"2 Fungi Beasts","floor":8,"turns":4},{"damage":5,"enemies":"Blue Slaver","floor":11,"turns":3},{"damage":0,"enemies":"Large Slime","floor":12,"turns":6},{"damage":1,"enemies":"Looter","floor":14,"turns":3},{"damage":0,"enemies":"The Guardian","floor":16,"turns":9},{"damage":0,"enemies":"Spheric Guardian","floor":18,"turns":3},{"damage":10,"enemies":"Shell Parasite","floor":19,"turns":4},{"damage":0,"enemies":"3 Cultists","floor":21,"turns":3},{"damage":18,"enemies":"Cultist and Chosen","floor":25,"turns":5},{"damage":18,"enemies":"Centurion and Healer","floor":28,"turns":6},{"damage":14,"enemies":"Sentry and Sphere","floor":30,"turns":4},{"damage":4,"enemies":"Snecko","floor":31,"turns":4},{"damage":57,"enemies":"Automaton","floor":33,"turns":6}],"seed_played":"4367244114982741809","potions_obtained":[{"floor":1,"key":"Ancient Potion"},{"floor":7,"key":"SkillPotion"},{"floor":11,"key":"Energy Potion"},{"floor":12,"key":"LiquidMemories"},{"floor":21,"key":"Swift Potion"},{"floor":30,"key":"Poison Potion"},{"floor":31,"key":"EssenceOfSteel"}],"is_trial":false,"path_per_floor":["M","?","M","M","M","R","E","M","T","R","M","M","R","M","R","B",null,"M","M","?","M","?","R","?","M","T","R","M","$","M","M","R","B"],"character_chosen":"THE_SILENT","items_purchased":["TwistedFunnel","Burst","Oddly Smooth Stone"],"campfire_rested":3,"item_purchase_floors":[29,29,29],"current_hp_per_floor":[47,47,47,41,41,41,5,5,5,24,19,19,19,18,18,18,54,54,44,44,44,44,44,44,26,26,45,27,27,13,9,28,0],"gold":91,"neow_bonus":"UPGRADE_CARD","is_prod":false,"is_daily":false,"chose_seed":false,"campfire_upgraded":4,"win_rate":0,"timestamp":1581112405,"path_taken":["M","?","M","?","M","R","E","M","T","R","M","?","R","M","R","BOSS","M","M","?","M","?","R","?","M","T","R","M","$","M","M","R","BOSS"],"build_version":"2020-01-27","purchased_purges":0,"victory":false,"max_hp_per_floor":[66,66,66,66,66,66,66,66,66,66,66,66,66,66,66,66,66,66,66,66,66,66,66,66,66,66,66,66,66,66,66,66,66],"card_choices":[{"not_picked":["Blur","Deadly Poison"],"picked":"Sucker Punch","floor":1},{"not_picked":["Deflect","Distraction"],"picked":"PiercingWail","floor":3},{"not_picked":["Deflect","Flechettes","Tactician"],"picked":"SKIP","floor":4},{"not_picked":["Quick Slash","Prepared"],"picked":"Bouncing Flask","floor":5},{"not_picked":["Endless Agony","Dodge and Roll"],"picked":"Flying Knee","floor":7},{"not_picked":["Deflect","Acrobatics"],"picked":"Skewer","floor":8},{"not_picked":["Flying Knee","Outmaneuver"],"picked":"Corpse Explosion","floor":11},{"not_picked":["Bouncing Flask","Bane"],"picked":"Deadly Poison","floor":12},{"not_picked":["Acrobatics","Flying Knee"],"picked":"Backflip","floor":14},{"not_picked":["Glass Knife","Burst"],"picked":"Wraith Form v2","floor":16},{"not_picked":["Poisoned Stab","Finisher","Slice"],"picked":"SKIP","floor":18},{"not_picked":["Deadly Poison","Tactician"],"picked":"PiercingWail","floor":19},{"not_picked":["Underhanded Strike","Calculated Gamble"],"picked":"Outmaneuver+1","floor":21},{"not_picked":["Deadly Poison+1","Backflip","Dodge and Roll"],"picked":"SKIP","floor":25},{"not_picked":["Backflip","Terror","Prepared"],"picked":"SKIP","floor":28},{"not_picked":["Finisher+1","Endless Agony+1","Distraction"],"picked":"SKIP","floor":30},{"not_picked":["Backflip","Glass Knife"],"picked":"PiercingWail","floor":31}],"player_experience":2186138,"relics_obtained":[{"floor":7,"key":"Bronze Scales"},{"floor":9,"key":"Matryoshka"},{"floor":26,"key":"The Courier"},{"floor":26,"key":"Art of War"}],"event_choices":[{"cards_removed":["Strike_G"],"damage_healed":0,"gold_gain":0,"player_choice":"Offered Basic","damage_taken":0,"max_hp_gain":0,"max_hp_loss":0,"event_name":"Bonfire Elementals","floor":2,"gold_loss":0},{"damage_healed":0,"gold_gain":0,"player_choice":"Read","damage_taken":0,"max_hp_gain":0,"max_hp_loss":0,"event_name":"The Library","floor":20,"gold_loss":0,"cards_obtained":["Escape Plan"]},{"damage_healed":0,"gold_gain":0,"player_choice":"Ignored","damage_taken":0,"max_hp_gain":0,"max_hp_loss":0,"event_name":"Vampires","floor":22,"gold_loss":0},{"damage_healed":0,"gold_gain":0,"cards_transformed":["Strike_G","Storm of Steel"],"player_choice":"Became Test Subject","damage_taken":0,"max_hp_gain":0,"max_hp_loss":0,"event_name":"Drug Dealer","floor":24,"gold_loss":0,"cards_obtained":["Reflex","Expertise"]}],"is_beta":true,"boss_relics":[{"not_picked":["SacredBark","Coffee Dripper"],"picked":"Astrolabe"}],"items_purged_floors":[],"is_endless":false,"potions_floor_spawned":[1,7,11,12,16,21,30,31],"killed_by":"Automaton","ascension_level":20}