{"gold_per_floor":[112,112,130,130,205,230,230,240,240,240],"floor_reached":10,"playtime":653,"items_purged":[],"score":132,"play_id":"220e9229-3c12-4a8f-89f5-64e24ebddc9e","local_time":"20200210140257","is_ascension_mode":true,"campfire_choices":[{"floor":7,"key":"REST"}],"neow_cost":"NONE","seed_source_timestamp":2285862691542000,"circlet_count":0,"master_deck":["AscendersBane","Strike_G","Strike_G","Strike_G","Strike_G","Strike_G","Defend_G","Defend_G","Defend_G","Defend_G","Defend_G","Survivor","Neutralize","Well Laid Plans","Die Die Die","PiercingWail"],"relics":["Ring of the Snake","Gremlin Horn","MealTicket"],"potions_floor_usage":[6,6,10],"damage_taken":[{"damage":2,"enemies":"2 Louse","floor":1,"turns":4},{"damage":7,"enemies":"Jaw Worm","floor":3,"turns":6},{"damage":29,"enemies":"Gremlin Nob","floor":6,"turns":4},{"damage":7,"enemies":"Small Slimes","floor":8,"turns":3},{"damage":27,"enemies":"3 Sentries","floor":10,"turns":4}],"seed_played":"1997686173598191827","potions_obtained":[{"floor":0,"key":"FearPotion"},{"floor":0,"key":"Block Potion"},{"floor":1,"key":"Poison Potion"},{"floor":8,"key":"ColorlessPotion"}],"is_trial":false,"path_per_floor":["M","?","M","?","?","E","R","M","T","E"],"character_chosen":"THE_SILENT","items_purchased":[],"campfire_rested":1,"item_purchase_floors":[],"current_hp_per_floor":[57,57,50,50,39,10,29,22,22,0],"gold":240,"neow_bonus":"THREE_SMALL_POTIONS","is_prod":false,"is_daily":false,"chose_seed":false,"campfire_upgraded":0,"win_rate":0,"timestamp":1581343377,"path_taken":["M","?","M","?","?","E","R","M","T","E"],"build_version":"2020-01-27","purchased_purges":0,"victory":false,"max_hp_per_floor":[66,66,66,66,66,66,66,66,66,66],"card_choices":[{"not_picked":["Backflip","Deflect","Blade Dance"],"picked":"SKIP","floor":1},{"not_picked":["Blade Dance","Prepared"],"picked":"Well Laid Plans","floor":3},{"not_picked":["A Thousand Cuts","Blade Dance"],"picked":"Die Die Die","floor":6},{"not_picked":["Blade Dance","Cloak And Dagger"],"picked":"PiercingWail","floor":8}],"player_experience":2241905,"relics_obtained":[{"floor":6,"key":"Gremlin Horn"},{"floor":9,"key":"MealTicket"}],"event_choices":[{"damage_healed":0,"gold_gain":0,"player_choice":"Ignored","damage_taken":0,"max_hp_gain":0,"max_hp_loss":0,"event_name":"Liars Game","floor":2,"gold_loss":0},{"damage_healed":0,"gold_gain":0,"player_choice":"Ignored","damage_taken":0,"max_hp_gain":0,"max_hp_loss":0,"event_name":"Golden Wing","floor":4,"gold_loss":0},{"damage_healed":0,"gold_gain":75,"player_choice":"Gather Gold","damage_taken":11,"max_hp_gain":0,"max_hp_loss":0,"event_name":"World of Goop","floor":5,"gold_loss":0}],"is_beta":true,"boss_relics":[],"items_purged_floors":[],"is_endless":false,"potions_floor_spawned":[1,8],"killed_by":"3 Sentries","ascension_level":20}