{"gold_per_floor":[117,127,127,145,0,0,40,40,63,84,97,97,138,138,138,138],"floor_reached":16,"playtime":697,"items_purged":[],"score":270,"play_id":"f6c20e4a-aac6-4fea-9c5b-022f3e766727","local_time":"20200210224201","is_ascension_mode":true,"campfire_choices":[{"data":"Skewer","floor":6,"key":"SMITH"},{"data":"Dagger Spray","floor":8,"key":"SMITH"},{"data":"Cloak And Dagger","floor":12,"key":"SMITH"},{"data":"Footwork","floor":15,"key":"SMITH"}],"neow_cost":"NONE","seed_source_timestamp":2316935340903600,"circlet_count":0,"master_deck":["AscendersBane","Strike_G","Strike_G","Strike_G","Strike_G","Strike_G","Defend_G","Defend_G","Defend_G","Defend_G","Defend_G","Survivor","Neutralize","Skewer+1","Dash","Cloak And Dagger+1","Footwork+1","Footwork","Dagger Spray+1","Backstab","PiercingWail","Backflip"],"special_seed":0,"relics":["Ring of the Snake","Golden Idol","PreservedInsect","Akabeko","Pantograph"],"potions_floor_usage":[7,16],"damage_taken":[{"damage":0.0,"enemies":"2 Louse","floor":1.0,"turns":2.0},{"damage":0.0,"enemies":"Jaw Worm","floor":2.0,"turns":5.0},{"damage":0,"enemies":"Small Slimes","floor":4,"turns":4},{"damage":7,"enemies":"3 Sentries","floor":7,"turns":8},{"damage":0,"enemies":"3 Louse","floor":10,"turns":2},{"damage":0,"enemies":"2 Fungi Beasts","floor":11,"turns":1},{"damage":0,"enemies":"Gremlin Nob","floor":13,"turns":2},{"damage":65,"enemies":"Slime Boss","floor":16,"turns":10}],"seed_played":"-2901524619877680606","potions_obtained":[{"floor":1.0,"key":"BlessingOfTheForge"},{"floor":4,"key":"BlessingOfTheForge"},{"floor":7,"key":"Energy Potion"}],"is_trial":false,"path_per_floor":["M","M","?","M","$","R","E","R","T","M","M","R","E","?","R","B"],"character_chosen":"THE_SILENT","items_purchased":["Footwork","Dagger Spray"],"campfire_rested":0,"item_purchase_floors":[5,5],"current_hp_per_floor":[59,59,59,59,59,59,52,52,52,52,52,52,52,57,57,0],"gold":138,"neow_bonus":"THREE_CARDS","is_prod":false,"is_daily":false,"chose_seed":false,"campfire_upgraded":4,"win_rate":0,"timestamp":1581374521,"path_taken":["M","M","?","M","$","R","E","R","T","M","M","R","E","?","R","BOSS"],"build_version":"2020-01-27","purchased_purges":0,"victory":false,"max_hp_per_floor":[66,66,60,60,60,60,60,60,60,60,60,60,60,65,65,65],"card_choices":[{"not_picked":["Terror","Leg Sweep"],"picked":"Skewer","floor":0.0},{"not_picked":["Dodge and Roll","Escape Plan"],"picked":"Dash","floor":1.0},{"not_picked":["Dodge and Roll","Underhanded Strike"],"picked":"Cloak And Dagger","floor":2.0},{"not_picked":["Eviscerate","Finisher"],"picked":"Footwork","floor":4},{"not_picked":["Slice","Dagger Throw"],"picked":"Backstab","floor":7},{"not_picked":["Cloak And Dagger","Expertise","Reflex"],"picked":"SKIP","floor":10},{"not_picked":["Flying Knee","Night Terror"],"picked":"PiercingWail","floor":11},{"not_picked":["PiercingWail","Dagger Spray"],"picked":"Backflip","floor":13}],"player_experience":2247121,"relics_obtained":[{"floor":7,"key":"PreservedInsect"},{"floor":9,"key":"Akabeko"},{"floor":13,"key":"Pantograph"}],"event_choices":[{"damage_healed":0.0,"max_hp_gain":0.0,"max_hp_loss":6.0,"gold_gain":0.0,"event_name":"Golden Idol","player_choice":"Lose Max HP","floor":3.0,"gold_loss":0.0,"damage_taken":0.0,"relics_obtained":["Golden Idol"]},{"damage_healed":0,"gold_gain":0,"player_choice":"Donut","damage_taken":0,"max_hp_gain":5,"max_hp_loss":0,"event_name":"Big Fish","floor":14,"gold_loss":0}],"is_beta":true,"boss_relics":[],"items_purged_floors":[],"is_endless":false,"potions_floor_spawned":[1,4,7,13],"killed_by":"Slime Boss","ascension_level":20}