{"gold_per_floor":[114,114,127,277,63,97,121,121,148,183,198,239,239,254,254,350,350,363,2,2,2,65,65,108,158,185,185,185,229,229,58,58,176,176,264,264,345,270,319,319,388,427,501,501,501,501,565,205,205,230,255],"floor_reached":51,"playtime":4649,"items_purged":["Doubt","Strike_G"],"score":1553,"play_id":"748fb996-7e54-4c82-a281-db3c1fd41fbb","local_time":"20200209003523","is_ascension_mode":true,"campfire_choices":[{"data":"Riddle With Holes","floor":8.0,"key":"SMITH"},{"data":"Footwork","floor":15.0,"key":"SMITH"},{"data":"HandOfGreed","floor":23.0,"key":"SMITH"},{"data":"Neutralize","floor":28.0,"key":"SMITH"},{"floor":30,"key":"REST"},{"data":"After Image","floor":32,"key":"SMITH"},{"floor":40,"key":"REST"},{"floor":49,"key":"RECALL"}],"neow_cost":"NONE","seed_source_timestamp":2146783878815400,"circlet_count":0,"master_deck":["AscendersBane","Strike_G","Defend_G","Defend_G","Defend_G","Defend_G","Defend_G","Survivor","Neutralize+1","Riddle With Holes+1","Footwork+1","Poisoned Stab","Backflip","Predator+1","Dodge and Roll","Adrenaline","After Image+1","Leg Sweep+1","HandOfGreed+1","Dash","Dodge and Roll","PiercingWail","Phantasmal Killer","Backflip","PiercingWail","After Image","Quick Slash","Dash","Predator","Dash"],"special_seed":0,"relics":["Ring of the Snake","NeowsBlessing","Golden Idol","PreservedInsect","Pen Nib","Mummified Hand","Lizard Tail","Snecko Eye","Boot","Orichalcum","Happy Flower","Philosopher\u0027s Stone","TungstenRod","CaptainsWheel","Shuriken","Pear"],"potions_floor_usage":[29,33,37,47],"damage_taken":[{"damage":0.0,"enemies":"Small Slimes","floor":1.0,"turns":1.0},{"damage":0.0,"enemies":"2 Louse","floor":3.0,"turns":1.0},{"damage":0.0,"enemies":"Gremlin Nob","floor":6.0,"turns":1.0},{"damage":0.0,"enemies":"Jaw Worm","floor":7.0,"turns":5.0},{"damage":3.0,"enemies":"3 Sentries","floor":10.0,"turns":8.0},{"damage":4.0,"enemies":"Looter","floor":11.0,"turns":4.0},{"damage":4.0,"enemies":"Lagavulin","floor":12.0,"turns":6.0},{"damage":7.0,"enemies":"Gremlin Gang","floor":14.0,"turns":4.0},{"damage":9.0,"enemies":"The Guardian","floor":16.0,"turns":16.0},{"damage":3.0,"enemies":"Chosen","floor":18.0,"turns":5.0},{"damage":14.0,"enemies":"2 Thieves","floor":22.0,"turns":5.0},{"damage":0.0,"enemies":"3 Cultists","floor":24.0,"turns":6.0},{"damage":19.0,"enemies":"Shelled Parasite and Fungi","floor":25.0,"turns":4.0},{"damage":15,"enemies":"Gremlin Leader","floor":29,"turns":9},{"damage":51,"enemies":"Champ","floor":33,"turns":19},{"damage":13,"enemies":"3 Shapes","floor":35,"turns":12},{"damage":36,"enemies":"2 Orb Walkers","floor":37,"turns":6},{"damage":0,"enemies":"Orb Walker","floor":39,"turns":5},{"damage":12,"enemies":"Giant Head","floor":41,"turns":9},{"damage":5,"enemies":"Writhing Mass","floor":42,"turns":8},{"damage":0,"enemies":"Reptomancer","floor":47,"turns":6},{"damage":40,"enemies":"Donu and Deca","floor":50,"turns":13},{"damage":31,"enemies":"Awakened One","floor":51,"turns":16}],"seed_played":"-6040625892608545440","potions_obtained":[{"floor":1.0,"key":"Weak Potion"},{"floor":6.0,"key":"Block Potion"},{"floor":10.0,"key":"CunningPotion"},{"floor":14.0,"key":"Weak Potion"},{"floor":24.0,"key":"Swift Potion"},{"floor":29,"key":"Block Potion"},{"floor":35,"key":"DistilledChaos"},{"floor":42,"key":"DistilledChaos"}],"is_trial":false,"path_per_floor":["M","?","M","?","$","E","M","R","T","E","M","E","?","M","R","B",null,"M","$","?","?","M","R","M","M","T","?","R","E","R","$","R","B",null,"M","$","?","?","M","R","E","M","T","?","?","?","E","$","R","B","B"],"character_chosen":"THE_SILENT","items_purchased":["Footwork","Poison Potion","HandOfGreed","Fire Potion","Happy Flower","Pear","Dash"],"campfire_rested":2,"item_purchase_floors":[5,5,19,19,31,48,48],"current_hp_per_floor":[59,36,36,36,36,36,36,36,36,33,29,25,25,18,18,9,52,49,49,49,66,52,52,52,33,33,33,33,18,37,37,37,33,58,45,45,9,9,9,28,16,11,11,54,54,54,54,64,64,24,0],"gold":255,"neow_bonus":"THREE_ENEMY_KILL","is_prod":false,"is_daily":false,"chose_seed":false,"campfire_upgraded":5,"win_rate":0,"timestamp":1581208523,"path_taken":["M","?","M","?","$","E","M","R","T","E","M","E","?","M","R","BOSS","M","$","?","?","M","R","?","M","T","?","R","E","R","?","R","BOSS","M","$","?","?","?","R","E","M","T","?","?","?","E","$","R","BOSS","BOSS"],"build_version":"2020-01-27","purchased_purges":2,"victory":false,"max_hp_per_floor":[66,66,66,66,66,66,66,66,66,66,66,66,66,66,66,66,66,66,66,66,66,66,66,66,66,66,66,66,66,66,66,66,66,66,66,66,66,66,66,66,66,66,66,54,54,54,54,64,64,64,64],"card_choices":[{"not_picked":["Crippling Poison","Reflex"],"picked":"Riddle With Holes","floor":1.0},{"not_picked":["Acrobatics","Blade Dance"],"picked":"Riddle With Holes","floor":3.0},{"not_picked":["Outmaneuver","Flechettes"],"picked":"Poisoned Stab","floor":6.0},{"not_picked":["Choke","Heel Hook"],"picked":"Backflip","floor":7.0},{"not_picked":["Acrobatics","Tactician"],"picked":"Predator","floor":10.0},{"not_picked":["Bane","Quick Slash"],"picked":"Dodge and Roll","floor":11.0},{"not_picked":["Dash","Acrobatics","Sucker Punch"],"picked":"SKIP","floor":12.0},{"not_picked":["Deflect","Underhanded Strike"],"picked":"Adrenaline","floor":14.0},{"not_picked":["Grand Finale","Doppelganger"],"picked":"After Image","floor":16.0},{"not_picked":["Flying Knee","Predator"],"picked":"Leg Sweep+1","floor":18.0},{"not_picked":["Slice","Distraction","Quick Slash"],"picked":"SKIP","floor":22.0},{"not_picked":["Calculated Gamble","Flying Knee","Concentrate"],"picked":"SKIP","floor":24.0},{"not_picked":["Blade Dance","Setup"],"picked":"Dash","floor":25.0},{"not_picked":["Caltrops","Quick Slash"],"picked":"PiercingWail","floor":29},{"not_picked":["Storm of Steel","Burst"],"picked":"Phantasmal Killer","floor":33},{"not_picked":["Concentrate","Choke"],"picked":"Backflip","floor":35},{"not_picked":["Accuracy","Riddle With Holes"],"picked":"PiercingWail","floor":37},{"not_picked":["Underhanded Strike","Cloak And Dagger","Poisoned Stab"],"picked":"SKIP","floor":39},{"not_picked":["Dodge and Roll","Endless Agony"],"picked":"Dash","floor":41},{"not_picked":["Accuracy","Bane+1","Calculated Gamble"],"picked":"SKIP","floor":42},{"not_picked":["Prepared+1","Escape Plan"],"picked":"Predator","floor":47}],"player_experience":2211962,"relics_obtained":[{"floor":6.0,"key":"PreservedInsect"},{"floor":9.0,"key":"Pen Nib"},{"floor":10.0,"key":"Mummified Hand"},{"floor":12.0,"key":"Lizard Tail"},{"floor":26.0,"key":"Boot"},{"floor":29,"key":"Orichalcum"},{"floor":37,"key":"TungstenRod"},{"floor":41,"key":"CaptainsWheel"},{"floor":47,"key":"Shuriken"}],"event_choices":[{"damage_healed":0.0,"max_hp_gain":0.0,"max_hp_loss":0.0,"gold_gain":0.0,"event_name":"Golden Idol","player_choice":"Take Damage","floor":2.0,"gold_loss":0.0,"damage_taken":23.0,"relics_obtained":["Golden Idol"]},{"damage_healed":0.0,"max_hp_gain":0.0,"max_hp_loss":0.0,"gold_gain":150.0,"event_name":"Liars Game","player_choice":"AGREE","floor":4.0,"gold_loss":0.0,"damage_taken":0.0,"cards_obtained":["Doubt"]},{"damage_healed":0.0,"max_hp_gain":0.0,"max_hp_loss":0.0,"gold_gain":0.0,"event_name":"Living Wall","player_choice":"Grow","floor":13.0,"gold_loss":0.0,"damage_taken":0.0,"cards_upgraded":["Predator"]},{"damage_healed":0.0,"max_hp_gain":0.0,"max_hp_loss":0.0,"gold_gain":0.0,"event_name":"Vampires","player_choice":"Ignored","floor":20.0,"gold_loss":0.0,"damage_taken":0.0},{"cards_removed":["Riddle With Holes"],"damage_healed":17.0,"max_hp_gain":0.0,"max_hp_loss":0.0,"gold_gain":0.0,"event_name":"Bonfire Elementals","player_choice":"Offered Uncommon","floor":21.0,"gold_loss":0.0,"damage_taken":0.0},{"damage_healed":0.0,"max_hp_gain":0.0,"max_hp_loss":0.0,"gold_gain":0.0,"cards_transformed":["Strike_G"],"event_name":"Transmorgrifier","player_choice":"Transformed","floor":27.0,"gold_loss":0.0,"damage_taken":0.0,"cards_obtained":["Dodge and Roll"]},{"damage_healed":0,"gold_gain":0,"player_choice":"Fight","damage_taken":0,"max_hp_gain":0,"max_hp_loss":0,"event_name":"Mysterious Sphere","floor":37,"gold_loss":0},{"damage_healed":0,"gold_gain":0,"cards_transformed":["Strike_G","Strike_G"],"player_choice":"Transformed Cards","damage_taken":0,"max_hp_gain":0,"max_hp_loss":0,"event_name":"Designer","floor":38,"gold_loss":75,"cards_obtained":["After Image","Quick Slash"]},{"damage_healed":54,"gold_gain":0,"player_choice":"Heal","damage_taken":0,"max_hp_gain":0,"max_hp_loss":12,"event_name":"The Moai Head","floor":44,"gold_loss":0},{"damage_healed":0,"gold_gain":0,"player_choice":"Memory 1","damage_taken":0,"max_hp_gain":0,"max_hp_loss":0,"event_name":"SensoryStone","floor":45,"gold_loss":0},{"damage_healed":0,"gold_gain":0,"player_choice":"Ignored","damage_taken":0,"max_hp_gain":0,"max_hp_loss":0,"event_name":"Tomb of Lord Red Mask","floor":46,"gold_loss":0}],"is_beta":true,"boss_relics":[{"not_picked":["Coffee Dripper","WristBlade"],"picked":"Snecko Eye"},{"not_picked":["SacredBark","Black Star"],"picked":"Philosopher\u0027s Stone"}],"items_purged_floors":[5,19],"is_endless":false,"potions_floor_spawned":[1,6,10,14,24,29,35,42],"killed_by":"Awakened One","ascension_level":20}