{"gold_per_floor":[109,109,119,194,204,232,232,232,259,275,286,319,319,338,338,409,409,423,439,53,66,66],"floor_reached":22,"playtime":1294,"items_purged":[],"score":396,"play_id":"eee9b712-4db9-4f30-8014-277b6cd38306","local_time":"20200208162450","is_ascension_mode":true,"campfire_choices":[{"floor":7,"key":"REST"},{"data":"Bouncing Flask","floor":13,"key":"SMITH"},{"data":"Dagger Spray","floor":15,"key":"SMITH"}],"neow_cost":"NONE","seed_source_timestamp":2120933824006500,"circlet_count":0,"master_deck":["AscendersBane","Strike_G","Strike_G","Strike_G","Strike_G","Defend_G","Defend_G","Defend_G","Defend_G","Defend_G","Survivor","Neutralize","Dagger Spray+1","Caltrops","Deadly Poison","Quick Slash","Poisoned Stab","Bouncing Flask+1","Malaise","Deflect"],"relics":["Ring of the Snake","NeowsBlessing","Regal Pillow","Bag of Preparation","Potion Belt","PreservedInsect","Runic Pyramid","Eternal Feather"],"potions_floor_usage":[6,12,16,18,22],"damage_taken":[{"damage":0,"enemies":"2 Louse","floor":1,"turns":1},{"damage":0,"enemies":"Cultist","floor":3,"turns":1},{"damage":0,"enemies":"Small Slimes","floor":5,"turns":1},{"damage":28,"enemies":"3 Sentries","floor":6,"turns":9},{"damage":23,"enemies":"3 Louse","floor":10,"turns":3},{"damage":0,"enemies":"2 Fungi Beasts","floor":11,"turns":3},{"damage":27,"enemies":"Gremlin Nob","floor":12,"turns":4},{"damage":4,"enemies":"Blue Slaver","floor":14,"turns":6},{"damage":3,"enemies":"Hexaghost","floor":16,"turns":7},{"damage":16,"enemies":"Shell Parasite","floor":18,"turns":6},{"damage":28,"enemies":"2 Thieves","floor":19,"turns":4},{"damage":26,"enemies":"Centurion and Healer","floor":21,"turns":8},{"damage":20,"enemies":"Snake Plant","floor":22,"turns":4}],"seed_played":"3785465166398233906","potions_obtained":[{"floor":3,"key":"Block Potion"},{"floor":6,"key":"SpeedPotion"},{"floor":11,"key":"Regen Potion"},{"floor":14,"key":"Energy Potion"},{"floor":18,"key":"FairyPotion"}],"is_trial":false,"path_per_floor":["M","?","M","?","M","E","R","?","T","M","M","E","R","M","R","B",null,"M","M","$","M","M"],"character_chosen":"THE_SILENT","items_purchased":["Eternal Feather","Strength Potion","AttackPotion"],"campfire_rested":1,"item_purchase_floors":[20,20,20],"current_hp_per_floor":[59,59,59,48,48,20,54,49,49,26,26,11,11,7,7,4,51,35,7,7,17,0],"gold":66,"neow_bonus":"THREE_ENEMY_KILL","is_prod":false,"is_daily":false,"chose_seed":false,"campfire_upgraded":2,"win_rate":0,"timestamp":1581179090,"path_taken":["M","?","?","?","M","E","R","?","T","M","M","E","R","M","R","BOSS","M","M","$","M","M"],"build_version":"2020-01-27","purchased_purges":0,"victory":false,"max_hp_per_floor":[66,66,66,66,66,66,66,66,66,66,66,66,66,66,66,66,66,66,66,66,66,66],"card_choices":[{"not_picked":["Dodge and Roll","Backflip"],"picked":"Dagger Spray","floor":1},{"not_picked":["Slice","Deflect"],"picked":"Deadly Poison","floor":3},{"not_picked":["Distraction","Deadly Poison"],"picked":"Quick Slash","floor":5},{"not_picked":["Quick Slash","Distraction"],"picked":"Poisoned Stab","floor":6},{"not_picked":["Acrobatics","Skewer"],"picked":"Bouncing Flask","floor":10},{"not_picked":["Deadly Poison","PiercingWail"],"picked":"Malaise","floor":11},{"not_picked":["Outmaneuver","Underhanded Strike","Accuracy"],"picked":"SKIP","floor":12},{"not_picked":["Outmaneuver","Deadly Poison","Riddle With Holes"],"picked":"SKIP","floor":14},{"not_picked":["Riddle With Holes+1","Underhanded Strike","Flechettes+1"],"picked":"SKIP","floor":18},{"not_picked":["Deadly Poison","Skewer","Riddle With Holes"],"picked":"SKIP","floor":19},{"not_picked":["Dagger Throw","Caltrops"],"picked":"Deflect","floor":21}],"player_experience":2202483,"relics_obtained":[{"floor":6,"key":"Regal Pillow"},{"floor":9,"key":"Potion Belt"},{"floor":12,"key":"PreservedInsect"}],"event_choices":[{"damage_healed":0,"gold_gain":0,"cards_transformed":["Strike_G"],"player_choice":"Transformed","damage_taken":0,"max_hp_gain":0,"max_hp_loss":0,"event_name":"Transmorgrifier","floor":2,"gold_loss":0,"cards_obtained":["Caltrops"]},{"damage_healed":0,"gold_gain":75,"player_choice":"Gather Gold","damage_taken":11,"max_hp_gain":0,"max_hp_loss":0,"event_name":"World of Goop","floor":4,"gold_loss":0},{"damage_healed":0,"gold_gain":0,"player_choice":"Success","damage_taken":5,"relics_obtained":["Bag of Preparation"],"max_hp_gain":0,"max_hp_loss":0,"event_name":"Scrap Ooze","floor":8,"gold_loss":0}],"is_beta":true,"boss_relics":[{"not_picked":["HoveringKite","Sozu"],"picked":"Runic Pyramid"}],"items_purged_floors":[],"is_endless":false,"potions_floor_spawned":[3,6,11,14,18],"killed_by":"Snake Plant","ascension_level":20}