{"gold_per_floor":[115,130,148,18,18,18,51,51,51,51,71,71,82,108,108,179,179,196,121,101,118,138,167,167,179,179,179,179,179,189,203,203,274,274,294,294,340,352,352],"floor_reached":39,"playtime":2710,"items_purged":["Strike_G"],"score":822,"play_id":"20c8beeb-606f-4af1-8ce8-51de88f4c790","local_time":"20200210172652","is_ascension_mode":true,"campfire_choices":[{"data":"Predator","floor":6,"key":"SMITH"},{"data":"Dagger Throw","floor":12,"key":"SMITH"},{"data":"Dagger Spray","floor":15,"key":"SMITH"},{"floor":24,"key":"REST"},{"floor":27,"key":"REST"},{"data":"Footwork","floor":32,"key":"SMITH"}],"neow_cost":"NONE","seed_source_timestamp":2296038923951100,"circlet_count":0,"master_deck":["AscendersBane","Strike_G","Strike_G+1","Strike_G","Defend_G","Defend_G","Defend_G","Defend_G","Defend_G","Survivor","Neutralize+1","Predator+1","Dagger Throw+1","Footwork","Backflip","Dagger Spray+1","Die Die Die","Infinite Blades+1","Crippling Poison","Cloak And Dagger","Backflip","Footwork+1","A Thousand Cuts","Deflect","Parasite"],"relics":["Ring of the Snake","Pantograph","Shuriken","HoveringKite","Ancient Tea Set","Blue Candle","Nilry\u0027s Codex","Runic Pyramid","Bag of Marbles"],"potions_floor_usage":[7,14,16,23,25,31,38],"damage_taken":[{"damage":1,"enemies":"2 Louse","floor":1,"turns":5},{"damage":0,"enemies":"Small Slimes","floor":2,"turns":5},{"damage":0,"enemies":"Jaw Worm","floor":3,"turns":5},{"damage":8,"enemies":"Gremlin Nob","floor":7,"turns":3},{"damage":3,"enemies":"3 Louse","floor":11,"turns":5},{"damage":0,"enemies":"Blue Slaver","floor":13,"turns":5},{"damage":16,"enemies":"Lagavulin","floor":14,"turns":7},{"damage":30,"enemies":"Hexaghost","floor":16,"turns":11},{"damage":6,"enemies":"Spheric Guardian","floor":18,"turns":4},{"damage":0,"enemies":"Chosen","floor":21,"turns":6},{"damage":7,"enemies":"Centurion and Healer","floor":22,"turns":5},{"damage":41,"enemies":"Slavers","floor":23,"turns":4},{"damage":17,"enemies":"Shelled Parasite and Fungi","floor":25,"turns":7},{"damage":3,"enemies":"Sentry and Sphere","floor":30,"turns":5},{"damage":5,"enemies":"Snecko","floor":31,"turns":10},{"damage":37,"enemies":"Automaton","floor":33,"turns":14},{"damage":4,"enemies":"Orb Walker","floor":35,"turns":5},{"damage":42,"enemies":"3 Darklings","floor":38,"turns":6},{"damage":21,"enemies":"Writhing Mass","floor":39,"turns":4}],"seed_played":"8038896881118739668","potions_obtained":[{"floor":3,"key":"Strength Potion"},{"floor":11,"key":"DuplicationPotion"},{"floor":14,"key":"Fire Potion"},{"floor":20,"key":"LiquidBronze"},{"floor":22,"key":"Explosive Potion"},{"floor":23,"key":"Dexterity Potion"},{"floor":30,"key":"Regen Potion"},{"floor":33,"key":"Dexterity Potion"},{"floor":35,"key":"FearPotion"},{"floor":38,"key":"SteroidPotion"}],"is_trial":false,"path_per_floor":["M","M","M","$","?","R","E","?","T","?","M","R","M","E","R","B",null,"M","?","?","M","M","E","R","M","T","R","?","?","M","M","R","B",null,"M","?","T","M","M"],"character_chosen":"THE_SILENT","items_purchased":["BlessingOfTheForge"],"campfire_rested":2,"item_purchase_floors":[4],"current_hp_per_floor":[64,64,64,64,64,64,56,61,61,38,35,35,35,19,19,14,61,55,55,55,55,48,7,30,13,13,36,15,15,12,22,22,10,60,56,56,56,14,0],"gold":352,"neow_bonus":"TEN_PERCENT_HP_BONUS","is_prod":false,"is_daily":false,"chose_seed":false,"campfire_upgraded":4,"win_rate":0,"timestamp":1581355612,"path_taken":["M","M","M","$","?","R","E","?","T","?","M","R","?","E","R","BOSS","M","?","?","M","?","E","R","M","T","R","?","?","?","M","R","BOSS","M","?","?","M","?"],"build_version":"2020-01-27","purchased_purges":1,"victory":false,"max_hp_per_floor":[72,72,72,72,72,72,72,77,77,77,77,77,77,77,77,77,77,77,77,77,77,77,77,77,77,77,77,77,77,77,77,77,77,77,77,77,77,77,77],"card_choices":[{"not_picked":["Prepared","Infinite Blades","Blade Dance"],"picked":"SKIP","floor":1},{"not_picked":["Deadly Poison","Poisoned Stab"],"picked":"Predator","floor":2},{"not_picked":["Accuracy","Envenom"],"picked":"Dagger Throw","floor":3},{"not_picked":["Cloak And Dagger","Distraction"],"picked":"Footwork","floor":7},{"not_picked":["Quick Slash","Masterful Stab"],"picked":"Backflip","floor":11},{"not_picked":["Skewer","Predator"],"picked":"Dagger Spray","floor":13},{"not_picked":["Flechettes","Doppelganger","Sucker Punch"],"picked":"SKIP","floor":14},{"not_picked":["Unload","Phantasmal Killer"],"picked":"Die Die Die","floor":16},{"not_picked":["Sucker Punch","Dodge and Roll"],"picked":"Infinite Blades+1","floor":18},{"not_picked":["Blade Dance","Skewer"],"picked":"Crippling Poison","floor":21},{"not_picked":["Dagger Throw","Blade Dance","Grand Finale"],"picked":"SKIP","floor":22},{"not_picked":["Caltrops","Underhanded Strike"],"picked":"Cloak And Dagger","floor":23},{"not_picked":["Terror","Reflex"],"picked":"Backflip","floor":25},{"not_picked":["Slice","Cloak And Dagger"],"picked":"Backstab","floor":30},{"not_picked":["Prepared","Backflip","Quick Slash"],"picked":"SKIP","floor":31},{"not_picked":["Glass Knife","Wraith Form v2"],"picked":"A Thousand Cuts","floor":33},{"not_picked":["Flying Knee","Masterful Stab+1"],"picked":"Deflect","floor":35},{"not_picked":["Masterful Stab","Crippling Poison+1","Flying Knee"],"picked":"SKIP","floor":38}],"player_experience":2242558,"relics_obtained":[{"floor":7,"key":"Pantograph"},{"floor":14,"key":"Shuriken"},{"floor":23,"key":"Ancient Tea Set"},{"floor":26,"key":"Blue Candle"},{"floor":28,"key":"Nilry\u0027s Codex"},{"floor":37,"key":"Bag of Marbles"}],"event_choices":[{"damage_healed":0,"gold_gain":0,"player_choice":"Ignored","damage_taken":0,"max_hp_gain":0,"max_hp_loss":0,"event_name":"Liars Game","floor":5,"gold_loss":0},{"damage_healed":0,"gold_gain":0,"player_choice":"Donut","damage_taken":0,"max_hp_gain":5,"max_hp_loss":0,"event_name":"Big Fish","floor":8,"gold_loss":0},{"damage_healed":0,"gold_gain":0,"player_choice":"Entered Light","damage_taken":23,"max_hp_gain":0,"max_hp_loss":0,"event_name":"Shining Light","floor":10,"gold_loss":0,"cards_upgraded":["Neutralize","Strike_G"]},{"cards_removed":["Strike_G"],"damage_healed":0,"gold_gain":0,"player_choice":"Gave Gold","damage_taken":0,"max_hp_gain":0,"max_hp_loss":0,"event_name":"Beggar","floor":19,"gold_loss":75},{"damage_healed":0,"gold_gain":0,"player_choice":"Bought 1 Potion","damage_taken":0,"max_hp_gain":0,"max_hp_loss":0,"event_name":"The Woman in Blue","floor":20,"gold_loss":0},{"damage_healed":0,"gold_gain":0,"player_choice":"Obtained Book","damage_taken":21,"max_hp_gain":0,"max_hp_loss":0,"event_name":"Cursed Tome","floor":28,"gold_loss":0},{"damage_healed":0,"gold_gain":0,"player_choice":"Copied","damage_taken":0,"max_hp_gain":0,"max_hp_loss":0,"event_name":"Duplicator","floor":29,"gold_loss":0,"cards_obtained":["Footwork"]},{"cards_removed":["Backstab"],"damage_healed":0,"gold_gain":0,"player_choice":"Removed Attack","damage_taken":0,"max_hp_gain":0,"max_hp_loss":0,"event_name":"Falling","floor":36,"gold_loss":0}],"is_beta":true,"boss_relics":[{"not_picked":["Busted Crown","Cursed Key"],"picked":"HoveringKite"},{"not_picked":["Coffee Dripper","Velvet Choker"],"picked":"Runic Pyramid"}],"items_purged_floors":[4],"is_endless":false,"potions_floor_spawned":[3,11,13,14,22,23,30,33,35,38],"killed_by":"Writhing Mass","ascension_level":20}