{"gold_per_floor":[13,24,34,45,45,45,70,70,70,105,116,116,116,141,141,218,218,218,218,0,0,0,0,0,0,0,0,0,0,0,0,0,0],"floor_reached":33,"playtime":3310,"items_purged":["Strike_G"],"score":602,"play_id":"bd9cbac9-d89d-4c3b-ad9e-2f918f05ff50","local_time":"20200209104007","is_ascension_mode":true,"campfire_choices":[{"data":"Noxious Fumes","floor":6.0,"key":"SMITH"},{"data":"Dagger Throw","floor":8.0,"key":"SMITH"},{"data":"Deadly Poison","floor":12.0,"key":"SMITH"},{"data":"Dagger Spray","floor":15.0,"key":"SMITH"},{"data":"Corpse Explosion","floor":25.0,"key":"SMITH"},{"floor":28,"key":"REST"},{"data":"Ghostly","floor":32,"key":"SMITH"}],"neow_cost":"NO_GOLD","seed_source_timestamp":2184536185340900,"circlet_count":0,"master_deck":["AscendersBane","Strike_G","Strike_G","Strike_G","Strike_G","Defend_G","Defend_G","Defend_G","Defend_G","Defend_G","Survivor","Neutralize","Leg Sweep","Dagger Throw+1","Noxious Fumes+1","Dash","Deadly Poison+1","Dagger Spray+1","Corpse Explosion+1","Dagger Throw","Well Laid Plans","PiercingWail","Writhe","Noxious Fumes+1","Backstab","Ghostly+1","Ghostly","Ghostly"],"special_seed":0,"relics":["Ring of the Snake","Tough Bandages","Mummified Hand","Matryoshka","TungstenRod","Ectoplasm","Strawberry","Shuriken","Potion Belt","Letter Opener","Bottled Flame","Juzu Bracelet","Darkstone Periapt"],"potions_floor_usage":[27],"damage_taken":[{"damage":8.0,"enemies":"Small Slimes","floor":1.0,"turns":6.0},{"damage":1.0,"enemies":"Jaw Worm","floor":2.0,"turns":8.0},{"damage":0.0,"enemies":"2 Louse","floor":3.0,"turns":5.0},{"damage":4.0,"enemies":"Blue Slaver","floor":4.0,"turns":5.0},{"damage":4.0,"enemies":"Lagavulin","floor":7.0,"turns":9.0},{"damage":6.0,"enemies":"3 Sentries","floor":10.0,"turns":7.0},{"damage":1.0,"enemies":"2 Fungi Beasts","floor":11.0,"turns":4.0},{"damage":10.0,"enemies":"Lagavulin","floor":14.0,"turns":7.0},{"damage":13.0,"enemies":"Hexaghost","floor":16.0,"turns":9.0},{"damage":0.0,"enemies":"Chosen","floor":18.0,"turns":3.0},{"damage":0.0,"enemies":"Spheric Guardian","floor":19.0,"turns":3.0},{"damage":35.0,"enemies":"Slavers","floor":23.0,"turns":4.0},{"damage":3.0,"enemies":"Shelled Parasite and Fungi","floor":24.0,"turns":5.0},{"damage":15,"enemies":"Gremlin Leader","floor":27,"turns":6},{"damage":50,"enemies":"Champ","floor":33,"turns":13}],"seed_played":"1039510229835666073","potions_obtained":[{"floor":1.0,"key":"FearPotion"},{"floor":2.0,"key":"EntropicBrew"},{"floor":23.0,"key":"EssenceOfSteel"},{"floor":24.0,"key":"Fruit Juice"}],"is_trial":false,"path_per_floor":["M","M","M","M","?","R","E","R","T","E","M","R","?","E","R","B",null,"M","M","$","?","?","E","M","R","T","E","R","?","$","T","R","B"],"character_chosen":"THE_SILENT","items_purchased":["Well Laid Plans","PiercingWail"],"campfire_rested":1,"item_purchase_floors":[20,20],"current_hp_per_floor":[51,50,50,46,46,46,42,42,42,36,35,35,40,30,30,17,58,58,58,58,58,65,30,32,32,32,17,41,41,41,41,41,0],"gold":0,"neow_bonus":"ONE_RARE_RELIC","is_prod":false,"is_daily":false,"chose_seed":false,"campfire_upgraded":6,"win_rate":0,"timestamp":1581244807,"path_taken":["M","M","M","M","?","R","E","R","T","E","M","R","?","E","R","BOSS","M","M","$","?","?","E","M","R","T","E","R","?","$","?","R","BOSS"],"build_version":"2020-01-27","purchased_purges":1,"victory":false,"max_hp_per_floor":[66,66,66,66,66,66,66,66,66,66,66,66,71,71,71,71,71,71,71,71,71,78,78,83,83,83,83,83,41,41,41,41,41],"card_choices":[{"not_picked":["Sucker Punch","Backflip"],"picked":"Leg Sweep","floor":1.0},{"not_picked":["Reflex","Outmaneuver"],"picked":"Dagger Throw","floor":2.0},{"not_picked":["Choke","Dodge and Roll"],"picked":"Noxious Fumes","floor":3.0},{"not_picked":["Outmaneuver","Deflect","Tactician"],"picked":"SKIP","floor":4.0},{"not_picked":["Terror","Backstab"],"picked":"Dash","floor":7.0},{"not_picked":["Leg Sweep","Quick Slash"],"picked":"Deadly Poison","floor":10.0},{"not_picked":["Acrobatics","Finisher","Setup"],"picked":"SKIP","floor":11.0},{"not_picked":["Slice","Predator"],"picked":"Dagger Spray","floor":14.0},{"not_picked":["Adrenaline","Night Terror"],"picked":"Corpse Explosion","floor":16.0},{"not_picked":["Deflect","Blade Dance"],"picked":"Dagger Throw","floor":18.0},{"not_picked":["Terror","Underhanded Strike","Deflect"],"picked":"SKIP","floor":19.0},{"not_picked":["Dash","Cloak And Dagger"],"picked":"Noxious Fumes+1","floor":23.0},{"not_picked":["Reflex","Flying Knee+1","Escape Plan"],"picked":"SKIP","floor":24.0},{"not_picked":["Heel Hook","Dodge and Roll"],"picked":"Backstab","floor":27}],"player_experience":2216611,"relics_obtained":[{"floor":7.0,"key":"Mummified Hand"},{"floor":10.0,"key":"Matryoshka"},{"floor":14.0,"key":"TungstenRod"},{"floor":23.0,"key":"Shuriken"},{"floor":26.0,"key":"Potion Belt"},{"floor":26.0,"key":"Letter Opener"},{"floor":27,"key":"Bottled Flame"},{"floor":31,"key":"Juzu Bracelet"},{"floor":31,"key":"Darkstone Periapt"}],"event_choices":[{"damage_healed":0.0,"max_hp_gain":0.0,"max_hp_loss":0.0,"gold_gain":0.0,"event_name":"Liars Game","player_choice":"Ignored","floor":5.0,"gold_loss":0.0,"damage_taken":0.0},{"damage_healed":0.0,"max_hp_gain":5.0,"max_hp_loss":0.0,"gold_gain":0.0,"event_name":"Big Fish","player_choice":"Donut","floor":13.0,"gold_loss":0.0,"damage_taken":0.0},{"damage_healed":0.0,"max_hp_gain":0.0,"max_hp_loss":0.0,"gold_gain":0.0,"event_name":"The Mausoleum","player_choice":"Opened","floor":22.0,"gold_loss":0.0,"damage_taken":0.0,"relics_obtained":["Strawberry"],"cards_obtained":["Writhe"]},{"damage_healed":0,"gold_gain":0,"player_choice":"Became a Ghost","damage_taken":0,"max_hp_gain":0,"max_hp_loss":42,"event_name":"Ghosts","floor":29,"gold_loss":0,"cards_obtained":["Ghostly","Ghostly","Ghostly"]}],"is_beta":true,"boss_relics":[{"not_picked":["WristBlade","Empty Cage"],"picked":"Ectoplasm"}],"items_purged_floors":[20],"is_endless":false,"potions_floor_spawned":[1,2,11,16,23,24],"killed_by":"Champ","ascension_level":20}