{"gold_per_floor":[119,137,137,151,23,55,75,91,91,91,116,116,116],"floor_reached":13,"playtime":749,"items_purged":["Pain"],"score":190,"play_id":"94da4ca9-1ef1-4222-b87b-64f7793df326","local_time":"20200211140914","is_ascension_mode":true,"campfire_choices":[{"floor":10,"key":"REST"}],"neow_cost":"NONE","seed_source_timestamp":2372546196766900,"circlet_count":0,"master_deck":["AscendersBane","Strike_G","Strike_G","Strike_G","Strike_G","Strike_G","Defend_G","Defend_G","Defend_G","Defend_G","Defend_G","Survivor","Neutralize","Dagger Throw","Riddle With Holes","PiercingWail","Dagger Spray"],"relics":["Ring of the Snake","MealTicket","WarpedTongs","Omamori","Molten Egg 2","Nunchaku","Eternal Feather"],"potions_floor_usage":[6,6,11,13],"damage_taken":[{"damage":14,"enemies":"Small Slimes","floor":1,"turns":6},{"damage":1,"enemies":"Cultist","floor":2,"turns":3},{"damage":13,"enemies":"2 Louse","floor":4,"turns":2},{"damage":24,"enemies":"3 Sentries","floor":6,"turns":10},{"damage":0,"enemies":"Looter","floor":7,"turns":3},{"damage":15,"enemies":"Gremlin Gang","floor":8,"turns":5},{"damage":12,"enemies":"Lagavulin","floor":11,"turns":6},{"damage":16,"enemies":"Exordium Thugs","floor":13,"turns":3}],"seed_played":"5343229827779523767","potions_obtained":[{"floor":2,"key":"BlessingOfTheForge"},{"floor":6,"key":"SteroidPotion"},{"floor":8,"key":"PowerPotion"}],"is_trial":false,"path_per_floor":["M","M","?","M","$","E","M","M","T","R","E","T","M"],"character_chosen":"THE_SILENT","items_purchased":["Block Potion"],"campfire_rested":1,"item_purchase_floors":[5],"current_hp_per_floor":[45,44,44,31,46,22,22,7,7,26,14,14,0],"gold":116,"neow_bonus":"RANDOM_COMMON_RELIC","is_prod":false,"is_daily":false,"chose_seed":false,"campfire_upgraded":0,"win_rate":0,"timestamp":1581430154,"path_taken":["M","M","?","M","$","E","M","?","T","R","E","?","M"],"build_version":"2020-01-27","purchased_purges":1,"victory":false,"max_hp_per_floor":[66,66,66,66,66,66,66,66,66,66,66,66,66],"card_choices":[{"not_picked":["Poisoned Stab","Accuracy"],"picked":"Dagger Throw","floor":1},{"not_picked":["Outmaneuver","Slice"],"picked":"Riddle With Holes","floor":2},{"not_picked":["Deadly Poison","Expertise","Slice"],"picked":"SKIP","floor":4},{"not_picked":["Blade Dance","Dagger Throw"],"picked":"PiercingWail","floor":6},{"not_picked":["Distraction","Slice","Caltrops"],"picked":"SKIP","floor":7},{"not_picked":["Flying Knee","Finisher"],"picked":"Dagger Spray","floor":8},{"not_picked":["Flechettes+1","Bane+1","Deadly Poison"],"picked":"SKIP","floor":11}],"player_experience":2251052,"relics_obtained":[{"floor":6,"key":"Omamori"},{"floor":9,"key":"Molten Egg 2"},{"floor":11,"key":"Nunchaku"},{"floor":12,"key":"Eternal Feather"}],"event_choices":[{"damage_healed":0,"gold_gain":0,"player_choice":"Rummage","damage_taken":0,"relics_obtained":["WarpedTongs"],"max_hp_gain":0,"max_hp_loss":0,"event_name":"Accursed Blacksmith","floor":3,"gold_loss":0,"cards_obtained":["Pain"]}],"is_beta":true,"boss_relics":[],"items_purged_floors":[5],"is_endless":false,"potions_floor_spawned":[2,6,8],"killed_by":"Exordium Thugs","ascension_level":20}