{"gold_per_floor":[109,123,123,123,139,173,173,185,185,185,199,110,120,149,149,222,222,222,2,2,2,2,2,2,2,2,2,2,2,2,2,2,2,2,2,2,2,2,0,0,0,0,0,0,0,0,0,0],"floor_reached":48,"playtime":4628,"items_purged":["Strike_G"],"score":1074,"play_id":"9e0f6aa3-5e33-45ae-8b25-e17f2f2b5d50","local_time":"20200209234701","is_ascension_mode":true,"campfire_choices":[{"data":"Terror","floor":7,"key":"SMITH"},{"floor":10,"key":"REST"},{"data":"After Image","floor":15,"key":"SMITH"},{"data":"Noxious Fumes","floor":23,"key":"SMITH"},{"floor":28,"key":"REST"},{"floor":32,"key":"REST"},{"data":"Corpse Explosion","floor":40,"key":"SMITH"},{"floor":46,"key":"RECALL"}],"neow_cost":"NONE","seed_source_timestamp":2230528547704400,"circlet_count":0,"master_deck":["AscendersBane","Strike_G","Strike_G","Strike_G","Defend_G","Defend_G","Defend_G","Defend_G","Defend_G","Survivor","Neutralize","Poisoned Stab","Terror+1","Dagger Throw","Backstab","After Image+1","Corpse Explosion+1","Noxious Fumes+1","Well Laid Plans","PiercingWail","Dash","Dagger Spray+1","PiercingWail","PiercingWail+1","Leg Sweep","Backstab"],"relics":["Ring of the Snake","Pen Nib","StrikeDummy","Strawberry","Akabeko","Ectoplasm","Frozen Egg 2","Gambling Chip","Centennial Puzzle","CaptainsWheel","HornCleat","SlaversCollar","Incense Burner","Red Mask","Question Card"],"potions_floor_usage":[0,6,18,25,30,30,33,33,41,41],"damage_taken":[{"damage":2,"enemies":"Jaw Worm","floor":1,"turns":5},{"damage":0,"enemies":"Small Slimes","floor":2,"turns":3},{"damage":0,"enemies":"Cultist","floor":5,"turns":3},{"damage":42,"enemies":"3 Sentries","floor":6,"turns":13},{"damage":0,"enemies":"Looter","floor":8,"turns":2},{"damage":0,"enemies":"2 Fungi Beasts","floor":11,"turns":3},{"damage":0,"enemies":"Blue Slaver","floor":13,"turns":2},{"damage":6,"enemies":"Gremlin Nob","floor":14,"turns":3},{"damage":11,"enemies":"The Guardian","floor":16,"turns":15},{"damage":15,"enemies":"3 Byrds","floor":18,"turns":5},{"damage":4,"enemies":"Chosen","floor":22,"turns":4},{"damage":5,"enemies":"Centurion and Healer","floor":24,"turns":3},{"damage":9,"enemies":"Slavers","floor":25,"turns":5},{"damage":26,"enemies":"Gremlin Leader","floor":27,"turns":6},{"damage":0,"enemies":"3 Cultists","floor":29,"turns":3},{"damage":15,"enemies":"Colosseum Slavers","floor":30,"turns":4},{"damage":1,"enemies":"Colosseum Nobs","floor":30,"turns":2},{"damage":0,"enemies":"Cultist and Chosen","floor":31,"turns":4},{"damage":16,"enemies":"Collector","floor":33,"turns":8},{"damage":1,"enemies":"Orb Walker","floor":35,"turns":3},{"damage":0,"enemies":"3 Darklings","floor":36,"turns":3},{"damage":0,"enemies":"Mind Bloom Boss Battle","floor":37,"turns":5},{"damage":18,"enemies":"Reptomancer","floor":41,"turns":9},{"damage":0,"enemies":"Sphere and 2 Shapes","floor":42,"turns":4},{"damage":0,"enemies":"Maw","floor":44,"turns":8},{"damage":6,"enemies":"Spire Growth","floor":47,"turns":5},{"damage":60,"enemies":"Giant Head","floor":48,"turns":8}],"seed_played":"984321738899044902","potions_obtained":[{"floor":0,"key":"Fruit Juice"},{"floor":0,"key":"FearPotion"},{"floor":0,"key":"ColorlessPotion"},{"floor":2,"key":"Dexterity Potion"},{"floor":6,"key":"Dexterity Potion"},{"floor":11,"key":"CunningPotion"},{"floor":22,"key":"AttackPotion"},{"floor":29,"key":"SkillPotion"},{"floor":30,"key":"SpeedPotion"},{"floor":31,"key":"Fire Potion"},{"floor":33,"key":"PowerPotion"},{"floor":37,"key":"Fruit Juice"}],"is_trial":false,"path_per_floor":["M","M","?","?","M","E","R","M","T","R","M","$","M","E","R","B",null,"M","$","?","?","M","R","M","E","T","E","R","M","?","M","R","B",null,"M","M","?","?","?","R","E","M","T","M","$","R","M","E"],"character_chosen":"THE_SILENT","items_purchased":["Backstab","Well Laid Plans","PowerPotion"],"campfire_rested":3,"item_purchase_floors":[12,19,19],"current_hp_per_floor":[62,62,57,50,50,8,8,8,15,38,38,38,38,32,32,21,64,49,49,49,49,45,45,40,31,31,5,28,28,12,12,35,19,63,62,62,62,62,62,62,49,49,49,49,49,49,43,0],"gold":0,"neow_bonus":"THREE_SMALL_POTIONS","is_prod":false,"is_daily":false,"chose_seed":false,"campfire_upgraded":4,"win_rate":0,"timestamp":1581292021,"path_taken":["M","M","?","?","M","E","R","M","T","R","?","$","?","E","R","BOSS","M","$","?","?","M","R","M","E","T","E","R","M","?","M","R","BOSS","M","M","?","?","?","R","E","M","T","M","?","R","M","E"],"build_version":"2020-01-27","purchased_purges":1,"victory":false,"max_hp_per_floor":[71,71,71,71,71,71,71,71,78,78,78,78,78,78,78,78,78,78,78,78,78,78,78,78,78,78,78,78,78,78,78,78,78,78,78,78,78,74,74,74,79,79,79,79,79,79,79,79],"card_choices":[{"not_picked":["Catalyst","Underhanded Strike"],"picked":"Poisoned Stab","floor":1},{"not_picked":["Eviscerate","Cloak And Dagger"],"picked":"Terror","floor":2},{"not_picked":["Bouncing Flask","Flying Knee"],"picked":"Dagger Throw","floor":5},{"not_picked":["Sucker Punch","Deflect","Prepared"],"picked":"SKIP","floor":6},{"not_picked":["Concentrate","Prepared","Calculated Gamble"],"picked":"SKIP","floor":8},{"not_picked":["Sucker Punch","Acrobatics","Escape Plan"],"picked":"SKIP","floor":11},{"not_picked":["Acrobatics","Infinite Blades"],"picked":"After Image","floor":13},{"not_picked":["Blade Dance","Bane","Acrobatics"],"picked":"SKIP","floor":14},{"not_picked":["Storm of Steel","Die Die Die"],"picked":"Corpse Explosion","floor":16},{"not_picked":["Poisoned Stab+1","Concentrate+1"],"picked":"Noxious Fumes","floor":18},{"not_picked":["Quick Slash","Deadly Poison","Concentrate"],"picked":"SKIP","floor":22},{"not_picked":["Backflip","Deflect+1"],"picked":"PiercingWail","floor":24},{"not_picked":["Deadly Poison","Poisoned Stab","Tactician"],"picked":"SKIP","floor":25},{"not_picked":["Poisoned Stab","Concentrate","Cloak And Dagger"],"picked":"SKIP","floor":27},{"not_picked":["Reflex","Acrobatics","Deadly Poison"],"picked":"SKIP","floor":29},{"not_picked":["Finisher","Flying Knee"],"picked":"Dash","floor":30},{"not_picked":["Backflip","Crippling Poison"],"picked":"Dagger Spray+1","floor":31},{"not_picked":["Blade Dance","Reflex"],"picked":"PiercingWail","floor":35},{"not_picked":["Poisoned Stab","Sucker Punch","Riddle With Holes"],"picked":"SKIP","floor":36},{"not_picked":["Expertise","Dagger Throw+1"],"picked":"PiercingWail+1","floor":37},{"not_picked":["Flying Knee","All Out Attack+1","Infinite Blades+1"],"picked":"SKIP","floor":41},{"not_picked":["Quick Slash+1","Prepared","Dodge and Roll","Expertise+1"],"picked":"SKIP","floor":42},{"not_picked":["Poisoned Stab","Masterful Stab+1","Flechettes"],"picked":"Leg Sweep","floor":44},{"not_picked":["All Out Attack+1","Deflect","Dagger Spray"],"picked":"Backstab","floor":47}],"player_experience":2232201,"relics_obtained":[{"floor":6,"key":"StrikeDummy"},{"floor":9,"key":"Strawberry"},{"floor":14,"key":"Akabeko"},{"floor":25,"key":"Frozen Egg 2"},{"floor":26,"key":"Gambling Chip"},{"floor":27,"key":"Centennial Puzzle"},{"floor":30,"key":"CaptainsWheel"},{"floor":30,"key":"HornCleat"},{"floor":37,"key":"Incense Burner"},{"floor":41,"key":"Question Card"}],"event_choices":[{"damage_healed":0,"gold_gain":0,"player_choice":"Success","damage_taken":5,"relics_obtained":["Pen Nib"],"max_hp_gain":0,"max_hp_loss":0,"event_name":"Scrap Ooze","floor":3,"gold_loss":0},{"cards_removed":["Strike_G"],"damage_healed":0,"gold_gain":0,"player_choice":"Card Removal","damage_taken":7,"max_hp_gain":0,"max_hp_loss":0,"event_name":"Golden Wing","floor":4,"gold_loss":0},{"damage_healed":0,"gold_gain":0,"player_choice":"Ignored","damage_taken":0,"max_hp_gain":0,"max_hp_loss":0,"event_name":"Vampires","floor":20,"gold_loss":0},{"damage_healed":0,"gold_gain":0,"player_choice":"Ignored","damage_taken":0,"max_hp_gain":0,"max_hp_loss":0,"event_name":"The Mausoleum","floor":21,"gold_loss":0},{"damage_healed":0,"gold_gain":0,"player_choice":"Fight","damage_taken":0,"max_hp_gain":0,"max_hp_loss":0,"event_name":"Colosseum","floor":30,"gold_loss":0},{"damage_healed":0,"gold_gain":0,"player_choice":"Fought Nobs","damage_taken":0,"max_hp_gain":0,"max_hp_loss":0,"event_name":"Colosseum","floor":30,"gold_loss":0},{"damage_healed":0,"gold_gain":0,"player_choice":"Fight","damage_taken":0,"max_hp_gain":0,"max_hp_loss":0,"event_name":"MindBloom","floor":37,"gold_loss":0},{"damage_healed":0,"gold_gain":0,"player_choice":"Max HP","damage_taken":0,"max_hp_gain":0,"max_hp_loss":4,"event_name":"Winding Halls","floor":38,"gold_loss":0},{"damage_healed":0,"gold_gain":0,"player_choice":"Paid","damage_taken":0,"relics_obtained":["Red Mask"],"max_hp_gain":0,"max_hp_loss":0,"event_name":"Tomb of Lord Red Mask","floor":39,"gold_loss":2}],"is_beta":true,"boss_relics":[{"not_picked":["WristBlade","Coffee Dripper"],"picked":"Ectoplasm"},{"not_picked":["Empty Cage","Runic Dome"],"picked":"SlaversCollar"}],"items_purged_floors":[19],"is_endless":false,"potions_floor_spawned":[2,6,8,11,16,22,24,29,30,30,31,33,37],"killed_by":"Giant Head","ascension_level":20}