{"gold_per_floor":[128,155,182,210,15,15,34,67,90,90],"floor_reached":10,"playtime":589,"items_purged":["Strike_G"],"score":140,"play_id":"3d550600-3d2b-403f-81f0-c7b77b45b0ce","local_time":"20200210121223","is_ascension_mode":true,"campfire_choices":[{"floor":6,"key":"REST"}],"neow_cost":"NONE","seed_source_timestamp":2279292809606100,"circlet_count":0,"master_deck":["AscendersBane","Strike_G","Strike_G","Strike_G","Strike_G","Defend_G","Defend_G","Defend_G","Defend_G","Defend_G","Survivor","Neutralize","Cloak And Dagger","Quick Slash","Quick Slash","Poisoned Stab","Noxious Fumes","Deadly Poison"],"relics":["Ring of the Snake","CeramicFish","Pocketwatch","Vajra"],"potions_floor_usage":[4,7,8],"damage_taken":[{"damage":0,"enemies":"2 Louse","floor":1,"turns":3},{"damage":0,"enemies":"Small Slimes","floor":2,"turns":5},{"damage":5,"enemies":"Jaw Worm","floor":3,"turns":7},{"damage":50,"enemies":"Exordium Thugs","floor":4,"turns":9},{"damage":5,"enemies":"Gremlin Gang","floor":7,"turns":5},{"damage":11,"enemies":"Lagavulin","floor":8,"turns":7},{"damage":10,"enemies":"3 Sentries","floor":10,"turns":2}],"seed_played":"999538079157348674","potions_obtained":[{"floor":1,"key":"Swift Potion"},{"floor":4,"key":"FearPotion"},{"floor":8,"key":"SpeedPotion"}],"is_trial":false,"path_per_floor":["M","M","M","M","$","R","M","E","T","E"],"character_chosen":"THE_SILENT","items_purchased":["Fire Potion","Noxious Fumes"],"campfire_rested":1,"item_purchase_floors":[5,5],"current_hp_per_floor":[59,59,54,4,4,23,18,7,7,0],"gold":90,"neow_bonus":"RANDOM_COMMON_RELIC","is_prod":false,"is_daily":false,"chose_seed":false,"campfire_upgraded":0,"win_rate":0,"timestamp":1581336743,"path_taken":["M","M","M","M","$","R","M","E","T","E"],"build_version":"2020-01-27","purchased_purges":1,"victory":false,"max_hp_per_floor":[66,66,66,66,66,66,66,66,66,66],"card_choices":[{"not_picked":["Setup","Outmaneuver"],"picked":"Cloak And Dagger","floor":1},{"not_picked":["Outmaneuver","Bane"],"picked":"Quick Slash","floor":2},{"not_picked":["Eviscerate","Dodge and Roll"],"picked":"Quick Slash","floor":3},{"not_picked":["Flying Knee","Deflect"],"picked":"Poisoned Stab","floor":4},{"not_picked":["Cloak And Dagger","Deflect"],"picked":"Deadly Poison","floor":7},{"not_picked":["Deflect","Underhanded Strike","Infinite Blades"],"picked":"SKIP","floor":8}],"player_experience":2236829,"relics_obtained":[{"floor":8,"key":"Pocketwatch"},{"floor":9,"key":"Vajra"}],"event_choices":[],"is_beta":true,"boss_relics":[],"items_purged_floors":[5],"is_endless":false,"potions_floor_spawned":[1,4,8],"killed_by":"3 Sentries","ascension_level":20}