{"gold_per_floor":[113,113,113,14,14,55,55,96,96,166,166,27,63,79,79,177,177],"floor_reached":17,"playtime":807,"items_purged":[],"score":438,"play_id":"44597b61-1f03-439f-94be-98183cd9e73d","local_time":"20200211163900","is_ascension_mode":true,"campfire_choices":[{"data":"Flying Knee","floor":7,"key":"SMITH"},{"data":"Sucker Punch","floor":11,"key":"SMITH"},{"data":"Predator","floor":15,"key":"SMITH"}],"neow_cost":"NONE","seed_source_timestamp":2381473767762700,"circlet_count":0,"master_deck":["AscendersBane","Survivor","Neutralize","Sucker Punch+1","Well Laid Plans","Flying Knee+1","Backflip","Footwork","Predator+1","Night Terror","Tools of the Trade","Slice","A Thousand Cuts","Flying Knee","Riddle With Holes","Cloak And Dagger","Flechettes","Bullet Time","Bane"],"relics":["Ring of the Snake","NeowsBlessing","Golden Idol","Akabeko","Art of War","Pantograph","Tiny Chest","Pandora\u0027s Box"],"potions_floor_usage":[13],"damage_taken":[{"damage":0,"enemies":"Small Slimes","floor":1,"turns":1},{"damage":0,"enemies":"Gremlin Nob","floor":6,"turns":1},{"damage":0,"enemies":"Lagavulin","floor":8,"turns":1},{"damage":10,"enemies":"3 Sentries","floor":13,"turns":9},{"damage":0,"enemies":"2 Louse","floor":14,"turns":2},{"damage":14,"enemies":"The Guardian","floor":16,"turns":14}],"seed_played":"-3408921419722737755","potions_obtained":[{"floor":13,"key":"AttackPotion"},{"floor":16,"key":"FearPotion"}],"is_trial":false,"path_per_floor":["M","?","?","$","?","E","R","E","T","?","R","$","E","M","R","B",null],"character_chosen":"THE_SILENT","items_purchased":["SteroidPotion","Well Laid Plans","Footwork","AttackPotion"],"campfire_rested":0,"item_purchase_floors":[4,4,12,12],"current_hp_per_floor":[59,59,59,59,41,41,41,41,41,41,41,41,31,31,31,42,56],"gold":177,"neow_bonus":"THREE_ENEMY_KILL","is_prod":false,"is_daily":false,"chose_seed":false,"campfire_upgraded":3,"win_rate":0,"timestamp":1581439140,"path_taken":["M","?","?","?","?","E","R","E","T","?","R","$","E","M","R","BOSS"],"build_version":"2020-01-27","purchased_purges":0,"victory":false,"max_hp_per_floor":[66,60,60,60,60,60,60,60,60,60,60,60,60,60,60,60,60],"card_choices":[{"not_picked":["Underhanded Strike","Cloak And Dagger"],"picked":"Sucker Punch","floor":1},{"not_picked":["Bane","Acrobatics"],"picked":"Flying Knee","floor":6},{"not_picked":["Masterful Stab","Storm of Steel"],"picked":"Backflip","floor":8},{"not_picked":["Cloak And Dagger","Slice","Endless Agony"],"picked":"SKIP","floor":13},{"not_picked":["Prepared","Flechettes"],"picked":"Predator","floor":14}],"player_experience":2257103,"relics_obtained":[{"floor":6,"key":"Akabeko"},{"floor":8,"key":"Art of War"},{"floor":9,"key":"Pantograph"},{"floor":13,"key":"Tiny Chest"}],"event_choices":[{"damage_healed":0,"gold_gain":0,"player_choice":"Lose Max HP","damage_taken":0,"relics_obtained":["Golden Idol"],"max_hp_gain":0,"max_hp_loss":6,"event_name":"Golden Idol","floor":2,"gold_loss":0},{"damage_healed":0,"gold_gain":0,"player_choice":"Ignored","damage_taken":0,"max_hp_gain":0,"max_hp_loss":0,"event_name":"Liars Game","floor":3,"gold_loss":0},{"damage_healed":0,"gold_gain":0,"player_choice":"Entered Light","damage_taken":18,"max_hp_gain":0,"max_hp_loss":0,"event_name":"Shining Light","floor":5,"gold_loss":0,"cards_upgraded":["Strike_G","Defend_G"]},{"damage_healed":0,"gold_gain":70,"player_choice":"Gained Gold","damage_taken":0,"max_hp_gain":0,"max_hp_loss":0,"event_name":"Golden Wing","floor":10,"gold_loss":0}],"is_beta":true,"boss_relics":[{"not_picked":["Busted Crown","Ectoplasm"],"picked":"Pandora\u0027s Box"}],"items_purged_floors":[],"is_endless":false,"potions_floor_spawned":[13,14,16],"ascension_level":20}