{"gold_per_floor":[110,128,8,19,34,60,60,70,70,70,86,120,3,14,14,85,85,105,105,119,130,153,153,183,183,183,183,215,215,176,23,23,100,100,110,110,130,141,155,155],"floor_reached":40,"playtime":2620,"items_purged":["Strike_G","Finisher"],"score":1026,"play_id":"4b84a51b-1e1f-4cfd-83ed-e9402a38ea8e","local_time":"20200517162627","is_ascension_mode":true,"campfire_choices":[{"data":"Noxious Fumes","floor":7,"key":"SMITH"},{"floor":10,"key":"REST"},{"data":"Bouncing Flask","floor":15,"key":"SMITH"},{"data":"Envenom","floor":23,"key":"SMITH"},{"data":"Catalyst","floor":25,"key":"SMITH"},{"data":"Malaise","floor":27,"key":"SMITH"},{"data":"Well Laid Plans","floor":29,"key":"SMITH"},{"floor":32,"key":"REST"}],"neow_cost":"NONE","seed_source_timestamp":1919728969311055,"circlet_count":0,"master_deck":["AscendersBane","Survivor","Neutralize+1","Dagger Throw","Noxious Fumes+1","Leg Sweep","After Image","Dagger Spray","Backstab","Bouncing Flask+1","Well Laid Plans+1","Envenom+1","Prepared","Catalyst+1","Malaise+1","All Out Attack","Deadly Poison","Cloak And Dagger","Caltrops","Dagger Spray+1","Deadly Poison","Backflip","PiercingWail","Footwork","PiercingWail","Die Die Die+1"],"relics":["Ring of the Snake","Oddly Smooth Stone","Snake Skull","PreservedInsect","Pandora\u0027s Box","Vajra","Molten Egg 2","Blood Vial","Akabeko","Busted Crown"],"potions_floor_usage":[12,24,39],"damage_taken":[{"damage":0,"enemies":"Cultist","floor":1,"turns":4},{"damage":2,"enemies":"2 Louse","floor":2,"turns":4},{"damage":0,"enemies":"Jaw Worm","floor":4,"turns":4},{"damage":3,"enemies":"3 Louse","floor":5,"turns":5},{"damage":31,"enemies":"Lagavulin","floor":6,"turns":10},{"damage":0,"enemies":"2 Fungi Beasts","floor":8,"turns":4},{"damage":0,"enemies":"Looter","floor":11,"turns":4},{"damage":6,"enemies":"Gremlin Nob","floor":12,"turns":3},{"damage":0,"enemies":"Exordium Wildlife","floor":14,"turns":5},{"damage":1,"enemies":"Hexaghost","floor":16,"turns":8},{"damage":0,"enemies":"Chosen","floor":18,"turns":3},{"damage":5,"enemies":"Shell Parasite","floor":20,"turns":5},{"damage":11,"enemies":"Cultist and Chosen","floor":21,"turns":4},{"damage":5,"enemies":"Gremlin Leader","floor":24,"turns":3},{"damage":10,"enemies":"Book of Stabbing","floor":28,"turns":3},{"damage":0,"enemies":"Champ","floor":33,"turns":9},{"damage":25,"enemies":"3 Darklings","floor":35,"turns":5},{"damage":0,"enemies":"3 Shapes","floor":37,"turns":1},{"damage":22,"enemies":"Maw","floor":38,"turns":5},{"damage":18,"enemies":"Jaw Worm Horde","floor":39,"turns":3},{"damage":23,"enemies":"Giant Head","floor":40,"turns":5}],"seed_played":"4994604657135991512","potions_obtained":[{"floor":2,"key":"Energy Potion"},{"floor":5,"key":"Weak Potion"},{"floor":6,"key":"BlessingOfTheForge"},{"floor":11,"key":"SteroidPotion"},{"floor":16,"key":"SkillPotion"},{"floor":24,"key":"CultistPotion"}],"is_trial":false,"path_per_floor":["M","M","$","M","M","E","R","M","T","R","M","E","$","M","R","B",null,"M","?","M","M","T","R","E","R","T","R","E","R","$","$","R","B",null,"M","?","M","M","M","E"],"character_chosen":"THE_SILENT","items_purchased":["Noxious Fumes","Leg Sweep","Well Laid Plans","Footwork","PiercingWail"],"campfire_rested":2,"item_purchase_floors":[3,3,13,30,31],"current_hp_per_floor":[59,57,57,57,54,23,23,23,23,42,42,36,36,36,36,35,58,58,58,53,42,42,42,37,37,37,37,29,29,29,29,48,50,62,39,39,41,21,5,0],"gold":155,"neow_bonus":"UPGRADE_CARD","is_prod":false,"is_daily":false,"chose_seed":false,"campfire_upgraded":6,"win_rate":0,"timestamp":1589757987,"path_taken":["M","M","$","M","?","E","R","?","T","R","M","E","?","?","R","BOSS","M","?","?","M","?","R","E","R","T","R","E","R","?","$","R","BOSS","M","?","M","M","M","E"],"build_version":"2020-01-27","purchased_purges":2,"victory":false,"max_hp_per_floor":[66,66,66,66,66,66,66,66,66,66,66,66,66,66,66,66,66,66,66,66,66,66,66,66,66,66,66,66,66,66,66,66,66,66,66,66,66,66,66,66],"card_choices":[{"not_picked":["Choke","Sucker Punch"],"picked":"Dagger Throw","floor":1},{"not_picked":["Slice","Expertise","Concentrate"],"picked":"SKIP","floor":2},{"not_picked":["Slice","Dodge and Roll","Deadly Poison"],"picked":"SKIP","floor":4},{"not_picked":["Deflect","Underhanded Strike","Acrobatics"],"picked":"SKIP","floor":5},{"not_picked":["Underhanded Strike","Endless Agony"],"picked":"After Image","floor":6},{"not_picked":["Deflect","Masterful Stab"],"picked":"Dagger Spray","floor":8},{"not_picked":["Underhanded Strike","Deflect"],"picked":"Backstab","floor":11},{"not_picked":["Concentrate","Cloak And Dagger"],"picked":"Bouncing Flask","floor":12},{"not_picked":["Dagger Spray","Heel Hook","Flying Knee"],"picked":"SKIP","floor":14},{"not_picked":["A Thousand Cuts","Grand Finale"],"picked":"Envenom","floor":16},{"not_picked":["Blade Dance","Dagger Throw"],"picked":"Dagger Spray+1","floor":18},{"not_picked":["Riddle With Holes","Slice","Acrobatics"],"picked":"SKIP","floor":20},{"not_picked":["Flying Knee","After Image","Quick Slash"],"picked":"SKIP","floor":21},{"not_picked":["Blade Dance+1","Underhanded Strike+1"],"picked":"Backflip","floor":24},{"not_picked":["Slice+1","Glass Knife+1"],"picked":"PiercingWail","floor":28},{"not_picked":["Venomology","Tools of the Trade"],"picked":"Die Die Die+1","floor":33},{"not_picked":["Predator+1"],"picked":"SKIP","floor":35},{"not_picked":["Poisoned Stab+1"],"picked":"SKIP","floor":37},{"not_picked":["Poisoned Stab+1"],"picked":"SKIP","floor":38},{"not_picked":["Deadly Poison"],"picked":"SKIP","floor":39}],"player_experience":2357063,"relics_obtained":[{"floor":6,"key":"Oddly Smooth Stone"},{"floor":9,"key":"Snake Skull"},{"floor":12,"key":"PreservedInsect"},{"floor":22,"key":"Vajra"},{"floor":24,"key":"Molten Egg 2"},{"floor":26,"key":"Blood Vial"},{"floor":28,"key":"Akabeko"}],"event_choices":[{"damage_healed":0,"gold_gain":0,"cards_transformed":["Grand Finale"],"player_choice":"Transformed","damage_taken":0,"max_hp_gain":0,"max_hp_loss":0,"event_name":"Transmorgrifier","floor":19,"gold_loss":0,"cards_obtained":["Deadly Poison"]},{"damage_healed":0,"gold_gain":0,"player_choice":"Ignored","damage_taken":0,"max_hp_gain":0,"max_hp_loss":0,"event_name":"Tomb of Lord Red Mask","floor":36,"gold_loss":0}],"is_beta":true,"boss_relics":[{"not_picked":["Fusion Hammer","HoveringKite"],"picked":"Pandora\u0027s Box"},{"not_picked":["Black Star","Runic Pyramid"],"picked":"Busted Crown"}],"items_purged_floors":[13,31],"is_endless":false,"potions_floor_spawned":[2,5,6,11,16,18,21,24,33,37],"killed_by":"Giant Head","ascension_level":20}