{"gold_per_floor":[110,124,124,66,82,82,114,129,129,129,156,156,231,247,247,318,318,337,387,387,100,113,140,55,55,55,85,85,111,111,11,11,82,82,94,107,107,124,7,7,36,36,61,61,61,90,109,119,119,119,119,119,119,11,37,37],"floor_reached":57,"playtime":5013,"items_purged":["Writhe","Strike_G"],"score":2683,"play_id":"f28325ee-13d9-4b5e-a9cb-c765e8dae0c6","local_time":"20200531010445","is_ascension_mode":true,"campfire_choices":[{"data":"Noxious Fumes","floor":6.0,"key":"SMITH"},{"data":"Dagger Spray","floor":10.0,"key":"SMITH"},{"floor":12.0,"key":"REST"},{"data":"Bouncing Flask","floor":15.0,"key":"SMITH"},{"floor":25.0,"key":"REST"},{"floor":32.0,"key":"REST"},{"floor":40.0,"key":"REST"},{"floor":45.0,"key":"RECALL"},{"floor":49.0,"key":"REST"},{"data":"Strike_G","floor":53.0,"key":"PURGE"}],"neow_cost":"NONE","seed_source_timestamp":112395670974363,"circlet_count":0,"master_deck":["AscendersBane","Strike_G","Strike_G","Defend_G","Defend_G","Defend_G","Defend_G","Defend_G","Survivor","Neutralize","Noxious Fumes+1","Bouncing Flask+1","Dagger Throw","Footwork","PiercingWail","Dagger Spray+1","Well Laid Plans","PiercingWail","CurseOfTheBell","Backflip","Dagger Spray","Adrenaline","Infinite Blades","After Image","Footwork+1","Footwork+1","Dodge and Roll","Flash of Steel","Acrobatics+1","Escape Plan+1","Catalyst+1","Cloak And Dagger","Distraction+1"],"special_seed":0,"relics":["Ring of the Snake","NeowsBlessing","Oddly Smooth Stone","Mercury Hourglass","Du-Vu Doll","Pear","Calling Bell","Art of War","Shuriken","Lizard Tail","Gambling Chip","Lantern","Peace Pipe","Tiny Chest","Mummified Hand","Torii","Red Mask","Enchiridion","Philosopher\u0027s Stone","Kunai","Centennial Puzzle","Toy Ornithopter","Boot"],"potions_floor_usage":[55,56],"damage_taken":[{"damage":0.0,"enemies":"Cultist","floor":1.0,"turns":1.0},{"damage":0.0,"enemies":"Small Slimes","floor":2.0,"turns":1.0},{"damage":0.0,"enemies":"Jaw Worm","floor":5.0,"turns":1.0},{"damage":20.0,"enemies":"Lagavulin","floor":7.0,"turns":6.0},{"damage":5.0,"enemies":"Looter","floor":8.0,"turns":3.0},{"damage":24.0,"enemies":"Gremlin Nob","floor":11.0,"turns":4.0},{"damage":9.0,"enemies":"Blue Slaver","floor":14.0,"turns":4.0},{"damage":21.0,"enemies":"The Guardian","floor":16.0,"turns":9.0},{"damage":18.0,"enemies":"2 Thieves","floor":18.0,"turns":3.0},{"damage":10.0,"enemies":"Spheric Guardian","floor":22.0,"turns":4.0},{"damage":12.0,"enemies":"Slavers","floor":23.0,"turns":4.0},{"damage":0.0,"enemies":"Gremlin Leader","floor":27.0,"turns":5.0},{"damage":12.0,"enemies":"Masked Bandits","floor":29.0,"turns":2.0},{"damage":37.0,"enemies":"Automaton","floor":33.0,"turns":9.0},{"damage":1.0,"enemies":"3 Darklings","floor":35.0,"turns":3.0},{"damage":0.0,"enemies":"3 Shapes","floor":36.0,"turns":4.0},{"damage":16.0,"enemies":"3 Darklings","floor":38.0,"turns":4.0},{"damage":1.0,"enemies":"Giant Head","floor":41.0,"turns":9.0},{"damage":15.0,"enemies":"Nemesis","floor":46.0,"turns":8.0},{"damage":0.0,"enemies":"Sphere and 2 Shapes","floor":47.0,"turns":5.0},{"damage":0.0,"enemies":"Transient","floor":48.0,"turns":6.0},{"damage":19.0,"enemies":"Donu and Deca","floor":50.0,"turns":9.0},{"damage":53.0,"enemies":"Time Eater","floor":51.0,"turns":13.0},{"damage":55,"enemies":"Shield and Spear","floor":55,"turns":7},{"damage":97,"enemies":"The Heart","floor":56,"turns":10}],"seed_played":"-3120435470848926960","potions_obtained":[{"floor":1.0,"key":"LiquidMemories"},{"floor":3.0,"key":"Fruit Juice"},{"floor":3.0,"key":"Ancient Potion"},{"floor":7.0,"key":"SkillPotion"},{"floor":8.0,"key":"Swift Potion"},{"floor":14.0,"key":"FairyPotion"},{"floor":22.0,"key":"LiquidBronze"},{"floor":27.0,"key":"GamblersBrew"},{"floor":35.0,"key":"Ancient Potion"}],"is_trial":false,"path_per_floor":["M","M","?","$","M","R","E","M","T","R","E","R","T","M","R","B",null,"M","?","?","$","M","E","?","R","T","E","$","?","?","$","R","B",null,"M","M","T","M","$","R","E","$","T","?","R","E","M","M","R","B","B",null,"R","$","E","B",null],"character_chosen":"THE_SILENT","items_purchased":["Dagger Throw","Lantern","PowerPotion","Dodge and Roll","Flash of Steel","Cloak And Dagger","PowerPotion"],"campfire_rested":5,"item_purchase_floors":[4,21,21,39,39,54,54],"current_hp_per_floor":[59,59,64,64,64,64,44,39,39,39,15,36,46,37,37,16,65,47,47,47,47,37,25,25,49,49,49,49,37,16,16,40,3,62,61,61,61,45,45,69,68,68,68,68,68,53,53,53,77,58,5,62,62,62,12,4],"gold":37,"neow_bonus":"THREE_ENEMY_KILL","is_prod":false,"is_daily":false,"chose_seed":false,"campfire_upgraded":3,"win_rate":0,"timestamp":1590912285,"path_taken":["M","?","?","?","?","R","E","?","T","R","E","R","?","?","R","BOSS","M","?","?","$","M","E","?","R","T","E","?","?","?","$","R","BOSS","M","M","?","M","?","R","E","$","T","?","R","E","M","?","R","BOSS","BOSS","R","$","E","BOSS"],"build_version":"2020-05-27","purchased_purges":2,"victory":true,"max_hp_per_floor":[66,66,71,71,71,71,71,71,71,71,71,71,81,81,81,81,81,81,81,81,81,81,81,81,81,81,81,81,81,81,81,81,81,81,81,81,81,81,81,81,81,81,81,81,81,81,81,81,81,81,81,81,81,81,81,81],"card_choices":[{"not_picked":["Expertise","Outmaneuver"],"picked":"Noxious Fumes","floor":1.0},{"not_picked":["Endless Agony","Reflex"],"picked":"Bouncing Flask","floor":2.0},{"not_picked":["Underhanded Strike","Flechettes"],"picked":"Footwork","floor":5.0},{"not_picked":["Finisher","Bane"],"picked":"PiercingWail","floor":7.0},{"not_picked":["Tactician","Terror"],"picked":"Dagger Spray","floor":8.0},{"not_picked":["Acrobatics","Blade Dance"],"picked":"Well Laid Plans","floor":11.0},{"not_picked":["Caltrops","Heel Hook"],"picked":"PiercingWail","floor":14.0},{"not_picked":["Eviscerate","Blade Dance"],"picked":"Backflip","floor":18.0},{"not_picked":["Skewer","Slice"],"picked":"Dagger Spray","floor":22.0},{"not_picked":["Cloak And Dagger","Deadly Poison"],"picked":"Adrenaline","floor":23.0},{"not_picked":["Heel Hook","Eviscerate","Dagger Spray"],"picked":"SKIP","floor":27.0},{"not_picked":["Dagger Throw","Underhanded Strike"],"picked":"Infinite Blades","floor":29.0},{"not_picked":["Phantasmal Killer","Unload"],"picked":"After Image","floor":33.0},{"not_picked":["Slice","Deflect"],"picked":"Footwork+1","floor":35.0},{"not_picked":["Setup","Deadly Poison","Catalyst"],"picked":"SKIP","floor":36.0},{"not_picked":["Prepared","Dagger Throw+1"],"picked":"Footwork+1","floor":38.0},{"not_picked":["Predator","Outmaneuver","Infinite Blades"],"picked":"SKIP","floor":41.0},{"not_picked":["Bane+1","Terror+1"],"picked":"Acrobatics+1","floor":46.0},{"not_picked":["Predator","Dagger Throw"],"picked":"Escape Plan+1","floor":47.0},{"not_picked":["Setup+1","Night Terror"],"picked":"Catalyst+1","floor":48.0},{"not_picked":["Caltrops","Noxious Fumes"],"picked":"Distraction+1","floor":55}],"player_experience":2408618,"relics_obtained":[{"floor":7.0,"key":"Oddly Smooth Stone"},{"floor":9.0,"key":"Mercury Hourglass"},{"floor":11.0,"key":"Du-Vu Doll"},{"floor":13.0,"key":"Pear"},{"floor":17.0,"key":"Art of War"},{"floor":17.0,"key":"Shuriken"},{"floor":17.0,"key":"Lizard Tail"},{"floor":23.0,"key":"Peace Pipe"},{"floor":26.0,"key":"Mummified Hand"},{"floor":27.0,"key":"Torii"},{"floor":29.0,"key":"Red Mask"},{"floor":30.0,"key":"Enchiridion"},{"floor":37.0,"key":"Kunai"},{"floor":41.0,"key":"Centennial Puzzle"},{"floor":46.0,"key":"Toy Ornithopter"},{"floor":55,"key":"Boot"}],"event_choices":[{"damage_healed":0.0,"max_hp_gain":0.0,"max_hp_loss":0.0,"gold_gain":0.0,"event_name":"Lab","player_choice":"Got Potions","floor":3.0,"gold_loss":0.0,"damage_taken":0.0},{"damage_healed":0.0,"max_hp_gain":0.0,"max_hp_loss":0.0,"gold_gain":50.0,"event_name":"Nest","player_choice":"Stole From Cult","floor":19.0,"gold_loss":0.0,"damage_taken":0.0},{"damage_healed":0.0,"max_hp_gain":0.0,"max_hp_loss":0.0,"gold_gain":0.0,"event_name":"The Mausoleum","player_choice":"Opened","floor":20.0,"gold_loss":0.0,"damage_taken":0.0,"relics_obtained":["Gambling Chip"],"cards_obtained":["Writhe"]},{"damage_healed":0.0,"max_hp_gain":0.0,"max_hp_loss":0.0,"gold_gain":0.0,"event_name":"Addict","player_choice":"Obtained Relic","floor":24.0,"gold_loss":85.0,"damage_taken":0.0,"relics_obtained":["Tiny Chest"]},{"damage_healed":0.0,"max_hp_gain":0.0,"max_hp_loss":0.0,"gold_gain":0.0,"event_name":"Masked Bandits","player_choice":"Fought Bandits","floor":29.0,"gold_loss":0.0,"damage_taken":0.0},{"damage_healed":0.0,"max_hp_gain":0.0,"max_hp_loss":0.0,"gold_gain":0.0,"event_name":"Cursed Tome","player_choice":"Obtained Book","floor":30.0,"gold_loss":0.0,"damage_taken":21.0},{"cards_removed":["Strike_G"],"damage_healed":0.0,"max_hp_gain":0.0,"max_hp_loss":0.0,"gold_gain":0.0,"event_name":"Bonfire Elementals","player_choice":"Offered Basic","floor":44.0,"gold_loss":0.0,"damage_taken":0.0}],"is_beta":true,"boss_relics":[{"not_picked":["SlaversCollar","HoveringKite"],"picked":"Calling Bell"},{"not_picked":["SacredBark","Astrolabe"],"picked":"Philosopher\u0027s Stone"}],"items_purged_floors":[21,31],"is_endless":false,"potions_floor_spawned":[1,7,8,14,22,27,35,38,41,46],"ascension_level":20}