{"gold_per_floor":[114,70,85,102,102,102,132,132,132,207,207,75,104,124,124,124],"floor_reached":16,"playtime":1144,"items_purged":["Strike_G"],"score":216,"play_id":"ad60a9af-566d-43aa-9d63-9fc6c02400d4","local_time":"20200530202112","is_ascension_mode":true,"campfire_choices":[{"data":"Neutralize","floor":6.0,"key":"SMITH"},{"floor":8,"key":"REST"},{"floor":15,"key":"REST"}],"neow_cost":"NONE","seed_source_timestamp":104764533382231,"circlet_count":0,"master_deck":["AscendersBane","Strike_G","Strike_G","Strike_G","Defend_G","Defend_G","Defend_G","Defend_G","Defend_G","Survivor","Neutralize+1","Cloak And Dagger","Well Laid Plans+1","Dagger Spray+1","Crippling Poison","Crippling Poison","PiercingWail","Caltrops"],"special_seed":0,"relics":["Ring of the Snake","NeowsBlessing","Snake Skull","The Courier"],"potions_floor_usage":[7,13,13],"damage_taken":[{"damage":0.0,"enemies":"Cultist","floor":1.0,"turns":1.0},{"damage":0.0,"enemies":"Jaw Worm","floor":3.0,"turns":1.0},{"damage":0.0,"enemies":"2 Louse","floor":4.0,"turns":1.0},{"damage":14,"enemies":"3 Sentries","floor":7,"turns":9},{"damage":22,"enemies":"Lagavulin","floor":13,"turns":6},{"damage":9,"enemies":"Exordium Thugs","floor":14,"turns":5},{"damage":27,"enemies":"The Guardian","floor":16,"turns":2}],"seed_played":"-4827177000969434555","potions_obtained":[{"floor":1.0,"key":"Energy Potion"},{"floor":7,"key":"PowerPotion"}],"is_trial":false,"path_per_floor":["M","$","M","M","?","R","E","R","T","?","?","$","E","M","R","B"],"character_chosen":"THE_SILENT","items_purchased":["Well Laid Plans","SteroidPotion"],"campfire_rested":2,"item_purchase_floors":[2,12],"current_hp_per_floor":[59,59,59,59,39,39,25,44,44,33,33,33,11,2,21,0],"gold":124,"neow_bonus":"THREE_ENEMY_KILL","is_prod":false,"is_daily":false,"chose_seed":false,"campfire_upgraded":1,"win_rate":0,"timestamp":1590895272,"path_taken":["M","?","?","M","?","R","E","R","T","?","?","$","E","?","R","BOSS"],"build_version":"2020-05-27","purchased_purges":1,"victory":false,"max_hp_per_floor":[66,66,66,66,66,66,66,66,66,66,66,66,66,66,66,66],"card_choices":[{"not_picked":["Choke","Prepared"],"picked":"Cloak And Dagger","floor":1.0},{"not_picked":["PiercingWail","Riddle With Holes"],"picked":"Dagger Spray","floor":3.0},{"not_picked":["Quick Slash","Flying Knee"],"picked":"Crippling Poison","floor":4.0},{"not_picked":["Setup","Finisher","Tactician"],"picked":"SKIP","floor":7},{"not_picked":["Backflip","Deflect"],"picked":"PiercingWail","floor":13},{"not_picked":["Underhanded Strike","Catalyst"],"picked":"Caltrops","floor":14}],"player_experience":2404176,"relics_obtained":[{"floor":7,"key":"Snake Skull"},{"floor":13,"key":"The Courier"}],"event_choices":[{"damage_healed":0.0,"max_hp_gain":0.0,"max_hp_loss":0.0,"gold_gain":0.0,"event_name":"Shining Light","player_choice":"Entered Light","floor":5.0,"gold_loss":0.0,"damage_taken":20.0,"cards_upgraded":["Well Laid Plans","Dagger Spray"]},{"damage_healed":0,"gold_gain":75,"player_choice":"Gather Gold","damage_taken":11,"max_hp_gain":0,"max_hp_loss":0,"event_name":"World of Goop","floor":10,"gold_loss":0},{"damage_healed":0,"gold_gain":0,"cards_transformed":["Strike_G"],"player_choice":"Transformed","damage_taken":0,"max_hp_gain":0,"max_hp_loss":0,"event_name":"Transmorgrifier","floor":11,"gold_loss":0,"cards_obtained":["Crippling Poison"]}],"is_beta":true,"boss_relics":[],"items_purged_floors":[12],"is_endless":false,"potions_floor_spawned":[1,7],"killed_by":"The Guardian","ascension_level":20}