{"gold_per_floor":[111,130,45,45,60,94,94,122,168,168,7,7,26,37,37,37],"floor_reached":16,"playtime":1532,"items_purged":[],"score":220,"play_id":"29dae725-4972-4d77-bc54-7bb3fb3007cf","local_time":"20200530204708","is_ascension_mode":true,"campfire_choices":[{"floor":7,"key":"REST"},{"data":"Predator","floor":10,"key":"SMITH"},{"floor":12,"key":"REST"},{"data":"Poisoned Stab","floor":15,"key":"SMITH"}],"neow_cost":"NONE","seed_source_timestamp":105981049057056,"circlet_count":0,"master_deck":["AscendersBane","Strike_G","Strike_G","Strike_G","Strike_G","Strike_G","Defend_G","Defend_G","Defend_G","Defend_G","Defend_G","Survivor","Neutralize","Poisoned Stab+1","Flechettes","Well Laid Plans","PiercingWail","Predator+1","Die Die Die","Footwork","Dagger Spray"],"relics":["Ring of the Snake","Bag of Marbles","Bottled Tornado","Juzu Bracelet","Oddly Smooth Stone"],"potions_floor_usage":[6,16,16],"damage_taken":[{"damage":0,"enemies":"Jaw Worm","floor":1,"turns":5},{"damage":1,"enemies":"Cultist","floor":2,"turns":3},{"damage":0,"enemies":"2 Louse","floor":5,"turns":3},{"damage":31,"enemies":"Lagavulin","floor":6,"turns":7},{"damage":30,"enemies":"Gremlin Nob","floor":8,"turns":4},{"damage":1,"enemies":"Large Slime","floor":13,"turns":4},{"damage":0,"enemies":"Lots of Slimes","floor":14,"turns":1},{"damage":32,"enemies":"Hexaghost","floor":16,"turns":11}],"seed_played":"-7215810346774261648","potions_obtained":[{"floor":2,"key":"AttackPotion"},{"floor":13,"key":"SteroidPotion"},{"floor":14,"key":"GamblersBrew"}],"is_trial":false,"path_per_floor":["M","M","$","?","M","E","R","E","T","R","$","R","M","M","R","B"],"character_chosen":"THE_SILENT","items_purchased":["Well Laid Plans","Die Die Die"],"campfire_rested":2,"item_purchase_floors":[3,11],"current_hp_per_floor":[59,58,58,49,49,18,37,7,7,7,7,26,25,25,25,0],"gold":37,"neow_bonus":"RANDOM_COMMON_RELIC","is_prod":false,"is_daily":false,"chose_seed":false,"campfire_upgraded":2,"win_rate":0,"timestamp":1590896828,"path_taken":["M","M","$","?","M","E","R","E","T","R","?","R","M","M","R","BOSS"],"build_version":"2020-05-27","purchased_purges":0,"victory":false,"max_hp_per_floor":[66,66,66,66,66,66,66,66,66,66,66,66,66,66,66,66],"card_choices":[{"not_picked":["Reflex","Acrobatics"],"picked":"Poisoned Stab","floor":1},{"not_picked":["Outmaneuver","Escape Plan"],"picked":"Flechettes","floor":2},{"not_picked":["Concentrate","Bane"],"picked":"PiercingWail","floor":5},{"not_picked":["Grand Finale","Riddle With Holes"],"picked":"Predator","floor":6},{"not_picked":["Skewer","Quick Slash","Choke"],"picked":"SKIP","floor":8},{"not_picked":["Blade Dance","Poisoned Stab"],"picked":"Footwork","floor":13},{"not_picked":["Footwork","Expertise"],"picked":"Dagger Spray","floor":14}],"player_experience":2405320,"relics_obtained":[{"floor":6,"key":"Bottled Tornado"},{"floor":8,"key":"Juzu Bracelet"},{"floor":9,"key":"Oddly Smooth Stone"}],"event_choices":[{"damage_healed":0,"gold_gain":0,"player_choice":"Damaged","damage_taken":9,"max_hp_gain":0,"max_hp_loss":0,"event_name":"Wheel of Change","floor":4,"gold_loss":0}],"is_beta":true,"boss_relics":[],"items_purged_floors":[],"is_endless":false,"potions_floor_spawned":[2,13,14],"killed_by":"Hexaghost","ascension_level":20}