{"gold_per_floor":[118,118,118,7,27,59,59,74,101,126,126,161,161,180,180,180],"floor_reached":16,"playtime":848,"items_purged":[],"score":236,"play_id":"91b9c2af-03d4-454e-a49d-c62bef511694","local_time":"20200530172723","is_ascension_mode":true,"campfire_choices":[{"data":"Crippling Poison","floor":7,"key":"SMITH"},{"floor":11,"key":"REST"},{"data":"Dagger Spray","floor":13,"key":"SMITH"},{"floor":15,"key":"REST"}],"neow_cost":"NONE","seed_source_timestamp":101704816556343,"circlet_count":0,"master_deck":["AscendersBane","Strike_G","Strike_G","Strike_G","Strike_G","Strike_G+1","Defend_G","Defend_G","Defend_G+1","Defend_G","Defend_G","Survivor","Neutralize+1","Crippling Poison+1","Dash","Backstab","Flying Knee","Dagger Spray+1"],"relics":["Ring of the Snake","Ancient Tea Set","Nunchaku","Bottled Lightning","Bag of Preparation"],"potions_floor_usage":[6,6,10,12,16],"damage_taken":[{"damage":1,"enemies":"Small Slimes","floor":1,"turns":3},{"damage":4,"enemies":"Jaw Worm","floor":5,"turns":6},{"damage":2,"enemies":"Lagavulin","floor":6,"turns":5},{"damage":0,"enemies":"2 Louse","floor":8,"turns":2},{"damage":13,"enemies":"Gremlin Nob","floor":10,"turns":4},{"damage":19,"enemies":"Lagavulin","floor":12,"turns":8},{"damage":5,"enemies":"Large Slime","floor":14,"turns":4},{"damage":40,"enemies":"Slime Boss","floor":16,"turns":10}],"seed_played":"6291953372600245361","potions_obtained":[{"floor":6,"key":"Fire Potion"},{"floor":8,"key":"BlessingOfTheForge"},{"floor":14,"key":"Block Potion"}],"is_trial":false,"path_per_floor":["M","?","?","$","M","E","R","M","T","E","R","E","R","M","R","B"],"character_chosen":"THE_SILENT","items_purchased":["Poison Potion","Poison Potion"],"campfire_rested":2,"item_purchase_floors":[4,4],"current_hp_per_floor":[58,58,38,38,34,32,32,32,32,19,38,19,19,14,33,0],"gold":180,"neow_bonus":"UPGRADE_CARD","is_prod":false,"is_daily":false,"chose_seed":false,"campfire_upgraded":2,"win_rate":0,"timestamp":1590884843,"path_taken":["M","?","?","$","M","E","R","M","T","E","R","E","R","M","R","BOSS"],"build_version":"2020-05-27","purchased_purges":0,"victory":false,"max_hp_per_floor":[66,66,66,66,66,66,66,66,66,66,66,66,66,66,66,66],"card_choices":[{"not_picked":["Backflip","Masterful Stab"],"picked":"Crippling Poison","floor":1},{"not_picked":["Crippling Poison","Sucker Punch"],"picked":"Dash","floor":5},{"not_picked":["Dagger Throw","Finisher"],"picked":"Backstab","floor":6},{"not_picked":["Deflect","Blade Dance"],"picked":"Flying Knee","floor":8},{"not_picked":["Bouncing Flask","Blade Dance"],"picked":"Dagger Spray","floor":10},{"not_picked":["Dagger Spray","Deadly Poison","Dagger Throw"],"picked":"SKIP","floor":12},{"not_picked":["Accuracy","Sucker Punch","Deflect"],"picked":"SKIP","floor":14}],"player_experience":2403328,"relics_obtained":[{"floor":6,"key":"Ancient Tea Set"},{"floor":9,"key":"Nunchaku"},{"floor":10,"key":"Bottled Lightning"},{"floor":12,"key":"Bag of Preparation"}],"event_choices":[{"damage_healed":0,"gold_gain":0,"player_choice":"Leave","damage_taken":0,"max_hp_gain":0,"max_hp_loss":0,"event_name":"The Cleric","floor":2,"gold_loss":0},{"damage_healed":0,"gold_gain":0,"player_choice":"Entered Light","damage_taken":20,"max_hp_gain":0,"max_hp_loss":0,"event_name":"Shining Light","floor":3,"gold_loss":0,"cards_upgraded":["Defend_G","Strike_G"]}],"is_beta":true,"boss_relics":[],"items_purged_floors":[],"is_endless":false,"potions_floor_spawned":[6,8,14],"killed_by":"Slime Boss","ascension_level":20}