{"gold_per_floor":[117,117,133,81,6,35,10,10,36,71,71,71,106,116,116,116],"floor_reached":16,"playtime":534,"items_purged":[],"score":282,"play_id":"8ec50c90-d459-43c8-9a0f-155cc59a1268","local_time":"20200530111928","is_ascension_mode":true,"campfire_choices":[{"data":"Dagger Spray","floor":8,"key":"SMITH"},{"floor":11,"key":"REST"},{"data":"Deadly Poison","floor":15,"key":"SMITH"}],"neow_cost":"NONE","seed_source_timestamp":86731837499627,"circlet_count":0,"master_deck":["AscendersBane","Strike_G","Strike_G","Strike_G","Strike_G","Defend_G","Defend_G","Defend_G","Defend_G","Defend_G","Survivor","Neutralize","Footwork+1","Flying Knee","Dagger Throw","Dagger Spray+1","Crippling Poison","Deadly Poison+1"],"relics":["Ring of the Snake","NeowsBlessing","Art of War","Potion Belt","Ornamental Fan","Bottled Flame"],"potions_floor_usage":[10,10],"damage_taken":[{"damage":0,"enemies":"Cultist","floor":1,"turns":1},{"damage":0,"enemies":"Small Slimes","floor":3,"turns":1},{"damage":0,"enemies":"3 Sentries","floor":6,"turns":2},{"damage":28,"enemies":"Lagavulin","floor":10,"turns":8},{"damage":16,"enemies":"Gremlin Nob","floor":13,"turns":4},{"damage":0,"enemies":"2 Louse","floor":14,"turns":3},{"damage":36,"enemies":"Hexaghost","floor":16,"turns":7}],"seed_played":"5985146294388914917","potions_obtained":[{"floor":3,"key":"LiquidBronze"},{"floor":6,"key":"EssenceOfSteel"}],"is_trial":false,"path_per_floor":["M","?","M","$","?","E","$","R","T","E","R","?","E","M","R","B"],"character_chosen":"THE_SILENT","items_purchased":["Dagger Throw","Dagger Spray"],"campfire_rested":1,"item_purchase_floors":[4,7],"current_hp_per_floor":[59,59,59,59,59,59,59,59,59,31,50,50,34,34,34,0],"gold":116,"neow_bonus":"THREE_ENEMY_KILL","is_prod":false,"is_daily":false,"chose_seed":false,"campfire_upgraded":2,"win_rate":0,"timestamp":1590862768,"path_taken":["M","?","M","$","?","E","$","R","T","E","R","?","E","M","R","BOSS"],"build_version":"2020-05-27","purchased_purges":0,"victory":false,"max_hp_per_floor":[66,66,66,66,66,66,66,66,66,66,66,66,66,66,66,66],"card_choices":[{"not_picked":["Prepared","Bane"],"picked":"Footwork","floor":1},{"not_picked":["Terror","Slice"],"picked":"Flying Knee","floor":3},{"not_picked":["Tools of the Trade","Underhanded Strike","Concentrate"],"picked":"SKIP","floor":6},{"not_picked":["Slice","Cloak And Dagger"],"picked":"Crippling Poison","floor":10},{"not_picked":["Eviscerate","Riddle With Holes","Backflip"],"picked":"SKIP","floor":13},{"not_picked":["Riddle With Holes","Accuracy"],"picked":"Deadly Poison","floor":14}],"player_experience":2400159,"relics_obtained":[{"floor":6,"key":"Art of War"},{"floor":9,"key":"Potion Belt"},{"floor":10,"key":"Ornamental Fan"},{"floor":13,"key":"Bottled Flame"}],"event_choices":[{"damage_healed":0,"gold_gain":0,"player_choice":"Grow","damage_taken":0,"max_hp_gain":0,"max_hp_loss":0,"event_name":"Living Wall","floor":2,"gold_loss":0,"cards_upgraded":["Footwork"]},{"cards_removed":["Strike_G"],"damage_healed":0,"gold_gain":0,"player_choice":"Card Removal","damage_taken":0,"max_hp_gain":0,"max_hp_loss":0,"event_name":"The Cleric","floor":5,"gold_loss":75},{"damage_healed":0,"gold_gain":0,"player_choice":"Ignored","damage_taken":0,"max_hp_gain":0,"max_hp_loss":0,"event_name":"Golden Wing","floor":12,"gold_loss":0}],"is_beta":true,"boss_relics":[],"items_purged_floors":[],"is_endless":false,"potions_floor_spawned":[3,6],"killed_by":"Hexaghost","ascension_level":20}