{"gold_per_floor":[111,59,69,84,84,84,96,96,96,127,140,172,188,215,215,215],"floor_reached":16,"playtime":1379,"items_purged":[],"score":244,"play_id":"7a5d7554-5a6d-426b-9fe2-67ccd75c8081","local_time":"20200528215902","is_ascension_mode":true,"campfire_choices":[{"data":"Dash","floor":6,"key":"SMITH"},{"data":"Dagger Throw","floor":8,"key":"SMITH"},{"floor":15,"key":"REST"}],"neow_cost":"NONE","seed_source_timestamp":9847040640966,"circlet_count":0,"master_deck":["AscendersBane","Strike_G","Strike_G","Strike_G","Strike_G","Defend_G","Defend_G","Defend_G","Defend_G","Defend_G","Survivor","Neutralize","Dash+1","Dagger Throw+1","Footwork","Terror","Leg Sweep","Crippling Poison","Corpse Explosion","Escape Plan"],"relics":["Ring of the Snake","Tingsha","Turnip","Letter Opener","Calipers"],"potions_floor_usage":[12,13,16,16],"damage_taken":[{"damage":6,"enemies":"Cultist","floor":1,"turns":5},{"damage":2,"enemies":"Jaw Worm","floor":3,"turns":4},{"damage":4,"enemies":"Small Slimes","floor":4,"turns":3},{"damage":4,"enemies":"3 Louse","floor":7,"turns":6},{"damage":2,"enemies":"Lagavulin","floor":10,"turns":7},{"damage":7,"enemies":"Lots of Slimes","floor":11,"turns":4},{"damage":20,"enemies":"3 Sentries","floor":12,"turns":14},{"damage":0,"enemies":"Exordium Thugs","floor":13,"turns":4},{"damage":13,"enemies":"Lagavulin","floor":14,"turns":9},{"damage":28,"enemies":"Slime Boss","floor":16,"turns":3}],"seed_played":"7999282162856626811","potions_obtained":[{"floor":1,"key":"SteroidPotion"},{"floor":11,"key":"Energy Potion"},{"floor":12,"key":"LiquidMemories"},{"floor":13,"key":"SteroidPotion"}],"is_trial":false,"path_per_floor":["M","$","M","M","?","R","M","R","T","E","M","E","M","E","R","B"],"character_chosen":"THE_SILENT","items_purchased":["Dagger Throw"],"campfire_rested":1,"item_purchase_floors":[2],"current_hp_per_floor":[59,59,57,53,53,53,49,49,49,47,40,20,20,7,28,0],"gold":215,"neow_bonus":"TEN_PERCENT_HP_BONUS","is_prod":false,"is_daily":false,"chose_seed":false,"campfire_upgraded":2,"win_rate":0,"timestamp":1590728342,"path_taken":["M","$","M","M","?","R","M","R","T","E","?","E","M","E","R","BOSS"],"build_version":"2020-05-27","purchased_purges":0,"victory":false,"max_hp_per_floor":[72,72,72,72,72,72,72,72,72,72,72,72,72,72,72,72],"card_choices":[{"not_picked":["Escape Plan","Flying Knee"],"picked":"Dash","floor":1},{"not_picked":["Sucker Punch","Underhanded Strike"],"picked":"Footwork","floor":3},{"not_picked":["Dodge and Roll","Outmaneuver"],"picked":"Terror","floor":4},{"not_picked":["Dodge and Roll","Bane"],"picked":"Leg Sweep","floor":7},{"not_picked":["Choke","Endless Agony"],"picked":"Crippling Poison","floor":10},{"not_picked":["Blade Dance","Flechettes","Cloak And Dagger"],"picked":"SKIP","floor":11},{"not_picked":["Poisoned Stab","Dodge and Roll"],"picked":"Corpse Explosion","floor":12},{"not_picked":["Deadly Poison","Blade Dance","Acrobatics"],"picked":"SKIP","floor":13},{"not_picked":["Night Terror","Deadly Poison"],"picked":"Escape Plan","floor":14}],"player_experience":2385126,"relics_obtained":[{"floor":9,"key":"Tingsha"},{"floor":10,"key":"Turnip"},{"floor":12,"key":"Letter Opener"},{"floor":14,"key":"Calipers"}],"event_choices":[{"cards_removed":["Strike_G"],"damage_healed":0,"gold_gain":0,"player_choice":"Offered Basic","damage_taken":0,"max_hp_gain":0,"max_hp_loss":0,"event_name":"Bonfire Elementals","floor":5,"gold_loss":0}],"is_beta":true,"boss_relics":[],"items_purged_floors":[],"is_endless":false,"potions_floor_spawned":[1,11,12,13],"killed_by":"Slime Boss","ascension_level":20}