{"gold_per_floor":[117,129,129,2,19,19,45,45,69,69,86,117,117,146,146,146],"floor_reached":16,"playtime":1139,"items_purged":[],"score":236,"play_id":"8cf8c04d-8375-4d0f-b63a-7aa85e7356f3","local_time":"20200530171018","is_ascension_mode":true,"campfire_choices":[{"data":"Predator","floor":6,"key":"SMITH"},{"data":"Crippling Poison","floor":8,"key":"SMITH"},{"floor":10,"key":"REST"},{"data":"Dagger Spray","floor":15,"key":"SMITH"}],"neow_cost":"NONE","seed_source_timestamp":100386468888532,"circlet_count":0,"master_deck":["AscendersBane","Strike_G","Strike_G+1","Strike_G+1","Strike_G","Strike_G","Defend_G","Defend_G","Defend_G","Defend_G","Defend_G","Survivor","Neutralize+1","Poisoned Stab","Crippling Poison+1","Footwork","Leg Sweep","Predator+1","Dagger Spray+1"],"relics":["Ring of the Snake","Whetstone","Blood Vial","HornCleat","Regal Pillow"],"potions_floor_usage":[7,12,14],"damage_taken":[{"damage":0,"enemies":"Cultist","floor":1,"turns":4},{"damage":1,"enemies":"Small Slimes","floor":2,"turns":4},{"damage":1,"enemies":"2 Louse","floor":5,"turns":2},{"damage":47,"enemies":"Gremlin Nob","floor":7,"turns":5},{"damage":0,"enemies":"Blue Slaver","floor":11,"turns":5},{"damage":11,"enemies":"Lagavulin","floor":12,"turns":9},{"damage":13,"enemies":"Gremlin Nob","floor":14,"turns":4},{"damage":35,"enemies":"Slime Boss","floor":16,"turns":7}],"seed_played":"-578583662358901078","potions_obtained":[{"floor":2,"key":"GamblersBrew"},{"floor":11,"key":"EssenceOfSteel"},{"floor":12,"key":"Strength Potion"}],"is_trial":false,"path_per_floor":["M","M","?","$","M","R","E","R","T","R","M","E","?","E","R","B"],"character_chosen":"THE_SILENT","items_purchased":["Footwork","Leg Sweep"],"campfire_rested":1,"item_purchase_floors":[4,4],"current_hp_per_floor":[59,58,58,58,57,57,10,10,10,29,31,22,44,33,33,0],"gold":146,"neow_bonus":"UPGRADE_CARD","is_prod":false,"is_daily":false,"chose_seed":false,"campfire_upgraded":3,"win_rate":0,"timestamp":1590883818,"path_taken":["M","M","?","$","M","R","E","R","T","R","M","E","?","E","R","BOSS"],"build_version":"2020-05-27","purchased_purges":0,"victory":false,"max_hp_per_floor":[66,66,66,66,66,66,66,66,66,66,66,66,66,66,66,66],"card_choices":[{"not_picked":["Dagger Throw","Blade Dance"],"picked":"Poisoned Stab","floor":1},{"not_picked":["Calculated Gamble","Flying Knee"],"picked":"Crippling Poison","floor":2},{"not_picked":["Slice","Dodge and Roll"],"picked":"Predator","floor":5},{"not_picked":["Acrobatics","Deadly Poison","Infinite Blades"],"picked":"SKIP","floor":7},{"not_picked":["Eviscerate","Finisher"],"picked":"Dagger Spray","floor":11},{"not_picked":["Leg Sweep","Dagger Spray","Crippling Poison"],"picked":"SKIP","floor":12},{"not_picked":["Grand Finale","Night Terror","Reflex"],"picked":"SKIP","floor":14}],"player_experience":2402189,"relics_obtained":[{"floor":7,"key":"Whetstone"},{"floor":9,"key":"Blood Vial"},{"floor":12,"key":"HornCleat"},{"floor":14,"key":"Regal Pillow"}],"event_choices":[{"damage_healed":0,"gold_gain":0,"player_choice":"Ignored","damage_taken":0,"max_hp_gain":0,"max_hp_loss":0,"event_name":"Liars Game","floor":3,"gold_loss":0},{"damage_healed":22,"gold_gain":0,"player_choice":"Banana","damage_taken":0,"max_hp_gain":0,"max_hp_loss":0,"event_name":"Big Fish","floor":13,"gold_loss":0}],"is_beta":true,"boss_relics":[],"items_purged_floors":[],"is_endless":false,"potions_floor_spawned":[2,11,12],"killed_by":"Slime Boss","ascension_level":20}