{"gold_per_floor":[118,43,53,128,128,128,145,175,201,201,201,178,189,209,209,281,281,294,272,292,54,104,104,104],"floor_reached":24,"playtime":1496,"items_purged":["Strike_G"],"score":396,"play_id":"0908bf03-2fd3-48c0-b119-a7aeb6662335","local_time":"20200530114454","is_ascension_mode":true,"campfire_choices":[{"data":"Noxious Fumes","floor":6,"key":"SMITH"},{"floor":10,"key":"REST"},{"data":"Dagger Spray","floor":15,"key":"SMITH"},{"floor":23,"key":"REST"}],"neow_cost":"PERCENT_DAMAGE","seed_source_timestamp":87294037433973,"circlet_count":0,"master_deck":["AscendersBane","Strike_G","Strike_G","Strike_G","Strike_G","Defend_G","Defend_G","Defend_G","Defend_G","Defend_G","Survivor","Neutralize","Dash","Well Laid Plans","Noxious Fumes+1","Dagger Spray+1","Dash","Dagger Throw","Catalyst","Poisoned Stab","Wraith Form v2","Noxious Fumes","Leg Sweep","Slice+1","Bouncing Flask"],"relics":["Ring of the Snake","PreservedInsect","Toy Ornithopter","HornCleat","Philosopher\u0027s Stone"],"potions_floor_usage":[8,16,20,24],"damage_taken":[{"damage":8,"enemies":"Cultist","floor":1,"turns":5},{"damage":0,"enemies":"Jaw Worm","floor":3,"turns":4},{"damage":8,"enemies":"Small Slimes","floor":7,"turns":3},{"damage":47,"enemies":"Gremlin Nob","floor":8,"turns":5},{"damage":2,"enemies":"Exordium Thugs","floor":12,"turns":4},{"damage":0,"enemies":"Large Slime","floor":13,"turns":6},{"damage":0,"enemies":"Looter","floor":14,"turns":3},{"damage":25,"enemies":"Slime Boss","floor":16,"turns":7},{"damage":17,"enemies":"Shell Parasite","floor":18,"turns":6},{"damage":7,"enemies":"2 Thieves","floor":19,"turns":4},{"damage":30,"enemies":"Centurion and Healer","floor":20,"turns":7},{"damage":30,"enemies":"Book of Stabbing","floor":24,"turns":5}],"seed_played":"-2354360958332274345","potions_obtained":[{"floor":1,"key":"Regen Potion"},{"floor":12,"key":"GamblersBrew"},{"floor":13,"key":"DuplicationPotion"}],"is_trial":false,"path_per_floor":["M","$","M","?","?","R","M","E","T","R","?","M","M","M","R","B",null,"M","M","M","$","?","R","E"],"character_chosen":"THE_SILENT","items_purchased":["Well Laid Plans","LiquidMemories","Bouncing Flask"],"campfire_rested":2,"item_purchase_floors":[2,21,21],"current_hp_per_floor":[36,36,36,25,47,47,39,6,6,25,25,23,23,23,23,3,50,33,26,1,1,1,20,0],"gold":104,"neow_bonus":"THREE_RARE_CARDS","is_prod":false,"is_daily":false,"chose_seed":false,"campfire_upgraded":2,"win_rate":0,"timestamp":1590864294,"path_taken":["M","$","M","?","?","R","?","E","T","R","?","M","M","?","R","BOSS","M","M","M","$","?","R","E"],"build_version":"2020-05-27","purchased_purges":1,"victory":false,"max_hp_per_floor":[66,66,66,66,66,66,66,66,66,66,66,66,66,66,66,66,66,66,66,66,66,66,66,66],"card_choices":[{"not_picked":["Phantasmal Killer","Storm of Steel"],"picked":"Bullet Time","floor":0},{"not_picked":["Slice","Concentrate"],"picked":"Dash","floor":1},{"not_picked":["Poisoned Stab","Prepared"],"picked":"Noxious Fumes","floor":3},{"not_picked":["Acrobatics","Blade Dance"],"picked":"Dagger Spray","floor":7},{"not_picked":["Bouncing Flask","Quick Slash"],"picked":"Dash","floor":8},{"not_picked":["Sucker Punch","Quick Slash"],"picked":"Dagger Throw","floor":12},{"not_picked":["Phantasmal Killer","Terror"],"picked":"Catalyst","floor":13},{"not_picked":["Bane","Backstab"],"picked":"Poisoned Stab","floor":14},{"not_picked":["Envenom","Grand Finale"],"picked":"Wraith Form v2","floor":16},{"not_picked":["Finisher","Slice"],"picked":"Noxious Fumes","floor":18},{"not_picked":["Backstab","Noxious Fumes"],"picked":"Leg Sweep","floor":19},{"not_picked":["Deflect","Outmaneuver"],"picked":"Slice+1","floor":20}],"player_experience":2400693,"relics_obtained":[{"floor":8,"key":"PreservedInsect"},{"floor":9,"key":"Toy Ornithopter"}],"event_choices":[{"damage_healed":0,"gold_gain":75,"player_choice":"Gather Gold","damage_taken":11,"max_hp_gain":0,"max_hp_loss":0,"event_name":"World of Goop","floor":4,"gold_loss":0},{"damage_healed":22,"gold_gain":0,"player_choice":"Banana","damage_taken":0,"max_hp_gain":0,"max_hp_loss":0,"event_name":"Big Fish","floor":5,"gold_loss":0},{"cards_removed":["Bullet Time"],"damage_healed":0,"gold_gain":0,"player_choice":"Gave Card","damage_taken":0,"relics_obtained":["HornCleat"],"max_hp_gain":0,"max_hp_loss":0,"event_name":"WeMeetAgain","floor":11,"gold_loss":0},{"damage_healed":0,"gold_gain":50,"player_choice":"Stole From Cult","damage_taken":0,"max_hp_gain":0,"max_hp_loss":0,"event_name":"Nest","floor":22,"gold_loss":0}],"is_beta":true,"boss_relics":[{"not_picked":["SacredBark","Cursed Key"],"picked":"Philosopher\u0027s Stone"}],"items_purged_floors":[21],"is_endless":false,"potions_floor_spawned":[1,12,13],"killed_by":"Book of Stabbing","ascension_level":20}