{"gold_per_floor":[118,98,109,9,19,19,47,19,43,62,62,87,87,120,120,194,194,167,92,92,105,115,115,115,115,115,115,145,45,64,79,79,79],"floor_reached":33,"playtime":2238,"items_purged":["Strike_G","Strike_G"],"score":550,"play_id":"694b2dc9-02f0-4381-87ff-e5b20aaf2f2a","local_time":"20200601202832","is_ascension_mode":true,"campfire_choices":[{"data":"Dagger Spray","floor":6,"key":"SMITH"},{"floor":11,"key":"REST"},{"data":"Noxious Fumes","floor":15,"key":"SMITH"},{"floor":23,"key":"REST"},{"data":"Footwork","floor":25,"key":"SMITH"},{"data":"Strike_G","floor":27,"key":"PURGE"},{"data":"Dodge and Roll","floor":32,"key":"SMITH"}],"neow_cost":"PERCENT_DAMAGE","seed_source_timestamp":50246598928069,"circlet_count":0,"master_deck":["AscendersBane","Strike_G","Strike_G","Defend_G","Defend_G","Defend_G","Defend_G","Defend_G","Survivor","Neutralize+1","Poisoned Stab","Noxious Fumes+1","Well Laid Plans","Dagger Spray+1","Poisoned Stab+1","Dash","Footwork+1","After Image","Backflip","Dodge and Roll+1"],"relics":["Ring of the Snake","Peace Pipe","Toy Ornithopter","Whetstone","Regal Pillow","Bird Faced Urn","Velvet Choker","Pantograph","Dream Catcher"],"potions_floor_usage":[7,7,14,21,22,33],"damage_taken":[{"damage":0,"enemies":"2 Louse","floor":1,"turns":3},{"damage":1,"enemies":"Cultist","floor":3,"turns":4},{"damage":2,"enemies":"Jaw Worm","floor":5,"turns":5},{"damage":10,"enemies":"3 Sentries","floor":7,"turns":6},{"damage":2,"enemies":"Exordium Thugs","floor":8,"turns":4},{"damage":2,"enemies":"3 Louse","floor":10,"turns":4},{"damage":11,"enemies":"Gremlin Nob","floor":14,"turns":4},{"damage":12,"enemies":"The Guardian","floor":16,"turns":11},{"damage":15,"enemies":"2 Thieves","floor":18,"turns":4},{"damage":5,"enemies":"3 Byrds","floor":21,"turns":4},{"damage":13,"enemies":"Snecko","floor":22,"turns":7},{"damage":27,"enemies":"Gremlin Leader","floor":28,"turns":8},{"damage":2,"enemies":"Centurion and Healer","floor":30,"turns":7},{"damage":13,"enemies":"3 Cultists","floor":31,"turns":6},{"damage":79,"enemies":"Collector","floor":33,"turns":9}],"seed_played":"2758275747620998471","potions_obtained":[{"floor":1,"key":"FearPotion"},{"floor":2,"key":"DistilledChaos"},{"floor":8,"key":"SpeedPotion"},{"floor":16,"key":"Weak Potion"},{"floor":18,"key":"DistilledChaos"},{"floor":31,"key":"Ancient Potion"}],"is_trial":false,"path_per_floor":["M","?","M","$","M","R","E","M","T","M","R","T","?","E","R","B",null,"M","$","?","M","M","R","?","R","T","R","E","$","M","M","R","B"],"character_chosen":"THE_SILENT","items_purchased":["Well Laid Plans","Dagger Spray"],"campfire_rested":2,"item_purchase_floors":[4,4],"current_hp_per_floor":[44,44,43,43,41,41,31,29,29,27,46,46,20,14,14,8,52,43,43,25,33,33,69,69,69,69,69,48,48,54,49,49,0],"gold":79,"neow_bonus":"ONE_RARE_RELIC","is_prod":false,"is_daily":false,"chose_seed":false,"campfire_upgraded":4,"win_rate":0,"timestamp":1591068512,"path_taken":["M","?","M","?","M","R","E","?","T","M","R","?","?","E","R","BOSS","M","$","?","M","M","R","?","R","T","R","E","$","M","M","R","BOSS"],"build_version":"2020-05-27","purchased_purges":2,"victory":false,"max_hp_per_floor":[66,66,66,66,66,66,66,66,66,66,66,66,66,66,66,66,66,66,66,71,71,71,71,71,71,71,71,71,71,71,71,71,71],"card_choices":[{"not_picked":["Calculated Gamble","Deflect"],"picked":"Poisoned Stab","floor":1},{"not_picked":["Distraction","Slice"],"picked":"Noxious Fumes","floor":3},{"not_picked":["Dagger Throw","Bane"],"picked":"Poisoned Stab","floor":5},{"not_picked":["Underhanded Strike","Acrobatics"],"picked":"Dash","floor":7},{"not_picked":["Prepared","Dagger Throw","Terror"],"picked":"SKIP","floor":8},{"not_picked":["Blur","Underhanded Strike","Outmaneuver"],"picked":"SKIP","floor":10},{"not_picked":["Sucker Punch","Dodge and Roll"],"picked":"Footwork","floor":14},{"not_picked":["Storm of Steel","Bullet Time"],"picked":"After Image","floor":16},{"not_picked":["Quick Slash","Cloak And Dagger","Flechettes"],"picked":"SKIP","floor":18},{"not_picked":["Flying Knee+1","Calculated Gamble","Bane"],"picked":"SKIP","floor":21},{"not_picked":["Quick Slash","Outmaneuver","Acrobatics"],"picked":"SKIP","floor":22},{"not_picked":["Sucker Punch","Phantasmal Killer","All Out Attack"],"picked":"SKIP","floor":28},{"not_picked":["Masterful Stab","Accuracy"],"picked":"Backflip","floor":30},{"not_picked":["Blade Dance","Terror"],"picked":"Dodge and Roll","floor":31}],"player_experience":2430852,"relics_obtained":[{"floor":7,"key":"Toy Ornithopter"},{"floor":9,"key":"Whetstone"},{"floor":14,"key":"Bird Faced Urn"},{"floor":26,"key":"Pantograph"},{"floor":28,"key":"Dream Catcher"}],"event_choices":[{"damage_healed":0,"gold_gain":0,"player_choice":"Bought 1 Potion","damage_taken":0,"max_hp_gain":0,"max_hp_loss":0,"event_name":"The Woman in Blue","floor":2,"gold_loss":0},{"damage_healed":0,"gold_gain":0,"player_choice":"Success","damage_taken":26,"relics_obtained":["Regal Pillow"],"max_hp_gain":0,"max_hp_loss":0,"event_name":"Scrap Ooze","floor":13,"gold_loss":0},{"damage_healed":0,"gold_gain":0,"player_choice":"Shed Blood","damage_taken":23,"max_hp_gain":5,"max_hp_loss":0,"event_name":"Forgotten Altar","floor":20,"gold_loss":0},{"damage_healed":0,"gold_gain":0,"player_choice":"Ignored","damage_taken":0,"max_hp_gain":0,"max_hp_loss":0,"event_name":"The Mausoleum","floor":24,"gold_loss":0}],"is_beta":true,"boss_relics":[{"not_picked":["Busted Crown","Tiny House"],"picked":"Velvet Choker"}],"items_purged_floors":[19,29],"is_endless":false,"potions_floor_spawned":[1,8,16,18,31],"killed_by":"Collector","ascension_level":20}