{"gold_per_floor":[109,52,66,66,86,86,121,121,172,184,198,216,248,248,248,338,338,362,67,67,91,109,142,142,173,225,245,259,75,75,75,75,171,171,185,14,34,34,47,47,47],"floor_reached":41,"playtime":2965,"items_purged":["Strike_G","Normality"],"score":886,"play_id":"5a9d720e-d982-41c6-9b04-3178d9567f76","local_time":"20200614202538","is_ascension_mode":true,"campfire_choices":[{"data":"Predator","floor":6.0,"key":"SMITH"},{"data":"Poisoned Stab","floor":8.0,"key":"SMITH"},{"data":"Predator","floor":15.0,"key":"SMITH"},{"data":"Bouncing Flask","floor":24.0,"key":"SMITH"},{"data":"Noxious Fumes","floor":30.0,"key":"SMITH"},{"floor":32.0,"key":"REST"},{"data":"Footwork","floor":40,"key":"SMITH"}],"neow_cost":"NONE","seed_source_timestamp":0,"circlet_count":0,"master_deck":["AscendersBane","Strike_G","Strike_G","Strike_G","Defend_G","Defend_G","Defend_G","Defend_G","Defend_G","Survivor","Neutralize+1","Predator+1","Poisoned Stab+1","Acrobatics","Quick Slash","Adrenaline","Predator+1","Terror","Flying Knee","After Image","Bouncing Flask+1","Backstab","Caltrops+1","Noxious Fumes+1","Crippling Poison","Ghostly","Ghostly","Corpse Explosion","Footwork+1","Backflip","Acrobatics"],"special_seed":0,"relics":["Ring of the Snake","Bag of Preparation","Toy Ornithopter","Strawberry","Golden Idol","Cursed Key","Orichalcum","Bronze Scales","Torii","Snecko Eye"],"potions_floor_usage":[41,41],"damage_taken":[{"damage":6.0,"enemies":"Small Slimes","floor":1.0,"turns":4.0},{"damage":0.0,"enemies":"Cultist","floor":3.0,"turns":3.0},{"damage":0.0,"enemies":"2 Louse","floor":5.0,"turns":3.0},{"damage":6.0,"enemies":"Gremlin Nob","floor":7.0,"turns":3.0},{"damage":0.0,"enemies":"Looter","floor":10.0,"turns":2.0},{"damage":4.0,"enemies":"Exordium Wildlife","floor":11.0,"turns":3.0},{"damage":0.0,"enemies":"Red Slaver","floor":12.0,"turns":2.0},{"damage":7.0,"enemies":"Lagavulin","floor":13.0,"turns":5.0},{"damage":28.0,"enemies":"Slime Boss","floor":16.0,"turns":8.0},{"damage":4.0,"enemies":"3 Byrds","floor":18.0,"turns":6.0},{"damage":0.0,"enemies":"Chosen","floor":21.0,"turns":3.0},{"damage":14.0,"enemies":"Shelled Parasite and Fungi","floor":22.0,"turns":3.0},{"damage":12.0,"enemies":"Slavers","floor":23.0,"turns":6.0},{"damage":29.0,"enemies":"Book of Stabbing","floor":25.0,"turns":4.0},{"damage":1.0,"enemies":"Snecko","floor":27.0,"turns":3.0},{"damage":1.0,"enemies":"Centurion and Healer","floor":28.0,"turns":5.0},{"damage":20.0,"enemies":"Automaton","floor":33.0,"turns":10.0},{"damage":0,"enemies":"3 Darklings","floor":35,"turns":3},{"damage":0,"enemies":"Orb Walker","floor":37,"turns":4},{"damage":0,"enemies":"Transient","floor":39,"turns":6},{"damage":36,"enemies":"Reptomancer","floor":41,"turns":5}],"seed_played":"5142781846411693435","potions_obtained":[{"floor":1.0,"key":"Swift Potion"},{"floor":10.0,"key":"SpeedPotion"},{"floor":21.0,"key":"Energy Potion"},{"floor":22.0,"key":"CunningPotion"},{"floor":23.0,"key":"EssenceOfSteel"},{"floor":25.0,"key":"EntropicBrew"},{"floor":35,"key":"SkillPotion"}],"is_trial":false,"path_per_floor":["M","$","M","?","M","R","E","R","T","M","M","M","E","?","R","B",null,"M","$","?","M","M","E","R","E","T","M","M","$","R","?","R","B",null,"M","$","M","?","M","R","E"],"character_chosen":"THE_SILENT","items_purchased":["Fire Potion","AttackPotion","Orichalcum","EssenceOfSteel","Footwork","DuplicationPotion"],"campfire_rested":1,"item_purchase_floors":[2,19,19,29,36,36],"current_hp_per_floor":[53,53,53,53,53,53,47,47,47,47,43,43,43,43,43,20,55,51,51,51,51,47,40,40,16,16,25,24,24,24,24,33,13,28,28,28,28,28,28,28,0],"gold":47,"neow_bonus":"UPGRADE_CARD","is_prod":false,"is_daily":false,"chose_seed":false,"campfire_upgraded":6,"win_rate":0,"timestamp":1592191538,"path_taken":["M","$","M","?","?","R","E","R","T","M","?","M","E","?","R","BOSS","M","$","?","M","M","E","R","E","T","M","M","$","R","?","R","BOSS","M","$","M","?","M","R","E"],"build_version":"2020-05-27","purchased_purges":2,"victory":false,"max_hp_per_floor":[66,66,66,66,66,66,66,66,66,66,66,66,73,66,66,66,66,66,66,66,66,66,66,66,66,66,66,66,66,66,33,33,33,33,33,33,33,33,33,33,33],"card_choices":[{"not_picked":["Flechettes","Bane"],"picked":"Predator","floor":1.0},{"not_picked":["Caltrops","Slice"],"picked":"Poisoned Stab","floor":3.0},{"not_picked":["Finisher","Deflect"],"picked":"Quick Slash","floor":5.0},{"not_picked":["A Thousand Cuts","Acrobatics"],"picked":"Adrenaline","floor":7.0},{"not_picked":["Sucker Punch","Choke"],"picked":"Predator","floor":10.0},{"not_picked":["Tactician","Deflect"],"picked":"Terror","floor":11.0},{"not_picked":["Deadly Poison","Cloak And Dagger","Deflect"],"picked":"SKIP","floor":12.0},{"not_picked":["Heel Hook","Blur"],"picked":"Flying Knee","floor":13.0},{"not_picked":["Die Die Die","Burst"],"picked":"After Image","floor":16.0},{"not_picked":["Caltrops","Sucker Punch"],"picked":"Bouncing Flask","floor":18.0},{"not_picked":["Concentrate","Expertise","Riddle With Holes"],"picked":"SKIP","floor":21.0},{"not_picked":["Prepared+1","Backflip"],"picked":"Backstab","floor":22.0},{"not_picked":["Predator","Concentrate"],"picked":"Caltrops+1","floor":23.0},{"not_picked":["Flechettes","Slice"],"picked":"Noxious Fumes","floor":25.0},{"not_picked":["Eviscerate","Blade Dance+1"],"picked":"Crippling Poison","floor":27.0},{"not_picked":["Acrobatics+1","Sucker Punch","Calculated Gamble"],"picked":"SKIP","floor":28.0},{"not_picked":["Glass Knife","After Image"],"picked":"Corpse Explosion","floor":33.0},{"not_picked":["Blade Dance","Flechettes","Cloak And Dagger"],"picked":"SKIP","floor":35},{"not_picked":["Terror","Sucker Punch+1"],"picked":"Backflip","floor":37},{"not_picked":["Masterful Stab","Blade Dance+1"],"picked":"Acrobatics","floor":39}],"player_experience":2506771,"relics_obtained":[{"floor":7.0,"key":"Bag of Preparation"},{"floor":9.0,"key":"Toy Ornithopter"},{"floor":13.0,"key":"Strawberry"},{"floor":23.0,"key":"Bronze Scales"},{"floor":25.0,"key":"Torii"}],"event_choices":[{"damage_healed":0.0,"max_hp_gain":0.0,"max_hp_loss":0.0,"gold_gain":0.0,"cards_transformed":["Strike_G"],"event_name":"Transmorgrifier","player_choice":"Transformed","floor":4.0,"gold_loss":0.0,"damage_taken":0.0,"cards_obtained":["Acrobatics"]},{"damage_healed":0.0,"max_hp_gain":0.0,"max_hp_loss":7.0,"gold_gain":0.0,"event_name":"Golden Idol","player_choice":"Lose Max HP","floor":14.0,"gold_loss":0.0,"damage_taken":0.0,"relics_obtained":["Golden Idol"]},{"damage_healed":0.0,"max_hp_gain":0.0,"max_hp_loss":33.0,"gold_gain":0.0,"event_name":"Ghosts","player_choice":"Became a Ghost","floor":31.0,"gold_loss":0.0,"damage_taken":0.0,"cards_obtained":["Ghostly","Ghostly","Ghostly"]},{"cards_removed":["Ghostly"],"damage_healed":0,"gold_gain":0,"player_choice":"Removed Skill","damage_taken":0,"max_hp_gain":0,"max_hp_loss":0,"event_name":"Falling","floor":38,"gold_loss":0}],"is_beta":true,"boss_relics":[{"not_picked":["Philosopher\u0027s Stone","Busted Crown"],"picked":"Cursed Key"},{"not_picked":["SlaversCollar","Calling Bell"],"picked":"Snecko Eye"}],"items_purged_floors":[19,29],"is_endless":false,"potions_floor_spawned":[1,10,12,21,22,23,25,35,39],"killed_by":"Reptomancer","ascension_level":20}