{"gold_per_floor":[219,219,91,111,27,38,57,82,134,134,172,172,213,46,55,141,141,166,166,187,216,216,216,252,261,313,313,327,327,77,95,95,181,181,192,211,232,37,61,61,25,50,131,157,157,193,205,225,225,225,225],"floor_reached":51,"playtime":5050,"items_purged":["Pain","Strike_G"],"score":1515,"play_id":"910779df-10eb-45e4-8b3c-d82c154c20b8","local_time":"20200804174340","is_ascension_mode":true,"campfire_choices":[{"floor":10.0,"key":"REST"},{"floor":15.0,"key":"REST"},{"data":"Wraith Form v2","floor":23.0,"key":"SMITH"},{"floor":25.0,"key":"REST"},{"data":"Noxious Fumes","floor":27.0,"key":"SMITH"},{"data":"Well Laid Plans","floor":29.0,"key":"SMITH"},{"data":"Riddle With Holes","floor":32.0,"key":"SMITH"},{"floor":40.0,"key":"REST"},{"floor":45.0,"key":"REST"},{"floor":49,"key":"RECALL"}],"neow_cost":"NONE","seed_source_timestamp":0,"circlet_count":0,"master_deck":["AscendersBane","Strike_G","Strike_G","Strike_G","Strike_G","Defend_G","Defend_G","Defend_G","Defend_G","Defend_G","Survivor","Neutralize","PiercingWail","Dagger Spray","Dagger Throw","Dagger Throw","Well Laid Plans+1","Terror+1","Die Die Die","Backflip+1","Dash","After Image","Dodge and Roll+1","Wraith Form v2+1","Acrobatics+1","Noxious Fumes+1","Riddle With Holes+1","Masterful Stab","Acrobatics+1","Corpse Explosion+1","Blur+1","Acrobatics+1","Leg Sweep+1","Backflip+1","Footwork","Parasite","Corpse Explosion+1"],"special_seed":0,"relics":["Ring of the Snake","WarpedTongs","Toxic Egg 2","Dream Catcher","CeramicFish","Pear","Membership Card","Snecko Eye","White Beast Statue","Smiling Mask","Lee\u0027s Waffle","Vajra","Busted Crown","Snake Skull","ClockworkSouvenir","Pantograph","Ancient Tea Set"],"potions_floor_usage":[47,48,50],"damage_taken":[{"damage":9.0,"enemies":"Jaw Worm","floor":1.0,"turns":6.0},{"damage":0.0,"enemies":"Cultist","floor":4.0,"turns":4.0},{"damage":4.0,"enemies":"Small Slimes","floor":6.0,"turns":2.0},{"damage":1.0,"enemies":"Blue Slaver","floor":7.0,"turns":4.0},{"damage":25.0,"enemies":"Gremlin Nob","floor":8.0,"turns":4.0},{"damage":0.0,"enemies":"Lagavulin","floor":11.0,"turns":4.0},{"damage":45.0,"enemies":"Gremlin Nob","floor":13.0,"turns":5.0},{"damage":6.0,"enemies":"The Guardian","floor":16.0,"turns":12.0},{"damage":15.0,"enemies":"Chosen","floor":18.0,"turns":5.0},{"damage":1.0,"enemies":"2 Thieves","floor":20.0,"turns":3.0},{"damage":29.0,"enemies":"Shelled Parasite and Fungi","floor":21.0,"turns":8.0},{"damage":55.0,"enemies":"Slavers","floor":24.0,"turns":11.0},{"damage":18.0,"enemies":"Snake Plant","floor":28.0,"turns":5.0},{"damage":74.0,"enemies":"Champ","floor":33.0,"turns":16.0},{"damage":13.0,"enemies":"3 Darklings","floor":35.0,"turns":3.0},{"damage":1.0,"enemies":"Orb Walker","floor":36.0,"turns":3.0},{"damage":3.0,"enemies":"Transient","floor":37.0,"turns":6.0},{"damage":11.0,"enemies":"Maw","floor":39.0,"turns":6.0},{"damage":1.0,"enemies":"Writhing Mass","floor":42.0,"turns":9.0},{"damage":6.0,"enemies":"Reptomancer","floor":44.0,"turns":6.0},{"damage":5.0,"enemies":"Nemesis","floor":46.0,"turns":9.0},{"damage":2,"enemies":"4 Shapes","floor":47,"turns":5},{"damage":4,"enemies":"Maw","floor":48,"turns":7},{"damage":42,"enemies":"Time Eater","floor":50,"turns":15},{"damage":103,"enemies":"Awakened One","floor":51,"turns":15}],"seed_played":"4161374533292343306","potions_obtained":[{"floor":7.0,"key":"EssenceOfSteel"},{"floor":8.0,"key":"AttackPotion"},{"floor":11.0,"key":"Regen Potion"},{"floor":16.0,"key":"LiquidBronze"},{"floor":18.0,"key":"ColorlessPotion"},{"floor":28.0,"key":"Strength Potion"},{"floor":33.0,"key":"Swift Potion"},{"floor":35.0,"key":"Weak Potion"},{"floor":37.0,"key":"Explosive Potion"},{"floor":39.0,"key":"EssenceOfSteel"},{"floor":42.0,"key":"AttackPotion"},{"floor":44.0,"key":"Dexterity Potion"},{"floor":46,"key":"FairyPotion"},{"floor":47,"key":"Block Potion"},{"floor":48,"key":"AttackPotion"}],"is_trial":false,"path_per_floor":["M","?","$","M","$","M","M","E","T","R","E","?","E","$","R","B",null,"M","?","M","M","?","R","E","R","T","R","M","R","$","?","R","B",null,"M","M","M","$","M","R","$","M","T","E","R","E","M","M","R","B","B"],"character_chosen":"THE_SILENT","items_purchased":["Dagger Spray","Explosive Potion","Dagger Throw","Membership Card","Lee\u0027s Waffle","Vajra","Riddle With Holes","Snake Skull","ClockworkSouvenir","Leg Sweep+1","Footwork"],"campfire_rested":5,"item_purchase_floors":[3,5,5,14,30,30,30,38,38,38,41],"current_hp_per_floor":[50,50,50,50,50,46,45,20,20,39,39,44,14,14,38,32,69,54,54,53,24,81,81,26,50,50,50,32,32,88,88,88,14,70,57,56,53,53,42,68,68,67,67,61,87,82,80,76,76,46,0],"gold":225,"neow_bonus":"HUNDRED_GOLD","is_prod":false,"is_daily":false,"chose_seed":false,"campfire_upgraded":4,"win_rate":0,"timestamp":1596588220,"path_taken":["M","?","?","M","$","M","?","E","T","R","E","?","E","$","R","BOSS","M","?","M","M","?","R","E","R","T","R","?","R","$","?","R","BOSS","M","?","M","$","M","R","$","M","T","E","R","E","M","M","R","BOSS","BOSS"],"build_version":"2020-07-30","purchased_purges":2,"victory":false,"max_hp_per_floor":[66,66,66,66,66,66,66,66,66,66,66,71,81,81,81,81,81,81,81,81,81,81,81,81,81,81,81,81,81,88,88,88,88,88,88,88,88,88,88,88,88,88,88,88,88,88,88,88,88,88,88],"card_choices":[{"not_picked":["Sucker Punch","Acrobatics"],"picked":"PiercingWail","floor":1.0},{"not_picked":["Cloak And Dagger","Deflect"],"picked":"Dagger Throw","floor":4.0},{"not_picked":["Dagger Throw","Bane","Prepared"],"picked":"SKIP","floor":6.0},{"not_picked":["Backstab","Leg Sweep"],"picked":"Well Laid Plans","floor":7.0},{"not_picked":["Infinite Blades","Calculated Gamble+1"],"picked":"Terror+1","floor":8.0},{"not_picked":["Cloak And Dagger+1","Deadly Poison+1"],"picked":"Die Die Die","floor":11.0},{"not_picked":["Sucker Punch","Prepared+1"],"picked":"Backflip+1","floor":13.0},{"not_picked":["Bane","Eviscerate"],"picked":"Dash","floor":15.0},{"not_picked":["Phantasmal Killer+1","Envenom"],"picked":"After Image","floor":16.0},{"not_picked":["Deadly Poison+1","Dagger Spray+1"],"picked":"Choke","floor":18.0},{"not_picked":["Blade Dance+1","Finisher"],"picked":"Dodge and Roll+1","floor":20.0},{"not_picked":["Prepared+1","All Out Attack"],"picked":"Wraith Form v2","floor":21.0},{"not_picked":["Poisoned Stab","Dagger Spray"],"picked":"Acrobatics+1","floor":24.0},{"not_picked":["Distraction+1","Blade Dance+1"],"picked":"Noxious Fumes","floor":25.0},{"not_picked":["Prepared+1","Sucker Punch","Choke"],"picked":"SKIP","floor":28.0},{"not_picked":["Glass Knife","Venomology+1"],"picked":"Corpse Explosion+1","floor":33.0},{"not_picked":["Terror+1"],"picked":"SKIP","floor":35.0},{"not_picked":[],"picked":"Blur+1","floor":36.0},{"not_picked":[],"picked":"Acrobatics+1","floor":37.0},{"not_picked":[],"picked":"Backflip+1","floor":39.0},{"not_picked":["Dagger Spray"],"picked":"SKIP","floor":42.0},{"not_picked":["Slice+1"],"picked":"SKIP","floor":44.0},{"not_picked":[],"picked":"Corpse Explosion+1","floor":46},{"not_picked":["Flying Knee"],"picked":"SKIP","floor":47},{"not_picked":["Eviscerate+1"],"picked":"SKIP","floor":48}],"player_experience":2527784,"relics_obtained":[{"floor":8.0,"key":"Toxic Egg 2"},{"floor":9.0,"key":"Dream Catcher"},{"floor":11.0,"key":"CeramicFish"},{"floor":13.0,"key":"Pear"},{"floor":24.0,"key":"White Beast Statue"},{"floor":26.0,"key":"Smiling Mask"},{"floor":44.0,"key":"Pantograph"},{"floor":46,"key":"Ancient Tea Set"}],"event_choices":[{"damage_healed":0.0,"max_hp_gain":0.0,"max_hp_loss":0.0,"gold_gain":0.0,"event_name":"Accursed Blacksmith","player_choice":"Rummage","floor":2.0,"gold_loss":0.0,"damage_taken":0.0,"relics_obtained":["WarpedTongs"],"cards_obtained":["Pain"]},{"damage_healed":0.0,"max_hp_gain":5.0,"max_hp_loss":0.0,"gold_gain":0.0,"event_name":"Big Fish","player_choice":"Donut","floor":12.0,"gold_loss":0.0,"damage_taken":0.0},{"cards_removed":["Choke"],"damage_healed":57.0,"max_hp_gain":0.0,"max_hp_loss":0.0,"gold_gain":0.0,"event_name":"Bonfire Elementals","player_choice":"Offered Uncommon","floor":22.0,"gold_loss":0.0,"damage_taken":0.0},{"damage_healed":0.0,"max_hp_gain":0.0,"max_hp_loss":0.0,"gold_gain":0.0,"event_name":"Match and Keep!","player_choice":"2 cards matched","floor":31.0,"gold_loss":0.0,"damage_taken":0.0,"cards_obtained":["Masterful Stab","Acrobatics"]}],"is_beta":true,"boss_relics":[{"not_picked":["Empty Cage","WristBlade"],"picked":"Snecko Eye"},{"not_picked":["Velvet Choker","Coffee Dripper"],"picked":"Busted Crown"}],"items_purged_floors":[3,30],"is_endless":false,"potions_floor_spawned":[7,8,11,16,18,28,33,35,36,37,39,42,44,46,47,48],"killed_by":"Awakened One","ascension_level":20}