{"gold_per_floor":[111,111,55,75,75,107,122,122,168,195,207,253,265,290,302,388,400,429,461,486,498,524,536,202,237,262,124,124,152,152,171,171,171],"floor_reached":33,"playtime":1846,"items_purged":["Strike_G"],"score":740,"play_id":"898885b9-9d8d-4680-b557-6ff2888fe23c","local_time":"20200808212105","is_ascension_mode":true,"campfire_choices":[{"data":"Riddle With Holes","floor":8,"key":"SMITH"},{"data":"Dagger Spray","floor":13,"key":"SMITH"},{"data":"Noxious Fumes","floor":15,"key":"SMITH"},{"floor":23,"key":"REST"},{"floor":28,"key":"REST"},{"floor":30,"key":"REST"},{"floor":32,"key":"REST"}],"neow_cost":"NONE","seed_source_timestamp":895889761217408,"circlet_count":0,"master_deck":["AscendersBane","Strike_G","Strike_G","Strike_G","Strike_G","Defend_G","Defend_G","Defend_G","Defend_G","Defend_G","Survivor","Neutralize","Predator+1","Quick Slash+1","Riddle With Holes+1","Dagger Spray+1","Noxious Fumes+1","Backstab","Adrenaline","Prepared+1"],"relics":["Ring of the Snake","NeowsBlessing","Bag of Marbles","MawBank","Pear","Fusion Hammer","Enchiridion","Matryoshka","Potion Belt","Nunchaku","Boot","Meat on the Bone"],"potions_floor_usage":[10,16,22,25,31],"damage_taken":[{"damage":0,"enemies":"Jaw Worm","floor":1,"turns":1},{"damage":0,"enemies":"2 Louse","floor":4,"turns":1},{"damage":0,"enemies":"Lagavulin","floor":6,"turns":1},{"damage":0,"enemies":"Cultist","floor":7,"turns":1},{"damage":0,"enemies":"Lots of Slimes","floor":10,"turns":3},{"damage":32,"enemies":"Gremlin Nob","floor":12,"turns":4},{"damage":0,"enemies":"Looter","floor":14,"turns":1},{"damage":0,"enemies":"Slime Boss","floor":16,"turns":7},{"damage":1,"enemies":"3 Byrds","floor":18,"turns":4},{"damage":1,"enemies":"Spheric Guardian","floor":19,"turns":3},{"damage":0,"enemies":"Centurion and Healer","floor":20,"turns":4},{"damage":23,"enemies":"Sentry and Sphere","floor":22,"turns":6},{"damage":19,"enemies":"Slavers","floor":25,"turns":3},{"damage":32,"enemies":"Book of Stabbing","floor":29,"turns":5},{"damage":3,"enemies":"Snake Plant","floor":31,"turns":3},{"damage":66,"enemies":"Automaton","floor":33,"turns":8}],"seed_played":"-4941336139857387279","potions_obtained":[{"floor":1,"key":"GhostInAJar"},{"floor":12,"key":"BlessingOfTheForge"},{"floor":14,"key":"DuplicationPotion"},{"floor":16,"key":"Weak Potion"},{"floor":19,"key":"Block Potion"},{"floor":22,"key":"DistilledChaos"},{"floor":29,"key":"Energy Potion"}],"is_trial":false,"path_per_floor":["M","?","$","M","?","E","M","R","T","M","$","E","R","M","R","B",null,"M","M","M","?","M","R","$","E","T","?","R","E","R","M","R","B"],"character_chosen":"THE_SILENT","items_purchased":["SteroidPotion","Matryoshka"],"campfire_rested":4,"item_purchase_floors":[3,24],"current_hp_per_floor":[59,59,59,59,59,59,59,59,59,59,59,37,37,37,37,37,66,65,64,64,43,20,42,42,23,23,23,45,13,35,44,66,0],"gold":171,"neow_bonus":"THREE_ENEMY_KILL","is_prod":false,"is_daily":false,"chose_seed":false,"campfire_upgraded":3,"win_rate":0,"timestamp":1596946865,"path_taken":["M","?","$","M","?","E","?","R","T","M","$","E","R","M","R","BOSS","M","?","M","?","M","R","$","E","T","?","R","E","R","M","R","BOSS"],"build_version":"2020-07-30","purchased_purges":1,"victory":false,"max_hp_per_floor":[66,66,66,66,66,66,66,66,66,66,66,76,76,76,76,76,76,76,76,76,76,76,76,76,76,76,76,76,76,76,76,76,76],"card_choices":[{"not_picked":["Terror","Sucker Punch"],"picked":"Predator","floor":1},{"not_picked":["Eviscerate","Cloak And Dagger"],"picked":"Quick Slash","floor":4},{"not_picked":["Infinite Blades","Deadly Poison","Envenom"],"picked":"SKIP","floor":6},{"not_picked":["PiercingWail","Deflect"],"picked":"Riddle With Holes","floor":7},{"not_picked":["Sucker Punch","Outmaneuver"],"picked":"Dagger Spray","floor":10},{"not_picked":["Deflect","Outmaneuver"],"picked":"Noxious Fumes","floor":12},{"not_picked":["Poisoned Stab","Deflect"],"picked":"Backstab","floor":14},{"not_picked":["Flying Knee","Terror","All Out Attack"],"picked":"SKIP","floor":18},{"not_picked":["Quick Slash","Backflip","Cloak And Dagger"],"picked":"SKIP","floor":19},{"not_picked":["Backflip","Outmaneuver","Bane"],"picked":"SKIP","floor":20},{"not_picked":["Sucker Punch","Deflect","Blade Dance"],"picked":"SKIP","floor":22},{"not_picked":["Envenom","Terror","Acrobatics"],"picked":"SKIP","floor":25},{"not_picked":["Heel Hook","Slice"],"picked":"Adrenaline","floor":29},{"not_picked":["Acrobatics","Accuracy+1"],"picked":"Prepared+1","floor":31}],"player_experience":2576841,"relics_obtained":[{"floor":6,"key":"Bag of Marbles"},{"floor":9,"key":"MawBank"},{"floor":12,"key":"Pear"},{"floor":21,"key":"Enchiridion"},{"floor":25,"key":"Potion Belt"},{"floor":26,"key":"Nunchaku"},{"floor":29,"key":"Meat on the Bone"}],"event_choices":[{"damage_healed":0,"gold_gain":0,"player_choice":"Grow","damage_taken":0,"max_hp_gain":0,"max_hp_loss":0,"event_name":"Living Wall","floor":2,"gold_loss":0,"cards_upgraded":["Predator"]},{"damage_healed":0,"gold_gain":0,"player_choice":"Upgraded","damage_taken":0,"max_hp_gain":0,"max_hp_loss":0,"event_name":"Upgrade Shrine","floor":5,"gold_loss":0,"cards_upgraded":["Quick Slash"]},{"damage_healed":0,"gold_gain":0,"player_choice":"Obtained Book","damage_taken":21,"max_hp_gain":0,"max_hp_loss":0,"event_name":"Cursed Tome","floor":21,"gold_loss":0},{"damage_healed":0,"gold_gain":0,"player_choice":"Paid Gold","damage_taken":0,"relics_obtained":["Boot"],"max_hp_gain":0,"max_hp_loss":0,"event_name":"WeMeetAgain","floor":27,"gold_loss":138}],"is_beta":true,"boss_relics":[{"not_picked":["Philosopher\u0027s Stone","Black Star"],"picked":"Fusion Hammer"}],"items_purged_floors":[24],"is_endless":false,"potions_floor_spawned":[1,4,12,14,16,19,22,29],"killed_by":"Automaton","ascension_level":20}