{"gold_per_floor":[114,114,125,2,2,2,15,49,73,73,84,114,4,31,31,107,107,119,119,139,153,173,173,173],"floor_reached":24,"playtime":1999,"items_purged":[],"score":482,"play_id":"406ca02e-9cd9-4528-a89f-bdbac0025665","local_time":"20200803182958","is_ascension_mode":true,"campfire_choices":[{"data":"Noxious Fumes","floor":6,"key":"SMITH"},{"data":"Dash","floor":10,"key":"SMITH"},{"data":"Poisoned Stab","floor":15,"key":"SMITH"},{"floor":23,"key":"REST"}],"neow_cost":"NONE","seed_source_timestamp":662850224246597,"circlet_count":0,"master_deck":["AscendersBane","Strike_G","Strike_G","Strike_G","Strike_G","Strike_G","Defend_G","Defend_G","Defend_G","Defend_G","Defend_G","Survivor","Neutralize+1","Well Laid Plans","Noxious Fumes+1","Dash+1","Dodge and Roll","Poisoned Stab+1","Quick Slash","Glass Knife","Adrenaline","PiercingWail","Backstab"],"relics":["Ring of the Snake","Blood Vial","Lantern","Darkstone Periapt","Akabeko","Sozu"],"potions_floor_usage":[8,8,12,14,14],"damage_taken":[{"damage":0,"enemies":"2 Louse","floor":1,"turns":3},{"damage":0,"enemies":"Jaw Worm","floor":3,"turns":6},{"damage":1,"enemies":"Cultist","floor":7,"turns":4},{"damage":24,"enemies":"Gremlin Nob","floor":8,"turns":5},{"damage":9,"enemies":"Lots of Slimes","floor":11,"turns":5},{"damage":8,"enemies":"Lagavulin","floor":12,"turns":9},{"damage":0,"enemies":"Gremlin Nob","floor":14,"turns":3},{"damage":32,"enemies":"The Guardian","floor":16,"turns":10},{"damage":2,"enemies":"2 Thieves","floor":18,"turns":4},{"damage":16,"enemies":"Spheric Guardian","floor":20,"turns":6},{"damage":10,"enemies":"Centurion and Healer","floor":21,"turns":8},{"damage":9,"enemies":"Sentry and Sphere","floor":22,"turns":7},{"damage":58,"enemies":"Book of Stabbing","floor":24,"turns":5}],"seed_played":"-6863407036920148025","potions_obtained":[{"floor":1,"key":"PowerPotion"},{"floor":5,"key":"Swift Potion"},{"floor":8,"key":"GamblersBrew"},{"floor":11,"key":"Regen Potion"}],"is_trial":false,"path_per_floor":["M","?","M","$","?","R","M","E","T","R","M","E","$","E","R","B",null,"M","?","M","M","M","R","E"],"character_chosen":"THE_SILENT","items_purchased":["Noxious Fumes","Dash","BlessingOfTheForge","Quick Slash"],"campfire_rested":1,"item_purchase_floors":[4,4,13,13],"current_hp_per_floor":[59,59,59,59,59,59,58,34,34,34,27,36,36,38,38,8,52,52,66,50,42,35,54,0],"gold":173,"neow_bonus":"UPGRADE_CARD","is_prod":false,"is_daily":false,"chose_seed":false,"campfire_upgraded":3,"win_rate":0,"timestamp":1596504598,"path_taken":["M","?","M","$","?","R","M","E","T","R","M","E","$","E","R","BOSS","M","?","M","?","M","R","E"],"build_version":"2020-07-30","purchased_purges":0,"victory":false,"max_hp_per_floor":[66,66,66,66,66,66,66,66,66,66,66,66,66,66,66,66,66,66,66,66,66,66,66,66],"card_choices":[{"not_picked":["Calculated Gamble","Underhanded Strike"],"picked":"Well Laid Plans","floor":1},{"not_picked":["Well Laid Plans","Sucker Punch"],"picked":"Escape Plan","floor":3},{"not_picked":["Calculated Gamble","Well Laid Plans"],"picked":"Dodge and Roll","floor":7},{"not_picked":["Bane","Setup","Dodge and Roll"],"picked":"SKIP","floor":8},{"not_picked":["Deflect","Backflip","Blade Dance"],"picked":"SKIP","floor":11},{"not_picked":["Expertise","Phantasmal Killer"],"picked":"Poisoned Stab","floor":12},{"not_picked":["Cloak And Dagger","Choke","Expertise"],"picked":"SKIP","floor":14},{"not_picked":["Venomology","Unload"],"picked":"Glass Knife","floor":16},{"not_picked":["Deflect","Flying Knee","Underhanded Strike"],"picked":"SKIP","floor":18},{"not_picked":["Endless Agony","Calculated Gamble"],"picked":"Adrenaline","floor":20},{"not_picked":["Expertise+1","Cloak And Dagger"],"picked":"PiercingWail","floor":21},{"not_picked":["Deflect+1","Acrobatics"],"picked":"Backstab","floor":22}],"player_experience":2525785,"relics_obtained":[{"floor":8,"key":"Blood Vial"},{"floor":9,"key":"Lantern"},{"floor":12,"key":"Darkstone Periapt"},{"floor":14,"key":"Akabeko"}],"event_choices":[{"damage_healed":0,"gold_gain":0,"player_choice":"Ignored","damage_taken":0,"max_hp_gain":0,"max_hp_loss":0,"event_name":"Liars Game","floor":2,"gold_loss":0},{"damage_healed":0,"gold_gain":0,"player_choice":"Got Potions","damage_taken":0,"max_hp_gain":0,"max_hp_loss":0,"event_name":"Lab","floor":5,"gold_loss":0},{"cards_removed":["Escape Plan"],"damage_healed":14,"gold_gain":0,"player_choice":"Offered Uncommon","damage_taken":0,"max_hp_gain":0,"max_hp_loss":0,"event_name":"Bonfire Elementals","floor":19,"gold_loss":0}],"is_beta":true,"boss_relics":[{"not_picked":["Pandora\u0027s Box","SacredBark"],"picked":"Sozu"}],"items_purged_floors":[],"is_endless":false,"potions_floor_spawned":[1,7,8,11,18,22],"killed_by":"Book of Stabbing","ascension_level":20}