{"gold_per_floor":[111,111,128,140,140,140,156,195,221,52,52,83,83,96,96,96],"floor_reached":16,"playtime":961,"items_purged":[],"score":220,"play_id":"bb4a268f-7759-4c1a-93a1-df62dfb9b10b","local_time":"20200809101248","is_ascension_mode":true,"campfire_choices":[{"data":"Dash","floor":6,"key":"SMITH"},{"data":"Dagger Spray","floor":11,"key":"SMITH"},{"data":"Neutralize","floor":13,"key":"SMITH"},{"data":"Dash","floor":15,"key":"SMITH"}],"neow_cost":"NONE","seed_source_timestamp":915225496302649,"circlet_count":0,"master_deck":["AscendersBane","Strike_G","Strike_G","Strike_G","Strike_G","Strike_G","Defend_G","Defend_G","Defend_G","Defend_G","Defend_G","Survivor","Neutralize+1","Wraith Form v2","Dash+1","Dagger Spray+1","Dash+1","Dagger Spray","PiercingWail"],"relics":["Ring of the Snake","Golden Idol","Pen Nib","Ancient Tea Set","OrangePellets","Tiny Chest"],"potions_floor_usage":[7,8,12,14],"damage_taken":[{"damage":6,"enemies":"Jaw Worm","floor":1,"turns":7},{"damage":0,"enemies":"Small Slimes","floor":3,"turns":4},{"damage":1,"enemies":"Cultist","floor":4,"turns":4},{"damage":0,"enemies":"Red Slaver","floor":7,"turns":4},{"damage":15,"enemies":"3 Sentries","floor":8,"turns":10},{"damage":14,"enemies":"Lagavulin","floor":12,"turns":9},{"damage":4,"enemies":"Exordium Thugs","floor":14,"turns":3},{"damage":21,"enemies":"The Guardian","floor":16,"turns":15}],"seed_played":"9100785665636293998","potions_obtained":[{"floor":1,"key":"Block Potion"},{"floor":3,"key":"FearPotion"},{"floor":8,"key":"Strength Potion"},{"floor":12,"key":"SteroidPotion"}],"is_trial":false,"path_per_floor":["M","?","M","M","?","R","M","E","T","$","R","E","R","M","R","B"],"character_chosen":"THE_SILENT","items_purchased":["OrangePellets"],"campfire_rested":0,"item_purchase_floors":[10],"current_hp_per_floor":[53,53,53,52,52,52,52,37,37,37,37,23,23,19,19,0],"gold":96,"neow_bonus":"ONE_RANDOM_RARE_CARD","is_prod":false,"is_daily":false,"chose_seed":false,"campfire_upgraded":4,"win_rate":0,"timestamp":1596993168,"path_taken":["M","?","M","M","?","R","M","E","T","?","R","E","R","M","R","BOSS"],"build_version":"2020-07-30","purchased_purges":0,"victory":false,"max_hp_per_floor":[66,66,66,66,60,60,60,60,60,60,60,60,60,60,60,60],"card_choices":[{"not_picked":["Blur","Tactician"],"picked":"Dash","floor":1},{"not_picked":["Deadly Poison","Outmaneuver","Setup"],"picked":"SKIP","floor":3},{"not_picked":["Sucker Punch","Bane","Catalyst"],"picked":"SKIP","floor":4},{"not_picked":["Masterful Stab","Cloak And Dagger"],"picked":"Dagger Spray","floor":7},{"not_picked":["Underhanded Strike","Blur"],"picked":"Dash","floor":8},{"not_picked":["Slice","Cloak And Dagger"],"picked":"Dagger Spray","floor":12},{"not_picked":["Acrobatics","Dodge and Roll"],"picked":"PiercingWail","floor":14}],"player_experience":2586767,"relics_obtained":[{"floor":8,"key":"Pen Nib"},{"floor":9,"key":"Ancient Tea Set"},{"floor":12,"key":"Tiny Chest"}],"event_choices":[{"damage_healed":0,"gold_gain":0,"player_choice":"Ignored","damage_taken":0,"max_hp_gain":0,"max_hp_loss":0,"event_name":"Liars Game","floor":2,"gold_loss":0},{"damage_healed":0,"gold_gain":0,"player_choice":"Lose Max HP","damage_taken":0,"relics_obtained":["Golden Idol"],"max_hp_gain":0,"max_hp_loss":6,"event_name":"Golden Idol","floor":5,"gold_loss":0}],"is_beta":true,"boss_relics":[],"items_purged_floors":[],"is_endless":false,"potions_floor_spawned":[1,3,8,12],"killed_by":"The Guardian","ascension_level":20}