{"gold_per_floor":[116,116,116,29,42,42,68,85,112,112,140,11,11,24,24,98,98,117,42,42,62,76,76,95,95,95,95,127,177,212,227,227,227],"floor_reached":33,"playtime":3536,"items_purged":["Strike_G"],"score":566,"play_id":"0f98eb73-6e3f-4f15-bcb7-44a73917a9d5","local_time":"20200808102349","is_ascension_mode":true,"campfire_choices":[{"floor":6,"key":"REST"},{"data":"Dagger Spray","floor":10,"key":"SMITH"},{"data":"Neutralize","floor":13,"key":"SMITH"},{"data":"Footwork","floor":15,"key":"SMITH"},{"floor":23,"key":"REST"},{"floor":25,"key":"REST"},{"floor":27,"key":"RECALL"},{"floor":32,"key":"REST"}],"neow_cost":"TEN_PERCENT_HP_LOSS","seed_source_timestamp":879150284596066,"circlet_count":0,"master_deck":["AscendersBane","Strike_G+1","Strike_G+1","Defend_G","Defend_G","Defend_G","Defend_G","Survivor","Neutralize+1","Flying Knee","Flying Knee","Dagger Spray+1","Terror","Poisoned Stab","Dash","Footwork+1","Footwork","Dash","Wraith Form v2","Skewer+1","Deflect","Backflip","PiercingWail","Backstab","PiercingWail","Adrenaline"],"relics":["Ring of the Snake","Nunchaku","Akabeko","Odd Mushroom","Fusion Hammer","Smiling Mask","Omamori","The Courier"],"potions_floor_usage":[7,16,28,33,33],"damage_taken":[{"damage":2,"enemies":"2 Louse","floor":1,"turns":3},{"damage":7,"enemies":"Small Slimes","floor":5,"turns":3},{"damage":7,"enemies":"Lagavulin","floor":7,"turns":6},{"damage":0,"enemies":"Cultist","floor":8,"turns":3},{"damage":2,"enemies":"The Mushroom Lair","floor":11,"turns":3},{"damage":6,"enemies":"3 Louse","floor":14,"turns":2},{"damage":18,"enemies":"Slime Boss","floor":16,"turns":9},{"damage":2,"enemies":"3 Byrds","floor":18,"turns":5},{"damage":12,"enemies":"Shell Parasite","floor":21,"turns":5},{"damage":6,"enemies":"Shelled Parasite and Fungi","floor":22,"turns":4},{"damage":3,"enemies":"Snake Plant","floor":24,"turns":3},{"damage":18,"enemies":"Gremlin Leader","floor":28,"turns":7},{"damage":12,"enemies":"Slavers","floor":30,"turns":9},{"damage":9,"enemies":"Cultist and Chosen","floor":31,"turns":7},{"damage":43,"enemies":"Champ","floor":33,"turns":17}],"seed_played":"-7037427157970742224","potions_obtained":[{"floor":1,"key":"AttackPotion"},{"floor":8,"key":"Weak Potion"},{"floor":22,"key":"Poison Potion"},{"floor":30,"key":"Weak Potion"}],"is_trial":false,"path_per_floor":["M","?","?","$","M","R","E","M","T","R","?","$","R","M","R","B",null,"M","$","?","M","M","R","M","R","T","R","E","?","E","M","R","B"],"character_chosen":"THE_SILENT","items_purchased":["Flying Knee","Dagger Spray","Footwork","SteroidPotion"],"campfire_rested":4,"item_purchase_floors":[4,4,12,12],"current_hp_per_floor":[57,50,32,32,25,43,36,36,36,36,34,34,34,28,28,10,48,46,46,46,34,28,46,43,60,60,60,42,42,30,21,39,0],"gold":227,"neow_bonus":"REMOVE_TWO","is_prod":false,"is_daily":false,"chose_seed":false,"campfire_upgraded":3,"win_rate":0,"timestamp":1596907429,"path_taken":["M","?","?","$","M","R","E","M","T","R","?","?","R","M","R","BOSS","M","$","?","M","M","R","?","R","T","R","E","?","E","M","R","BOSS"],"build_version":"2020-07-30","purchased_purges":1,"victory":false,"max_hp_per_floor":[60,60,60,60,60,60,60,60,60,60,60,60,60,60,60,60,60,60,60,60,60,60,60,60,60,60,60,60,60,60,60,60,60],"card_choices":[{"not_picked":["Blur","Catalyst"],"picked":"Flying Knee","floor":1},{"not_picked":["Cloak And Dagger","Acrobatics"],"picked":"Terror","floor":5},{"not_picked":["Endless Agony","Tactician"],"picked":"Poisoned Stab","floor":7},{"not_picked":["Sucker Punch","PiercingWail"],"picked":"Dash","floor":8},{"not_picked":["Choke","Accuracy"],"picked":"Footwork","floor":11},{"not_picked":["Underhanded Strike","Slice"],"picked":"Dash","floor":14},{"not_picked":["Burst","A Thousand Cuts"],"picked":"Wraith Form v2","floor":16},{"not_picked":["Heel Hook","Acrobatics"],"picked":"Skewer+1","floor":18},{"not_picked":["Tactician+1","Reflex"],"picked":"Backflip","floor":21},{"not_picked":["Slice","Tactician"],"picked":"PiercingWail","floor":22},{"not_picked":["Concentrate","Deadly Poison"],"picked":"Backstab","floor":24},{"not_picked":["Venomology","Infinite Blades"],"picked":"PiercingWail","floor":28},{"not_picked":["Accuracy","Acrobatics"],"picked":"Adrenaline","floor":30},{"not_picked":["Dagger Spray","Cloak And Dagger","Deadly Poison"],"picked":"SKIP","floor":31}],"player_experience":2562414,"relics_obtained":[{"floor":7,"key":"Nunchaku"},{"floor":9,"key":"Akabeko"},{"floor":11,"key":"Odd Mushroom"},{"floor":26,"key":"Smiling Mask"},{"floor":28,"key":"Omamori"},{"floor":30,"key":"The Courier"}],"event_choices":[{"cards_removed":["Strike_G"],"damage_healed":0,"gold_gain":0,"player_choice":"Card Removal","damage_taken":7,"max_hp_gain":0,"max_hp_loss":0,"event_name":"Golden Wing","floor":2,"gold_loss":0},{"damage_healed":0,"gold_gain":0,"player_choice":"Entered Light","damage_taken":18,"max_hp_gain":0,"max_hp_loss":0,"event_name":"Shining Light","floor":3,"gold_loss":0,"cards_upgraded":["Strike_G","Strike_G"]},{"damage_healed":0,"gold_gain":0,"player_choice":"Fought Mushrooms","damage_taken":0,"max_hp_gain":0,"max_hp_loss":0,"event_name":"Mushrooms","floor":11,"gold_loss":0},{"damage_healed":0,"gold_gain":0,"player_choice":"1 cards matched","damage_taken":0,"max_hp_gain":0,"max_hp_loss":0,"event_name":"Match and Keep!","floor":20,"gold_loss":0,"cards_obtained":["Deflect"]},{"damage_healed":0,"gold_gain":50,"player_choice":"Stole From Cult","damage_taken":0,"max_hp_gain":0,"max_hp_loss":0,"event_name":"Nest","floor":29,"gold_loss":0}],"is_beta":true,"boss_relics":[{"not_picked":["Empty Cage","Ring of the Serpent"],"picked":"Fusion Hammer"}],"items_purged_floors":[19],"is_endless":false,"potions_floor_spawned":[1,8,14,22,24,30],"killed_by":"Champ","ascension_level":20}