{"gold_per_floor":[118,118,128,18,68,68,101,101,125,125,135,162,142],"floor_reached":13,"playtime":538,"items_purged":[],"score":182,"play_id":"e29baee5-37a0-4824-b4b8-fe7ae91d9ab8","local_time":"20201024234108","is_ascension_mode":true,"campfire_choices":[{"data":"Noxious Fumes","floor":6,"key":"SMITH"},{"data":"Crippling Poison","floor":8,"key":"SMITH"},{"floor":10,"key":"REST"}],"neow_cost":"NONE","seed_source_timestamp":857531072745800,"circlet_count":0,"master_deck":["AscendersBane","Strike_G","Strike_G","Strike_G","Strike_G","Strike_G","Defend_G","Defend_G","Defend_G","Defend_G","Defend_G","Survivor","Neutralize","Crippling Poison+1","Dash","Noxious Fumes+1","Dagger Throw","Noxious Fumes"],"relics":["Ring of the Snake","Nunchaku","Ancient Tea Set","The Courier"],"potions_floor_usage":[7,12],"damage_taken":[{"damage":1,"enemies":"2 Louse","floor":1,"turns":3},{"damage":0,"enemies":"Cultist","floor":3,"turns":4},{"damage":28,"enemies":"Lagavulin","floor":7,"turns":9},{"damage":0,"enemies":"Jaw Worm","floor":11,"turns":2},{"damage":41,"enemies":"Gremlin Nob","floor":12,"turns":5},{"damage":4,"enemies":"Exordium Thugs","floor":13,"turns":1}],"seed_played":"-1189736180830220510","potions_obtained":[{"floor":1,"key":"Strength Potion"}],"is_trial":false,"path_per_floor":["M","?","M","$","?","R","E","R","T","R","M","E","M"],"character_chosen":"THE_SILENT","items_purchased":["AttackPotion","Dagger Throw"],"campfire_rested":1,"item_purchase_floors":[4,4],"current_hp_per_floor":[58,58,58,58,52,52,24,24,24,43,43,2,0],"gold":142,"neow_bonus":"THREE_CARDS","is_prod":false,"is_daily":false,"chose_seed":false,"campfire_upgraded":2,"win_rate":0,"timestamp":1603608068,"path_taken":["M","?","M","$","?","R","E","R","T","R","M","E","M"],"build_version":"2020-07-30","purchased_purges":0,"victory":false,"max_hp_per_floor":[66,66,66,66,66,66,66,66,66,66,66,66,66],"card_choices":[{"not_picked":["Sucker Punch","Backflip"],"picked":"Crippling Poison","floor":0},{"not_picked":["Setup","Underhanded Strike"],"picked":"Dash","floor":1},{"not_picked":["Masterful Stab","Eviscerate"],"picked":"Noxious Fumes","floor":3},{"not_picked":["Dodge and Roll","Cloak And Dagger","Phantasmal Killer"],"picked":"SKIP","floor":7},{"not_picked":["Sucker Punch","Outmaneuver"],"picked":"Noxious Fumes","floor":11},{"not_picked":["Cloak And Dagger","Masterful Stab","Setup"],"picked":"SKIP","floor":12}],"player_experience":2604906,"relics_obtained":[{"floor":7,"key":"Nunchaku"},{"floor":9,"key":"Ancient Tea Set"},{"floor":12,"key":"The Courier"}],"event_choices":[{"damage_healed":0,"gold_gain":0,"player_choice":"Leave","damage_taken":0,"max_hp_gain":0,"max_hp_loss":0,"event_name":"The Cleric","floor":2,"gold_loss":0},{"damage_healed":0,"gold_gain":50,"player_choice":"Touch","damage_taken":6,"max_hp_gain":0,"max_hp_loss":0,"event_name":"FaceTrader","floor":5,"gold_loss":0}],"is_beta":true,"boss_relics":[],"items_purged_floors":[],"is_endless":false,"potions_floor_spawned":[1],"killed_by":"Exordium Thugs","ascension_level":20}