{"gold_per_floor":[109,109,109,127,146,146,172,184,244,256,233,245,288,23,23,98,98,75,75,0,0,16,16,16],"floor_reached":24,"playtime":1315,"items_purged":["Strike_G"],"score":400,"play_id":"953bb181-c6e8-45b2-957d-d42d09c81765","local_time":"20201106224459","is_ascension_mode":true,"campfire_choices":[{"data":"Predator","floor":6.0,"key":"SMITH"},{"data":"Footwork","floor":8.0,"key":"SMITH"},{"data":"Neutralize","floor":10.0,"key":"SMITH"},{"floor":12.0,"key":"RECALL"},{"data":"Survivor","floor":15,"key":"SMITH"},{"floor":23,"key":"REST"}],"neow_cost":"NONE","seed_source_timestamp":1980172051223100,"circlet_count":0,"master_deck":["AscendersBane","Defend_G","Defend_G","Defend_G","Defend_G","Defend_G","Survivor+1","Neutralize+1","Predator+1","Footwork+1","Poisoned Stab+1","Dagger Throw+1","Malaise","Well Laid Plans+1","All Out Attack+1","PiercingWail"],"special_seed":0,"relics":["Ring of the Snake","NeowsBlessing","White Beast Statue","MawBank","Smiling Mask","Molten Egg 2","OrangePellets","Astrolabe"],"potions_floor_usage":[18,24,24],"damage_taken":[{"damage":0.0,"enemies":"Cultist","floor":1.0,"turns":1.0},{"damage":0.0,"enemies":"Jaw Worm","floor":4.0,"turns":1.0},{"damage":0.0,"enemies":"Small Slimes","floor":5.0,"turns":1.0},{"damage":32.0,"enemies":"Gremlin Nob","floor":7.0,"turns":4.0},{"damage":14.0,"enemies":"3 Sentries","floor":13.0,"turns":9.0},{"damage":30,"enemies":"The Guardian","floor":16,"turns":10},{"damage":14,"enemies":"2 Thieves","floor":18,"turns":4},{"damage":2,"enemies":"Chosen","floor":22,"turns":5},{"damage":43,"enemies":"Book of Stabbing","floor":24,"turns":7}],"seed_played":"-6511363346486160292","potions_obtained":[{"floor":4.0,"key":"SmokeBomb"},{"floor":5.0,"key":"SpeedPotion"},{"floor":7.0,"key":"SteroidPotion"},{"floor":13.0,"key":"Fruit Juice"},{"floor":16,"key":"Swift Potion"},{"floor":18,"key":"SkillPotion"},{"floor":22,"key":"CultistPotion"}],"is_trial":false,"path_per_floor":["M","$","T","M","M","R","E","R","T","R","?","R","E","$","R","B",null,"M","?","?","?","M","R","E"],"character_chosen":"THE_SILENT","items_purchased":["OrangePellets","Dagger Throw+1"],"campfire_rested":1,"item_purchase_floors":[14,14],"current_hp_per_floor":[59,59,59,59,59,59,27,27,27,27,43,43,29,34,34,4,54,40,20,20,20,18,40,0],"gold":16,"neow_bonus":"THREE_ENEMY_KILL","is_prod":false,"is_daily":false,"chose_seed":false,"campfire_upgraded":4,"win_rate":0,"timestamp":1604731499,"path_taken":["M","?","?","?","M","R","E","R","T","R","?","R","E","$","R","BOSS","M","?","?","?","M","R","E"],"build_version":"2020-07-30","purchased_purges":1,"victory":false,"max_hp_per_floor":[66,66,66,66,66,66,66,66,66,66,66,66,66,71,71,71,71,71,76,76,76,76,76,76],"card_choices":[{"not_picked":["Dodge and Roll","Cloak And Dagger","Acrobatics"],"picked":"SKIP","floor":1.0},{"not_picked":["Flechettes","Heel Hook"],"picked":"Predator","floor":4.0},{"not_picked":["Blade Dance","Prepared","Expertise"],"picked":"SKIP","floor":5.0},{"not_picked":["PiercingWail","Outmaneuver"],"picked":"Footwork","floor":7.0},{"not_picked":["Endless Agony+1","Blade Dance"],"picked":"Poisoned Stab+1","floor":13.0},{"not_picked":["Adrenaline","Envenom"],"picked":"Malaise","floor":16},{"not_picked":["Endless Agony+1","Underhanded Strike+1","Dodge and Roll"],"picked":"SKIP","floor":18},{"not_picked":["Bane+1","Finisher+1"],"picked":"PiercingWail","floor":22}],"player_experience":2674424,"relics_obtained":[{"floor":3.0,"key":"White Beast Statue"},{"floor":7.0,"key":"MawBank"},{"floor":9.0,"key":"Smiling Mask"},{"floor":13.0,"key":"Molten Egg 2"}],"event_choices":[{"damage_healed":16.0,"max_hp_gain":0.0,"max_hp_loss":0.0,"gold_gain":0.0,"event_name":"The Cleric","player_choice":"Healed","floor":11.0,"gold_loss":35.0,"damage_taken":0.0},{"damage_healed":0,"gold_gain":0,"player_choice":"Shed Blood","damage_taken":25,"max_hp_gain":5,"max_hp_loss":0,"event_name":"Forgotten Altar","floor":19,"gold_loss":0},{"cards_removed":["Strike_G"],"damage_healed":0,"gold_gain":0,"player_choice":"Gave Gold","damage_taken":0,"max_hp_gain":0,"max_hp_loss":0,"event_name":"Beggar","floor":20,"gold_loss":75},{"cards_removed":["Infinite Blades"],"damage_healed":0,"gold_gain":0,"player_choice":"Purged","damage_taken":0,"max_hp_gain":0,"max_hp_loss":0,"event_name":"Purifier","floor":21,"gold_loss":0}],"is_beta":true,"boss_relics":[{"not_picked":["HoveringKite","WristBlade"],"picked":"Astrolabe"}],"items_purged_floors":[14],"is_endless":false,"potions_floor_spawned":[4,5,7,13,16,18,22],"killed_by":"Book of Stabbing","ascension_level":20}