{"gold_per_floor":[112,112,131,145,220,250,250,276,276,29,29,42,42,72,72,146,146,159,159,159,178,20,44,56,83,152,152,14,14,14,62,62,133,133,148,161,161,111,128,128,144,144,167,167,184,194,227,46,46,46,46,46,46,17,43,43],"floor_reached":57,"playtime":5457,"items_purged":[],"score":2707,"play_id":"07ffb1a7-f023-4485-8dab-eeda33eca102","local_time":"20201103233442","is_ascension_mode":true,"campfire_choices":[{"data":"Predator","floor":7.0,"key":"SMITH"},{"floor":11.0,"key":"REST"},{"data":"Neutralize","floor":15.0,"key":"SMITH"},{"data":"Wraith Form v2","floor":27.0,"key":"SMITH"},{"data":"Bouncing Flask","floor":30.0,"key":"SMITH"},{"data":"Footwork","floor":32.0,"key":"SMITH"},{"floor":40.0,"key":"RECALL"},{"data":"Footwork","floor":44.0,"key":"SMITH"},{"data":"Well Laid Plans","floor":49.0,"key":"SMITH"},{"data":"Master of Strategy","floor":53.0,"key":"SMITH"}],"neow_cost":"NONE","seed_source_timestamp":1719784384232400,"circlet_count":0,"master_deck":["AscendersBane","Defend_G+1","Defend_G+1","Defend_G+1","Defend_G+1","Defend_G+1","Survivor","Neutralize+1","Predator+1","Deadly Poison+1","Backstab+1","Well Laid Plans+1","Backstab","Terror","Wraith Form v2+1","Catalyst+1","Bite","Bite","Bite","Bite","Bite+1","Dagger Spray+1","Footwork+1","PiercingWail","Footwork+1","Dodge and Roll","Bouncing Flask+1","Dodge and Roll","Venomology","Master of Strategy+1","PiercingWail","Dodge and Roll","Finesse","Deflect","Wraith Form v2"],"special_seed":0,"relics":["Ring of the Snake","Toy Ornithopter","Question Card","Tiny Chest","OrangePellets","Centennial Puzzle","SlaversCollar","Meat on the Bone","Omamori","Snake Skull","Singing Bowl","Potion Belt","Busted Crown","Blood Vial","Thread and Needle","Anchor"],"potions_floor_usage":[56,56,56,56,56],"damage_taken":[{"damage":4.0,"enemies":"Small Slimes","floor":1.0,"turns":5.0},{"damage":1.0,"enemies":"Cultist","floor":3.0,"turns":4.0},{"damage":3.0,"enemies":"Jaw Worm","floor":4.0,"turns":4.0},{"damage":6.0,"enemies":"Gremlin Nob","floor":6.0,"turns":3.0},{"damage":35.0,"enemies":"3 Sentries","floor":8.0,"turns":8.0},{"damage":4.0,"enemies":"Red Slaver","floor":12.0,"turns":3.0},{"damage":0.0,"enemies":"Gremlin Nob","floor":14.0,"turns":3.0},{"damage":14.0,"enemies":"Hexaghost","floor":16.0,"turns":8.0},{"damage":28.0,"enemies":"3 Byrds","floor":18.0,"turns":6.0},{"damage":1.0,"enemies":"Chosen","floor":21.0,"turns":5.0},{"damage":21.0,"enemies":"Snake Plant","floor":24.0,"turns":5.0},{"damage":9.0,"enemies":"Gremlin Leader","floor":25.0,"turns":5.0},{"damage":41.0,"enemies":"Collector","floor":33.0,"turns":10.0},{"damage":3.0,"enemies":"3 Shapes","floor":35.0,"turns":4.0},{"damage":5.0,"enemies":"Orb Walker","floor":36.0,"turns":3.0},{"damage":19.0,"enemies":"Writhing Mass","floor":39.0,"turns":5.0},{"damage":4.0,"enemies":"Maw","floor":41.0,"turns":6.0},{"damage":8.0,"enemies":"Jaw Worm Horde","floor":45.0,"turns":4.0},{"damage":8.0,"enemies":"Spire Growth","floor":46.0,"turns":5.0},{"damage":4.0,"enemies":"Reptomancer","floor":47.0,"turns":6.0},{"damage":6.0,"enemies":"Time Eater","floor":50.0,"turns":8.0},{"damage":47.0,"enemies":"Donu and Deca","floor":51.0,"turns":16.0},{"damage":21,"enemies":"Shield and Spear","floor":55,"turns":11},{"damage":43,"enemies":"The Heart","floor":56,"turns":12}],"seed_played":"223435056503151524","potions_obtained":[{"floor":0.0,"key":"PowerPotion"},{"floor":0.0,"key":"ColorlessPotion"},{"floor":2.0,"key":"CunningPotion"},{"floor":6.0,"key":"CultistPotion"},{"floor":8.0,"key":"SkillPotion"},{"floor":12.0,"key":"SkillPotion"},{"floor":21.0,"key":"GamblersBrew"},{"floor":33.0,"key":"Fire Potion"},{"floor":36.0,"key":"Energy Potion"},{"floor":39.0,"key":"ColorlessPotion"},{"floor":45.0,"key":"Poison Potion"}],"is_trial":false,"path_per_floor":["M","?","M","M","?","E","R","E","T","$","R","M","?","E","R","B",null,"M","T","?","M","$","T","M","E","T","R","$","?","R","T","R","B",null,"M","M","?","?","M","R","M","T","T","R","M","M","E","$","R","B","B",null,"R","$","E","B",null],"character_chosen":"THE_SILENT","items_purchased":["OrangePellets","Well Laid Plans","Footwork","PiercingWail","BlessingOfTheForge","Bouncing Flask","Dodge and Roll","Finesse","DuplicationPotion","Deflect"],"campfire_rested":1,"item_purchase_floors":[10,10,22,22,22,28,28,48,48,54],"current_hp_per_floor":[55,55,54,51,40,34,34,4,4,4,23,19,19,24,24,15,53,25,25,25,36,36,36,35,46,46,46,46,46,46,46,46,31,42,47,48,42,42,40,40,56,56,56,56,56,58,60,60,60,60,60,60,60,60,60,46],"gold":43,"neow_bonus":"THREE_SMALL_POTIONS","is_prod":false,"is_daily":false,"chose_seed":false,"campfire_upgraded":8,"win_rate":0,"timestamp":1604475282,"path_taken":["M","?","?","M","?","E","R","E","T","$","R","M","?","E","R","BOSS","M","?","?","M","$","?","?","E","T","R","?","?","R","?","R","BOSS","M","M","?","?","?","R","M","?","T","R","M","M","E","?","R","BOSS","BOSS","R","$","E","BOSS"],"build_version":"2020-07-30","purchased_purges":0,"victory":true,"max_hp_per_floor":[66,66,66,66,66,66,66,66,66,66,66,66,66,66,66,66,66,66,66,46,46,46,46,46,46,46,46,46,46,46,46,46,46,46,48,50,54,54,56,56,56,56,56,56,56,58,60,60,60,60,60,60,60,60,60,60],"card_choices":[{"not_picked":["Backflip","Bane","Calculated Gamble"],"picked":"SKIP","floor":1.0},{"not_picked":["Dagger Throw","Choke"],"picked":"Predator","floor":3.0},{"not_picked":["Blade Dance","Outmaneuver","Backflip"],"picked":"SKIP","floor":4.0},{"not_picked":["Blade Dance","Deflect"],"picked":"Deadly Poison","floor":6.0},{"not_picked":["Dodge and Roll","Crippling Poison"],"picked":"Backstab","floor":8.0},{"not_picked":["Sucker Punch","Cloak And Dagger","Bullet Time"],"picked":"Backstab","floor":12.0},{"not_picked":["Concentrate","Choke","Slice"],"picked":"Terror","floor":14.0},{"not_picked":["Envenom","After Image","Unload"],"picked":"Wraith Form v2","floor":16.0},{"not_picked":["Deadly Poison","Reflex","Well Laid Plans"],"picked":"Catalyst+1","floor":18.0},{"not_picked":["Sucker Punch","Concentrate+1","Poisoned Stab"],"picked":"Dagger Spray+1","floor":21.0},{"not_picked":["Deadly Poison","Quick Slash","Flechettes"],"picked":"Footwork","floor":24.0},{"not_picked":["Calculated Gamble","Riddle With Holes+1","Tactician"],"picked":"Dodge and Roll","floor":25.0},{"not_picked":["After Image","Doppelganger","Die Die Die"],"picked":"Venomology","floor":33.0},{"not_picked":["Deadly Poison","Underhanded Strike"],"picked":"Singing Bowl","floor":35.0},{"not_picked":["Blade Dance","Flechettes"],"picked":"Singing Bowl","floor":36.0},{"not_picked":["Secret Technique"],"picked":"Master of Strategy","floor":37.0},{"not_picked":["PanicButton","Madness"],"picked":"Singing Bowl","floor":37.0},{"not_picked":["The Bomb","Transmutation"],"picked":"Singing Bowl","floor":37.0},{"not_picked":["Caltrops","Blade Dance"],"picked":"Singing Bowl","floor":39.0},{"not_picked":["Bane"],"picked":"PiercingWail","floor":41.0},{"not_picked":["Prepared+1"],"picked":"Dodge and Roll","floor":45.0},{"not_picked":["Well Laid Plans","Skewer"],"picked":"Singing Bowl","floor":46.0},{"not_picked":["Dagger Spray","Choke"],"picked":"Singing Bowl","floor":47.0},{"not_picked":["Bane"],"picked":"Wraith Form v2","floor":55}],"player_experience":2639014,"relics_obtained":[{"floor":6.0,"key":"Toy Ornithopter"},{"floor":8.0,"key":"Question Card"},{"floor":9.0,"key":"Tiny Chest"},{"floor":14.0,"key":"Centennial Puzzle"},{"floor":19.0,"key":"Meat on the Bone"},{"floor":23.0,"key":"Omamori"},{"floor":25.0,"key":"Snake Skull"},{"floor":26.0,"key":"Singing Bowl"},{"floor":31.0,"key":"Potion Belt"},{"floor":43.0,"key":"Blood Vial"},{"floor":47.0,"key":"Thread and Needle"},{"floor":55,"key":"Anchor"}],"event_choices":[{"damage_healed":0.0,"max_hp_gain":0.0,"max_hp_loss":0.0,"gold_gain":0.0,"event_name":"Lab","player_choice":"Got Potions","floor":2.0,"gold_loss":0.0,"damage_taken":0.0},{"damage_healed":0.0,"max_hp_gain":0.0,"max_hp_loss":0.0,"gold_gain":75.0,"event_name":"World of Goop","player_choice":"Gather Gold","floor":5.0,"gold_loss":0.0,"damage_taken":11.0},{"damage_healed":0.0,"max_hp_gain":0.0,"max_hp_loss":0.0,"gold_gain":0.0,"event_name":"Upgrade Shrine","player_choice":"Upgraded","floor":13.0,"gold_loss":0.0,"damage_taken":0.0,"cards_upgraded":["Deadly Poison"]},{"damage_healed":0.0,"max_hp_gain":0.0,"max_hp_loss":20.0,"gold_gain":0.0,"event_name":"Vampires","player_choice":"Became a vampire","floor":20.0,"gold_loss":0.0,"damage_taken":0.0,"cards_obtained":["Bite","Bite","Bite","Bite","Bite"]},{"damage_healed":0.0,"max_hp_gain":0.0,"max_hp_loss":0.0,"gold_gain":0.0,"event_name":"Back to Basics","player_choice":"Simplicity","floor":29.0,"gold_loss":0.0,"damage_taken":0.0,"cards_upgraded":["Defend_G","Defend_G","Defend_G","Defend_G","Defend_G"]},{"damage_healed":0.0,"max_hp_gain":0.0,"max_hp_loss":0.0,"gold_gain":0.0,"event_name":"SensoryStone","player_choice":"Memory 3","floor":37.0,"gold_loss":0.0,"damage_taken":10.0},{"damage_healed":0.0,"max_hp_gain":0.0,"max_hp_loss":0.0,"gold_gain":0.0,"event_name":"Designer","player_choice":"Upgraded Two","floor":38.0,"gold_loss":50.0,"damage_taken":0.0,"cards_upgraded":["Bite","Backstab"]}],"is_beta":true,"boss_relics":[{"not_picked":["Calling Bell","Tiny House"],"picked":"SlaversCollar"},{"not_picked":["Pandora\u0027s Box","Sozu"],"picked":"Busted Crown"}],"items_purged_floors":[],"is_endless":false,"potions_floor_spawned":[4,6,8,12,21,33,36,39,45],"ascension_level":20}