{"gold_per_floor":[119,119,119,131,149,149,178,247,273,77,77,105,105,123,123,123],"floor_reached":16,"playtime":1063,"items_purged":[],"score":216,"play_id":"fde7bd8a-53bf-4173-ae9f-e97c2986e580","local_time":"20201108095840","is_ascension_mode":true,"campfire_choices":[{"data":"Dash","floor":6,"key":"SMITH"},{"data":"Flying Knee","floor":11,"key":"SMITH"},{"data":"Cloak And Dagger","floor":13,"key":"SMITH"},{"data":"Cloak And Dagger","floor":15,"key":"SMITH"}],"neow_cost":"NONE","seed_source_timestamp":2107269551788600,"circlet_count":0,"master_deck":["AscendersBane","Strike_G","Strike_G","Strike_G","Strike_G","Strike_G","Defend_G","Defend_G","Defend_G","Defend_G","Defend_G","Survivor","Neutralize+1","Flying Knee+1","Well Laid Plans","Dash+1","Cloak And Dagger+1","Cloak And Dagger+1"],"relics":["Ring of the Snake","Bag of Preparation","Potion Belt","Bronze Scales"],"potions_floor_usage":[7,12,16,16],"damage_taken":[{"damage":3,"enemies":"Cultist","floor":1,"turns":4},{"damage":1,"enemies":"Small Slimes","floor":4,"turns":4},{"damage":0,"enemies":"2 Louse","floor":5,"turns":3},{"damage":35,"enemies":"Gremlin Nob","floor":7,"turns":5},{"damage":11,"enemies":"Lagavulin","floor":12,"turns":7},{"damage":0,"enemies":"Blue Slaver","floor":14,"turns":4},{"damage":27,"enemies":"Slime Boss","floor":16,"turns":6}],"seed_played":"-9099104631706757632","potions_obtained":[{"floor":1,"key":"Regen Potion"},{"floor":4,"key":"AttackPotion"},{"floor":12,"key":"Energy Potion"}],"is_trial":false,"path_per_floor":["M","?","?","M","M","R","E","?","T","$","R","E","R","M","R","B"],"character_chosen":"THE_SILENT","items_purchased":["CultistPotion","DuplicationPotion"],"campfire_rested":0,"item_purchase_floors":[10,10],"current_hp_per_floor":[56,56,56,55,55,55,20,20,20,20,20,24,24,24,24,0],"gold":123,"neow_bonus":"UPGRADE_CARD","is_prod":false,"is_daily":false,"chose_seed":false,"campfire_upgraded":4,"win_rate":0,"timestamp":1604858320,"path_taken":["M","?","?","M","M","R","E","?","T","?","R","E","R","M","R","BOSS"],"build_version":"2020-07-30","purchased_purges":0,"victory":false,"max_hp_per_floor":[66,66,66,66,66,66,66,66,66,66,66,66,66,66,66,66],"card_choices":[{"not_picked":["Escape Plan","Calculated Gamble"],"picked":"Flying Knee","floor":1},{"not_picked":["Outmaneuver","Blade Dance"],"picked":"Well Laid Plans","floor":4},{"not_picked":["Terror","Catalyst"],"picked":"Dash","floor":5},{"not_picked":["Finisher","Endless Agony","Concentrate"],"picked":"SKIP","floor":7},{"not_picked":["Slice","Backflip"],"picked":"Cloak And Dagger","floor":12},{"not_picked":["Setup","Slice"],"picked":"Cloak And Dagger","floor":14}],"player_experience":2707489,"relics_obtained":[{"floor":7,"key":"Bag of Preparation"},{"floor":9,"key":"Potion Belt"},{"floor":12,"key":"Bronze Scales"}],"event_choices":[{"damage_healed":0,"gold_gain":0,"player_choice":"Leave","damage_taken":0,"max_hp_gain":0,"max_hp_loss":0,"event_name":"The Cleric","floor":2,"gold_loss":0},{"damage_healed":0,"gold_gain":0,"player_choice":"Ignored","damage_taken":0,"max_hp_gain":0,"max_hp_loss":0,"event_name":"Liars Game","floor":3,"gold_loss":0},{"damage_healed":0,"gold_gain":69,"player_choice":"Gained Gold","damage_taken":0,"max_hp_gain":0,"max_hp_loss":0,"event_name":"Golden Wing","floor":8,"gold_loss":0}],"is_beta":true,"boss_relics":[],"items_purged_floors":[],"is_endless":false,"potions_floor_spawned":[1,4,12],"killed_by":"Slime Boss","ascension_level":20}