{"gold_per_floor":[112,92,109,109,126,159,172,52,52,52,52,70,70],"floor_reached":13,"playtime":529,"items_purged":[],"score":170,"play_id":"493935e3-8206-4e4f-a202-7decf7885a1d","local_time":"20201102155424","is_ascension_mode":true,"campfire_choices":[{"floor":10,"key":"REST"}],"neow_cost":"NONE","seed_source_timestamp":1610741385120000,"circlet_count":0,"master_deck":["AscendersBane","Strike_G","Strike_G","Strike_G","Strike_G+1","Strike_G","Defend_G","Defend_G","Defend_G","Defend_G","Survivor","Neutralize","Quick Slash","Leg Sweep+1","Noxious Fumes","Flying Knee","Footwork","Backstab","All Out Attack"],"relics":["Ring of the Snake","NeowsBlessing","Shuriken","White Beast Statue"],"potions_floor_usage":[6,6,12],"damage_taken":[{"damage":0,"enemies":"2 Louse","floor":1,"turns":1},{"damage":0,"enemies":"Cultist","floor":3,"turns":1},{"damage":0,"enemies":"Small Slimes","floor":5,"turns":1},{"damage":29,"enemies":"Lagavulin","floor":6,"turns":11},{"damage":20,"enemies":"Gremlin Gang","floor":7,"turns":6},{"damage":13,"enemies":"Large Slime","floor":12,"turns":6},{"damage":24,"enemies":"Gremlin Nob","floor":13,"turns":3}],"seed_played":"5684611343959730416","potions_obtained":[{"floor":1,"key":"Regen Potion"},{"floor":2,"key":"PowerPotion"},{"floor":7,"key":"Fire Potion"},{"floor":12,"key":"Ancient Potion"}],"is_trial":false,"path_per_floor":["M","?","M","?","M","E","M","$","T","R","?","M","E"],"character_chosen":"THE_SILENT","items_purchased":["Footwork","Backstab"],"campfire_rested":1,"item_purchase_floors":[8,8],"current_hp_per_floor":[59,59,59,59,59,43,23,23,23,42,22,9,0],"gold":70,"neow_bonus":"THREE_ENEMY_KILL","is_prod":false,"is_daily":false,"chose_seed":false,"campfire_upgraded":0,"win_rate":0,"timestamp":1604361264,"path_taken":["M","?","?","?","?","E","M","$","T","R","?","M","E"],"build_version":"2020-07-30","purchased_purges":0,"victory":false,"max_hp_per_floor":[66,66,66,66,66,66,66,66,66,66,66,66,66],"card_choices":[{"not_picked":["Footwork","Infinite Blades"],"picked":"Quick Slash","floor":1},{"not_picked":["Dodge and Roll","Escape Plan","Blade Dance"],"picked":"SKIP","floor":3},{"not_picked":["Acrobatics","Sucker Punch"],"picked":"Leg Sweep","floor":5},{"not_picked":["Choke","Flying Knee"],"picked":"Noxious Fumes","floor":6},{"not_picked":["Quick Slash","Deflect"],"picked":"Flying Knee","floor":7},{"not_picked":["Accuracy","Finisher"],"picked":"All Out Attack","floor":12}],"player_experience":2630738,"relics_obtained":[{"floor":6,"key":"Shuriken"},{"floor":9,"key":"White Beast Statue"}],"event_choices":[{"damage_healed":0,"gold_gain":0,"player_choice":"Bought 1 Potion","damage_taken":0,"max_hp_gain":0,"max_hp_loss":0,"event_name":"The Woman in Blue","floor":2,"gold_loss":0},{"cards_removed":["Defend_G"],"damage_healed":0,"gold_gain":0,"player_choice":"Purged","damage_taken":0,"max_hp_gain":0,"max_hp_loss":0,"event_name":"Purifier","floor":4,"gold_loss":0},{"damage_healed":0,"gold_gain":0,"player_choice":"Entered Light","damage_taken":20,"max_hp_gain":0,"max_hp_loss":0,"event_name":"Shining Light","floor":11,"gold_loss":0,"cards_upgraded":["Strike_G","Leg Sweep"]}],"is_beta":true,"boss_relics":[],"items_purged_floors":[],"is_endless":false,"potions_floor_spawned":[1,7,12],"killed_by":"Gremlin Nob","ascension_level":20}