{"gold_per_floor":[118,129,129,129,142,142,169,179,179,179,206,206,206,225,225,296,296,311,322,25,41,41,41,72,83,109,21,21,21,21,121,121,200,200,218,228,17,17,17,50,50,83,83,101,121,156,156,175,175,175,175,175,175,40,67,67],"floor_reached":57,"playtime":4850,"items_purged":["Strike_G","Strike_G+1"],"score":2836,"play_id":"d3766c46-ec57-4607-8daf-1e0ac0fbd81c","local_time":"20201109150513","is_ascension_mode":true,"campfire_choices":[{"data":"Dagger Spray","floor":6.0,"key":"SMITH"},{"floor":10,"key":"REST"},{"floor":15,"key":"REST"},{"floor":23,"key":"REST"},{"floor":28,"key":"REST"},{"floor":30,"key":"REST"},{"floor":32,"key":"REST"},{"floor":41,"key":"REST"},{"floor":49,"key":"RECALL"},{"floor":53,"key":"REST"}],"neow_cost":"NONE","seed_source_timestamp":2208033772870400,"circlet_count":0,"master_deck":["AscendersBane","Strike_G+1","Strike_G+1","Defend_G+1","Defend_G+1","Defend_G+1","Defend_G+1","Defend_G+1","Survivor+1","Neutralize+1","PiercingWail+1","Dagger Spray+1","Infinite Blades+1","Bouncing Flask+1","Well Laid Plans+1","Poisoned Stab+1","Bouncing Flask+1","A Thousand Cuts+1","Riddle With Holes+1","Night Terror+1","Footwork+1","Catalyst+1","After Image+1","PiercingWail+1","Flash of Steel+1","Leg Sweep+1","Footwork","Noxious Fumes"],"special_seed":0,"relics":["Ring of the Snake","Nunchaku","Lizard Tail","Mummified Hand","PreservedInsect","Sundial","Fusion Hammer","OrangePellets","Akabeko","Pen Nib","Nilry\u0027s Codex","Du-Vu Doll","HornCleat","Black Star","Calipers","Bottled Lightning","CaptainsWheel","Ginger","Thread and Needle","The Specimen","Mark of the Bloom","TungstenRod","Snake Skull"],"potions_floor_usage":[7,19,24,33,36,42,50,56,56],"damage_taken":[{"damage":4.0,"enemies":"Jaw Worm","floor":1.0,"turns":7.0},{"damage":2.0,"enemies":"Small Slimes","floor":2.0,"turns":7.0},{"damage":8.0,"enemies":"Cultist","floor":5.0,"turns":4.0},{"damage":22,"enemies":"Gremlin Nob","floor":7,"turns":4},{"damage":14,"enemies":"Exordium Wildlife","floor":8,"turns":7},{"damage":26,"enemies":"3 Sentries","floor":11,"turns":8},{"damage":5,"enemies":"Blue Slaver","floor":14,"turns":3},{"damage":27,"enemies":"The Guardian","floor":16,"turns":11},{"damage":19,"enemies":"Spheric Guardian","floor":18,"turns":4},{"damage":20,"enemies":"2 Thieves","floor":19,"turns":4},{"damage":13,"enemies":"Centurion and Healer","floor":21,"turns":6},{"damage":13,"enemies":"Book of Stabbing","floor":24,"turns":4},{"damage":12,"enemies":"Snake Plant","floor":25,"turns":4},{"damage":19,"enemies":"Colosseum Slavers","floor":31,"turns":5},{"damage":0,"enemies":"Colosseum Nobs","floor":31,"turns":2},{"damage":24,"enemies":"Automaton","floor":33,"turns":8},{"damage":4,"enemies":"Orb Walker","floor":35,"turns":3},{"damage":11,"enemies":"3 Shapes","floor":36,"turns":8},{"damage":23,"enemies":"Nemesis","floor":40,"turns":5},{"damage":8,"enemies":"Giant Head","floor":42,"turns":9},{"damage":16,"enemies":"Maw","floor":44,"turns":5},{"damage":1,"enemies":"3 Darklings","floor":45,"turns":2},{"damage":26,"enemies":"Nemesis","floor":46,"turns":7},{"damage":0,"enemies":"Transient","floor":48,"turns":6},{"damage":11,"enemies":"Awakened One","floor":50,"turns":11},{"damage":16,"enemies":"Donu and Deca","floor":51,"turns":8},{"damage":0,"enemies":"Shield and Spear","floor":55,"turns":7},{"damage":0,"enemies":"The Heart","floor":56,"turns":9}],"seed_played":"500883431539241656","potions_obtained":[{"floor":1.0,"key":"SkillPotion"},{"floor":5.0,"key":"SmokeBomb"},{"floor":18,"key":"Poison Potion"},{"floor":25,"key":"CultistPotion"},{"floor":35,"key":"GamblersBrew"},{"floor":45,"key":"CultistPotion"},{"floor":55,"key":"Regen Potion"}],"is_trial":false,"path_per_floor":["M","M","?","?","M","R","E","M","T","R","E","T","?","M","R","B",null,"M","M","$","M","?","R","E","M","T","$","R","?","R","?","R","B",null,"M","M","$","?","?","E","R","E","T","M","M","E","?","M","R","B","B",null,"R","$","E","B",null],"character_chosen":"THE_SILENT","items_purchased":["OrangePellets","Weak Potion","Footwork","Poison Potion","Dexterity Potion","Footwork","Swift Potion"],"campfire_rested":8,"item_purchase_floors":[20,20,27,37,37,54,54],"current_hp_per_floor":[61,59,54,59,51,51,29,15,15,38,12,12,12,7,30,3,59,40,20,20,7,7,30,17,5,5,5,28,7,30,11,34,10,60,56,45,45,45,45,22,45,37,37,21,20,38,38,38,38,27,11,11,11,11,11,11],"gold":67,"neow_bonus":"TEN_PERCENT_HP_BONUS","is_prod":false,"is_daily":false,"chose_seed":false,"campfire_upgraded":1,"win_rate":0,"timestamp":1604963113,"path_taken":["M","M","?","?","M","R","E","M","T","R","E","?","?","M","R","BOSS","M","M","$","M","?","R","E","M","T","$","R","?","R","?","R","BOSS","M","M","$","?","?","E","R","E","T","?","M","E","?","M","R","BOSS","BOSS","R","$","E","BOSS"],"build_version":"2020-07-30","purchased_purges":2,"victory":true,"max_hp_per_floor":[72,72,72,77,77,77,77,77,77,77,77,77,77,77,77,77,77,77,77,77,77,77,77,77,77,77,77,77,77,77,77,77,77,77,77,77,77,77,77,77,77,77,77,77,77,77,77,77,77,77,77,77,77,77,77,77],"relic_stats":{"Mark of the Bloom":88,"counters":[28,168],"PreservedInsect":387,"Pen Nib":[15],"Snake Skull":[20],"Ginger":[7],"OrangePellets":[9],"Nunchaku":[27],"Lizard Tail":38,"Mummified Hand":[146],"Sundial":[14],"Black Star":4,"obtain_stats":[{"Mark of the Bloom":47,"Calipers":40,"The Specimen":46,"Nilry\u0027s Codex":29,"Thread and Needle":46,"PreservedInsect":11,"Pen Nib":26,"Snake Skull":55,"Ginger":42,"Akabeko":24,"Du-Vu Doll":31,"OrangePellets":20,"Nunchaku":3,"Lizard Tail":7,"CaptainsWheel":42,"HornCleat":31,"Mummified Hand":9,"Sundial":12,"Fusion Hammer":17,"Black Star":34,"Bottled Lightning":40,"TungstenRod":55,"Ring of the Snake":0},{"Mark of the Bloom":23,"Calipers":19,"The Specimen":23,"Nilry\u0027s Codex":13,"Thread and Needle":23,"PreservedInsect":6,"Pen Nib":13,"Snake Skull":27,"Ginger":20,"Akabeko":12,"Du-Vu Doll":15,"OrangePellets":10,"Nunchaku":2,"Lizard Tail":4,"CaptainsWheel":20,"HornCleat":15,"Mummified Hand":5,"Sundial":6,"Fusion Hammer":8,"Black Star":16,"Bottled Lightning":19,"TungstenRod":27,"Ring of the Snake":0},{"Mark of the Bloom":127,"Calipers":104,"The Specimen":127,"Nilry\u0027s Codex":73,"Thread and Needle":127,"PreservedInsect":37,"Pen Nib":73,"Snake Skull":159,"Ginger":113,"Akabeko":69,"Du-Vu Doll":80,"OrangePellets":59,"Nunchaku":14,"Lizard Tail":22,"CaptainsWheel":113,"HornCleat":80,"Mummified Hand":29,"Sundial":37,"Fusion Hammer":51,"Black Star":88,"Bottled Lightning":104,"TungstenRod":159,"Ring of the Snake":0}],"TungstenRod":0,"Ring of the Snake":[56]},"card_choices":[{"not_picked":["Calculated Gamble","Dodge and Roll"],"picked":"PiercingWail","floor":1.0},{"not_picked":["Blade Dance","Underhanded Strike"],"picked":"Dagger Spray","floor":2.0},{"not_picked":["Backflip","Dodge and Roll"],"picked":"Infinite Blades","floor":5.0},{"not_picked":["Night Terror","Quick Slash"],"picked":"Bouncing Flask","floor":7},{"not_picked":["Dagger Throw","Flechettes"],"picked":"Well Laid Plans","floor":8},{"not_picked":["Dodge and Roll","Cloak And Dagger"],"picked":"Poisoned Stab","floor":11},{"not_picked":["Flying Knee","Calculated Gamble","Poisoned Stab"],"picked":"SKIP","floor":14},{"not_picked":["Unload","Storm of Steel"],"picked":"A Thousand Cuts","floor":16},{"not_picked":["Expertise","Calculated Gamble","Dagger Spray"],"picked":"SKIP","floor":18},{"not_picked":["Acrobatics","Outmaneuver","Caltrops"],"picked":"SKIP","floor":19},{"not_picked":["Deadly Poison","Quick Slash"],"picked":"Riddle With Holes+1","floor":21},{"not_picked":["Bouncing Flask","Eviscerate"],"picked":"Night Terror","floor":24},{"not_picked":["Acrobatics","Predator","Underhanded Strike+1"],"picked":"SKIP","floor":25},{"not_picked":["Bane","Dagger Spray"],"picked":"Catalyst","floor":31},{"not_picked":["Grand Finale","Bullet Time"],"picked":"After Image","floor":33},{"not_picked":["Calculated Gamble","Dagger Throw+1","Riddle With Holes"],"picked":"SKIP","floor":35},{"not_picked":["Dodge and Roll","Poisoned Stab"],"picked":"PiercingWail","floor":36},{"not_picked":["Deep Breath","Secret Weapon"],"picked":"Flash of Steel","floor":38},{"not_picked":["Poisoned Stab","Slice","Deflect"],"picked":"SKIP","floor":40},{"not_picked":["Terror","Choke","Poisoned Stab"],"picked":"SKIP","floor":42},{"not_picked":["Tactician","Finisher+1","Quick Slash"],"picked":"SKIP","floor":44},{"not_picked":["Accuracy","Blade Dance"],"picked":"Leg Sweep+1","floor":45},{"not_picked":["Eviscerate","Poisoned Stab","Slice"],"picked":"SKIP","floor":46},{"not_picked":["Concentrate","Deflect","Slice"],"picked":"SKIP","floor":48},{"not_picked":["Sucker Punch","Distraction"],"picked":"Noxious Fumes","floor":55}],"player_experience":2738096,"relics_obtained":[{"floor":7,"key":"Lizard Tail"},{"floor":9,"key":"Mummified Hand"},{"floor":11,"key":"PreservedInsect"},{"floor":12,"key":"Sundial"},{"floor":24,"key":"Akabeko"},{"floor":26,"key":"Pen Nib"},{"floor":29,"key":"Nilry\u0027s Codex"},{"floor":31,"key":"Du-Vu Doll"},{"floor":31,"key":"HornCleat"},{"floor":40,"key":"Calipers"},{"floor":40,"key":"Bottled Lightning"},{"floor":42,"key":"CaptainsWheel"},{"floor":42,"key":"Ginger"},{"floor":46,"key":"Thread and Needle"},{"floor":46,"key":"The Specimen"},{"floor":55,"key":"TungstenRod"},{"floor":55,"key":"Snake Skull"}],"event_choices":[{"damage_healed":0.0,"max_hp_gain":0.0,"max_hp_loss":0.0,"gold_gain":0.0,"event_name":"Scrap Ooze","player_choice":"Success","floor":3.0,"gold_loss":0.0,"damage_taken":5.0,"relics_obtained":["Nunchaku"]},{"damage_healed":0.0,"max_hp_gain":5.0,"max_hp_loss":0.0,"gold_gain":0.0,"event_name":"Big Fish","player_choice":"Donut","floor":4.0,"gold_loss":0.0,"damage_taken":0.0},{"damage_healed":0,"gold_gain":0,"player_choice":"1 cards matched","damage_taken":0,"max_hp_gain":0,"max_hp_loss":0,"event_name":"Match and Keep!","floor":13,"gold_loss":0,"cards_obtained":["Bouncing Flask"]},{"damage_healed":0,"gold_gain":0,"player_choice":"Simplicity","damage_taken":0,"max_hp_gain":0,"max_hp_loss":0,"event_name":"Back to Basics","floor":22,"gold_loss":0,"cards_upgraded":["Strike_G","Strike_G","Strike_G","Strike_G","Defend_G","Defend_G","Defend_G","Defend_G","Defend_G"]},{"damage_healed":0,"gold_gain":0,"player_choice":"Obtained Book","damage_taken":21,"max_hp_gain":0,"max_hp_loss":0,"event_name":"Cursed Tome","floor":29,"gold_loss":0},{"damage_healed":0,"gold_gain":0,"player_choice":"Fight","damage_taken":0,"max_hp_gain":0,"max_hp_loss":0,"event_name":"Colosseum","floor":31,"gold_loss":0},{"damage_healed":0,"gold_gain":0,"player_choice":"Fought Nobs","damage_taken":0,"max_hp_gain":0,"max_hp_loss":0,"event_name":"Colosseum","floor":31,"gold_loss":0},{"damage_healed":0,"gold_gain":0,"player_choice":"Memory 1","damage_taken":0,"max_hp_gain":0,"max_hp_loss":0,"event_name":"SensoryStone","floor":38,"gold_loss":0},{"cards_removed":["Strike_G"],"damage_healed":0,"gold_gain":0,"player_choice":"Purged","damage_taken":0,"max_hp_gain":0,"max_hp_loss":0,"event_name":"Purifier","floor":39,"gold_loss":0},{"damage_healed":0,"gold_gain":0,"player_choice":"Upgrade","damage_taken":0,"relics_obtained":["Mark of the Bloom"],"max_hp_gain":0,"max_hp_loss":0,"event_name":"MindBloom","floor":47,"gold_loss":0,"cards_upgraded":["Survivor","Neutralize","PiercingWail","Infinite Blades","Bouncing Flask","Well Laid Plans","Poisoned Stab","Bouncing Flask","A Thousand Cuts","Night Terror","Footwork","Catalyst","After Image","PiercingWail","Flash of Steel"]}],"is_beta":true,"boss_relics":[{"not_picked":["HoveringKite","Empty Cage"],"picked":"Fusion Hammer"},{"not_picked":["SlaversCollar","SacredBark"],"picked":"Black Star"}],"items_purged_floors":[20,37],"is_endless":false,"potions_floor_spawned":[1,5,18,25,35,45,48,55],"ascension_level":20}