{"gold_per_floor":[117,129,0,10,10,42,42,59,59,59],"floor_reached":10,"playtime":568,"items_purged":["Strike_G"],"score":136,"play_id":"8a151108-6802-4363-84a6-666b28068a1f","local_time":"20201101123012","is_ascension_mode":true,"campfire_choices":[{"floor":7,"key":"REST"}],"neow_cost":"NONE","seed_source_timestamp":1512050196816900,"circlet_count":0,"master_deck":["AscendersBane","Strike_G","Strike_G","Strike_G","Strike_G","Defend_G","Defend_G","Defend_G","Defend_G","Defend_G","Survivor","Neutralize","Predator","Deadly Poison","Riddle With Holes","A Thousand Cuts","Bane"],"relics":["Ring of the Snake","Smiling Mask","Darkstone Periapt","Ornamental Fan"],"potions_floor_usage":[6,10],"damage_taken":[{"damage":1,"enemies":"Jaw Worm","floor":1,"turns":3},{"damage":0,"enemies":"Cultist","floor":2,"turns":3},{"damage":0,"enemies":"2 Louse","floor":4,"turns":2},{"damage":23,"enemies":"Lagavulin","floor":6,"turns":7},{"damage":25,"enemies":"Large Slime","floor":8,"turns":6},{"damage":15,"enemies":"Gremlin Nob","floor":10,"turns":3}],"seed_played":"-3243855615336058172","potions_obtained":[{"floor":8,"key":"EssenceOfSteel"}],"is_trial":false,"path_per_floor":["M","M","$","M","?","E","R","M","T","E"],"character_chosen":"THE_SILENT","items_purchased":["Fire Potion"],"campfire_rested":1,"item_purchase_floors":[3],"current_hp_per_floor":[58,58,58,58,40,17,36,11,11,0],"gold":59,"neow_bonus":"THREE_CARDS","is_prod":false,"is_daily":false,"chose_seed":false,"campfire_upgraded":0,"win_rate":0,"timestamp":1604262612,"path_taken":["M","M","$","M","?","E","R","M","T","E"],"build_version":"2020-07-30","purchased_purges":1,"victory":false,"max_hp_per_floor":[66,66,66,66,66,66,66,66,66,66],"card_choices":[{"not_picked":["Outmaneuver","Deadly Poison"],"picked":"Predator","floor":0},{"not_picked":["Cloak And Dagger","Outmaneuver","Calculated Gamble"],"picked":"SKIP","floor":1},{"not_picked":["Sucker Punch","Underhanded Strike"],"picked":"Deadly Poison","floor":2},{"not_picked":["Infinite Blades","Reflex"],"picked":"Riddle With Holes","floor":4},{"not_picked":["Storm of Steel","Prepared"],"picked":"A Thousand Cuts","floor":6},{"not_picked":["Acrobatics","Heel Hook"],"picked":"Bane","floor":8}],"player_experience":2619342,"relics_obtained":[{"floor":6,"key":"Darkstone Periapt"},{"floor":9,"key":"Ornamental Fan"}],"event_choices":[{"damage_healed":0,"gold_gain":0,"player_choice":"Success","damage_taken":18,"relics_obtained":["Smiling Mask"],"max_hp_gain":0,"max_hp_loss":0,"event_name":"Scrap Ooze","floor":5,"gold_loss":0}],"is_beta":true,"boss_relics":[],"items_purged_floors":[3],"is_endless":false,"potions_floor_spawned":[8],"killed_by":"Gremlin Nob","ascension_level":20}