{"gold_per_floor":[117,129,144,39,39,73,73,88,115,144,173,173,191,208,208,285,285,297,311,311,328,36,36,63,63,89,89,89,107,107],"floor_reached":30,"playtime":1643,"items_purged":[],"score":560,"play_id":"522b9faa-0dff-48bb-a6c1-c6f929e92877","local_time":"20201031232101","is_ascension_mode":true,"campfire_choices":[{"data":"Dagger Spray","floor":7.0,"key":"SMITH"},{"data":"Quick Slash","floor":12,"key":"SMITH"},{"floor":15,"key":"REST"},{"data":"Glass Knife","floor":23,"key":"SMITH"},{"data":"Dagger Spray","floor":25,"key":"SMITH"}],"neow_cost":"NONE","seed_source_timestamp":1459999696214600,"circlet_count":0,"master_deck":["AscendersBane","Strike_G+1","Strike_G+1","Strike_G+1","Strike_G+1","Strike_G+1","Defend_G+1","Defend_G+1","Defend_G+1","Defend_G+1","Defend_G+1","Survivor","Neutralize","Endless Agony","Footwork","Dash","Dagger Spray+1","Flying Knee","Dodge and Roll+1","Quick Slash+1","Terror","Dagger Spray+1","Backflip","Glass Knife+1","Well Laid Plans","Backstab"],"special_seed":0,"relics":["Ring of the Snake","Vajra","Omamori","Bag of Marbles","Odd Mushroom","Calling Bell","Snake Skull","Eternal Feather","Shovel","Bronze Scales","War Paint","Molten Egg 2"],"potions_floor_usage":[10,18,21,27,30],"damage_taken":[{"damage":7.0,"enemies":"Cultist","floor":1.0,"turns":5.0},{"damage":6.0,"enemies":"Jaw Worm","floor":2.0,"turns":5.0},{"damage":1.0,"enemies":"Small Slimes","floor":3.0,"turns":4.0},{"damage":6.0,"enemies":"3 Sentries","floor":6.0,"turns":5.0},{"damage":4.0,"enemies":"2 Fungi Beasts","floor":8.0,"turns":2.0},{"damage":21,"enemies":"Lagavulin","floor":10,"turns":8},{"damage":0,"enemies":"The Mushroom Lair","floor":11,"turns":1},{"damage":0,"enemies":"Looter","floor":13,"turns":2},{"damage":0,"enemies":"Large Slime","floor":14,"turns":3},{"damage":4,"enemies":"The Guardian","floor":16,"turns":12},{"damage":2,"enemies":"2 Thieves","floor":18,"turns":4},{"damage":13,"enemies":"3 Byrds","floor":19,"turns":6},{"damage":0,"enemies":"3 Cultists","floor":21,"turns":3},{"damage":36,"enemies":"Book of Stabbing","floor":24,"turns":5},{"damage":19,"enemies":"Gremlin Leader","floor":27,"turns":5},{"damage":10,"enemies":"Snake Plant","floor":29,"turns":2},{"damage":19,"enemies":"Book of Stabbing","floor":30,"turns":2}],"seed_played":"4935888952108693401","potions_obtained":[{"floor":6.0,"key":"Dexterity Potion"},{"floor":8.0,"key":"BlessingOfTheForge"},{"floor":10,"key":"AttackPotion"},{"floor":19,"key":"DistilledChaos"},{"floor":24,"key":"SmokeBomb"},{"floor":29,"key":"Fire Potion"}],"is_trial":false,"path_per_floor":["M","M","M","$","?","E","R","M","T","E","?","R","M","M","R","B",null,"M","M","?","M","$","R","E","R","T","E","?","M","E"],"character_chosen":"THE_SILENT","items_purchased":["Dagger Spray","Strength Potion","Well Laid Plans","War Paint","Backstab"],"campfire_rested":1,"item_purchase_floors":[4,4,22,22,22],"current_hp_per_floor":[58,52,51,51,56,50,50,46,46,25,25,25,25,25,48,44,69,67,54,54,54,54,69,33,48,48,29,29,19,0],"gold":107,"neow_bonus":"TEN_PERCENT_HP_BONUS","is_prod":false,"is_daily":false,"chose_seed":false,"campfire_upgraded":4,"win_rate":0,"timestamp":1604211661,"path_taken":["M","?","M","$","?","E","R","M","T","E","?","R","M","M","R","BOSS","M","M","?","M","$","R","E","R","T","E","?","M","E"],"build_version":"2020-07-30","purchased_purges":0,"victory":false,"max_hp_per_floor":[72,72,72,72,77,77,77,77,77,77,77,77,77,77,77,77,77,77,77,77,77,77,77,77,77,77,77,77,77,77],"card_choices":[{"not_picked":["Acrobatics","Backflip"],"picked":"Endless Agony","floor":1.0},{"not_picked":["Outmaneuver","Escape Plan"],"picked":"Footwork","floor":2.0},{"not_picked":["Setup","Acrobatics"],"picked":"Dash","floor":3.0},{"not_picked":["Blade Dance","Blur"],"picked":"Flying Knee","floor":6.0},{"not_picked":["Deflect","Blur"],"picked":"Dodge and Roll","floor":8.0},{"not_picked":["Underhanded Strike","Phantasmal Killer"],"picked":"Quick Slash","floor":10},{"not_picked":["Poisoned Stab","Escape Plan"],"picked":"Terror","floor":11},{"not_picked":["Backflip","Eviscerate"],"picked":"Dagger Spray","floor":13},{"not_picked":["Poisoned Stab","Dagger Throw"],"picked":"Backflip","floor":14},{"not_picked":["Adrenaline","Malaise"],"picked":"Glass Knife","floor":16},{"not_picked":["Dagger Throw","Backflip","Blur"],"picked":"SKIP","floor":18},{"not_picked":["Dagger Throw","Outmaneuver","Sucker Punch"],"picked":"SKIP","floor":19},{"not_picked":["Dagger Throw","Poisoned Stab","Quick Slash"],"picked":"SKIP","floor":21},{"not_picked":["Backflip","Dodge and Roll","Choke+1"],"picked":"SKIP","floor":24},{"not_picked":["Blade Dance","Outmaneuver","Night Terror"],"picked":"SKIP","floor":29}],"player_experience":2615551,"relics_obtained":[{"floor":6.0,"key":"Vajra"},{"floor":9.0,"key":"Omamori"},{"floor":10,"key":"Bag of Marbles"},{"floor":11,"key":"Odd Mushroom"},{"floor":17,"key":"Snake Skull"},{"floor":17,"key":"Eternal Feather"},{"floor":17,"key":"Shovel"},{"floor":24,"key":"Molten Egg 2"}],"event_choices":[{"damage_healed":0.0,"max_hp_gain":5.0,"max_hp_loss":0.0,"gold_gain":0.0,"event_name":"Big Fish","player_choice":"Donut","floor":5.0,"gold_loss":0.0,"damage_taken":0.0},{"damage_healed":0,"gold_gain":0,"player_choice":"Fought Mushrooms","damage_taken":0,"max_hp_gain":0,"max_hp_loss":0,"event_name":"Mushrooms","floor":11,"gold_loss":0},{"damage_healed":0,"gold_gain":0,"player_choice":"Stole Relic","damage_taken":0,"relics_obtained":["Bronze Scales"],"max_hp_gain":0,"max_hp_loss":0,"event_name":"Addict","floor":20,"gold_loss":0,"cards_obtained":["Shame"]},{"damage_healed":0,"gold_gain":0,"player_choice":"Simplicity","damage_taken":0,"max_hp_gain":0,"max_hp_loss":0,"event_name":"Back to Basics","floor":28,"gold_loss":0,"cards_upgraded":["Strike_G","Strike_G","Strike_G","Strike_G","Strike_G","Defend_G","Defend_G","Defend_G","Defend_G"]}],"is_beta":true,"boss_relics":[{"not_picked":["Tiny House","Velvet Choker"],"picked":"Calling Bell"}],"items_purged_floors":[],"is_endless":false,"potions_floor_spawned":[6,8,10,13,19,24,29],"killed_by":"Book of Stabbing","ascension_level":20}