{"gold_per_floor":[209,226,244,394,73,104,104,124,124,124,124],"floor_reached":11,"playtime":587,"items_purged":["Doubt"],"score":146,"play_id":"f96b882c-8a6a-48c4-9bb5-8d5dc914ef0e","local_time":"20201130000244","is_ascension_mode":true,"campfire_choices":[{"data":"Finisher","floor":7,"key":"SMITH"}],"neow_cost":"NONE","seed_source_timestamp":1550864860145600,"circlet_count":0,"master_deck":["AscendersBane","Strike_G","Strike_G","Strike_G","Strike_G","Strike_G","Defend_G","Defend_G","Defend_G","Defend_G","Defend_G","Survivor","Neutralize","Flying Knee","Finisher+1","Noxious Fumes","Endless Agony","Reflex"],"relics":["Ring of the Snake","Toolbox","Tiny Chest","Bottled Lightning"],"potions_floor_usage":[11,11],"damage_taken":[{"damage":1,"enemies":"Cultist","floor":1,"turns":4},{"damage":0,"enemies":"2 Louse","floor":2,"turns":4},{"damage":2,"enemies":"Small Slimes","floor":3,"turns":5},{"damage":28,"enemies":"3 Sentries","floor":6,"turns":9},{"damage":5,"enemies":"Gremlin Gang","floor":8,"turns":5},{"damage":6,"enemies":"Gremlin Nob","floor":11,"turns":2}],"seed_played":"-1290408639803744694","potions_obtained":[{"floor":2,"key":"Weak Potion"},{"floor":6,"key":"CultistPotion"}],"is_trial":false,"path_per_floor":["M","M","M","?","$","E","R","M","T","?","E"],"character_chosen":"THE_SILENT","items_purchased":["Toolbox","Noxious Fumes"],"campfire_rested":0,"item_purchase_floors":[5,5],"current_hp_per_floor":[58,58,56,56,56,28,28,23,23,5,0],"gold":124,"neow_bonus":"HUNDRED_GOLD","is_prod":false,"is_daily":false,"chose_seed":false,"campfire_upgraded":1,"win_rate":0,"timestamp":1606723364,"path_taken":["M","M","M","?","$","E","R","M","T","?","E"],"build_version":"2020-11-27","purchased_purges":1,"victory":false,"max_hp_per_floor":[66,66,66,66,66,66,66,66,66,66,66],"card_choices":[{"not_picked":["Accuracy","Prepared"],"picked":"Flying Knee","floor":1},{"not_picked":["Accuracy","Deadly Poison","Reflex"],"picked":"SKIP","floor":2},{"not_picked":["Heel Hook","Blade Dance"],"picked":"Finisher","floor":3},{"not_picked":["Acrobatics","Masterful Stab"],"picked":"Endless Agony","floor":6},{"not_picked":["Underhanded Strike","Catalyst"],"picked":"Reflex","floor":8}],"player_experience":3011465,"relics_obtained":[{"floor":6,"key":"Tiny Chest"},{"floor":9,"key":"Bottled Lightning"}],"event_choices":[{"damage_healed":0,"gold_gain":150,"player_choice":"AGREE","damage_taken":0,"max_hp_gain":0,"max_hp_loss":0,"event_name":"Liars Game","floor":4,"gold_loss":0,"cards_obtained":["Doubt"]},{"damage_healed":0,"gold_gain":0,"player_choice":"Fled","damage_taken":18,"max_hp_gain":0,"max_hp_loss":0,"event_name":"Scrap Ooze","floor":10,"gold_loss":0}],"is_beta":true,"boss_relics":[],"items_purged_floors":[5],"is_endless":false,"potions_floor_spawned":[2,6,8],"killed_by":"Gremlin Nob","ascension_level":20}