{"gold_per_floor":[215,215,231,231,250,250,250,250,250,250,280,47,77,96,96,175,175,191,191,24,44,58,58,85,102,102,102,132,143,156,156,156,227,227,243,29,29,82,92,126,126,146,199,199,209,209,235,252,252,252],"floor_reached":50,"playtime":3177,"items_purged":["Strike_G","Accuracy"],"score":1150,"play_id":"1d57389d-efbe-4f4e-8c8d-df6037a50f23","local_time":"20201202235500","is_ascension_mode":true,"campfire_choices":[{"data":"Predator","floor":6.0,"key":"SMITH"},{"data":"Dagger Throw","floor":8.0,"key":"SMITH"},{"data":"Neutralize","floor":10.0,"key":"SMITH"},{"floor":15.0,"key":"REST"},{"data":"Phantasmal Killer","floor":23.0,"key":"SMITH"},{"floor":27.0,"key":"REST"},{"floor":32.0,"key":"REST"},{"floor":41,"key":"RECALL"},{"floor":44,"key":"REST"},{"floor":49,"key":"REST"}],"neow_cost":"NONE","seed_source_timestamp":0,"circlet_count":0,"master_deck":["AscendersBane","Survivor","Neutralize+1","Dagger Throw+1","Predator+1","Leg Sweep","Phantasmal Killer+1","Underhanded Strike","Die Die Die","All Out Attack","Deflect+1","PiercingWail","Well Laid Plans","Backflip","Blur","Die Die Die","Flechettes","Cloak And Dagger+1","All Out Attack","Terror","Bouncing Flask","Dodge and Roll","Deflect","Blade Dance","Backflip+1"],"special_seed":0,"relics":["Ring of the Snake","Anchor","Regal Pillow","Lantern","Art of War","Philosopher\u0027s Stone","MutagenicStrength","Sling","Oddly Smooth Stone","Singing Bowl","Kunai","Pandora\u0027s Box","Membership Card","Tingsha","Orichalcum","Turnip"],"potions_floor_usage":[47,48],"damage_taken":[{"damage":6.0,"enemies":"Cultist","floor":1.0,"turns":4.0},{"damage":0.0,"enemies":"Jaw Worm","floor":3.0,"turns":4.0},{"damage":1.0,"enemies":"2 Louse","floor":5.0,"turns":2.0},{"damage":30.0,"enemies":"Gremlin Nob","floor":11.0,"turns":4.0},{"damage":5.0,"enemies":"3 Sentries","floor":13.0,"turns":7.0},{"damage":0.0,"enemies":"2 Fungi Beasts","floor":14.0,"turns":2.0},{"damage":39.0,"enemies":"The Guardian","floor":16.0,"turns":14.0},{"damage":3.0,"enemies":"Shell Parasite","floor":18.0,"turns":3.0},{"damage":4.0,"enemies":"Chosen","floor":21.0,"turns":4.0},{"damage":11.0,"enemies":"Snake Plant","floor":22.0,"turns":4.0},{"damage":8.0,"enemies":"Gremlin Leader","floor":24.0,"turns":5.0},{"damage":0.0,"enemies":"Cultist and Chosen","floor":25.0,"turns":3.0},{"damage":22.0,"enemies":"Book of Stabbing","floor":28.0,"turns":5.0},{"damage":15.0,"enemies":"Snecko","floor":29.0,"turns":6.0},{"damage":9.0,"enemies":"Sentry and Sphere","floor":30.0,"turns":4.0},{"damage":50.0,"enemies":"Automaton","floor":33.0,"turns":15.0},{"damage":13,"enemies":"3 Shapes","floor":35,"turns":5},{"damage":11,"enemies":"2 Orb Walkers","floor":38,"turns":4},{"damage":0,"enemies":"Orb Walker","floor":39,"turns":2},{"damage":0,"enemies":"Reptomancer","floor":40,"turns":4},{"damage":2,"enemies":"Sphere and 2 Shapes","floor":42,"turns":3},{"damage":29,"enemies":"Maw","floor":45,"turns":7},{"damage":37,"enemies":"Nemesis","floor":47,"turns":5},{"damage":3,"enemies":"Transient","floor":48,"turns":6},{"damage":0,"enemies":"Awakened One","floor":50,"turns":1}],"seed_played":"3655789233513579817","potions_obtained":[{"floor":3.0,"key":"PowerPotion"},{"floor":11.0,"key":"Weak Potion"},{"floor":13.0,"key":"AttackPotion"},{"floor":25.0,"key":"SteroidPotion"},{"floor":28.0,"key":"Energy Potion"},{"floor":33,"key":"FearPotion"},{"floor":35,"key":"CultistPotion"},{"floor":38,"key":"DuplicationPotion"},{"floor":47,"key":"EssenceOfSteel"}],"is_trial":false,"path_per_floor":["M","$","M","$","M","R","?","R","T","R","E","$","E","M","R","B",null,"M","?","$","M","M","R","E","M","T","R","E","M","M","?","R","B",null,"M","$","?","?","M","E","R","M","T","R","M","?","E","M","R","B"],"character_chosen":"THE_SILENT","items_purchased":["Lantern","Sling","Membership Card"],"campfire_rested":5,"item_purchase_floors":[12,20,36],"current_hp_per_floor":[53,53,53,53,52,52,52,52,52,52,22,22,17,17,51,12,53,50,50,50,46,35,35,27,27,27,61,41,26,19,19,55,7,56,43,43,43,34,36,38,38,36,36,74,47,47,10,9,48,48],"gold":252,"neow_bonus":"HUNDRED_GOLD","is_prod":false,"is_daily":false,"chose_seed":false,"campfire_upgraded":4,"win_rate":0,"timestamp":1606982100,"path_taken":["M","$","?","$","M","R","?","R","T","R","E","$","E","M","R","BOSS","M","?","$","M","M","R","E","M","T","R","E","M","M","?","R","BOSS","BOSS","M","$","?","?","M","E","R","M","T","R","M","?","E","?","R","BOSS"],"build_version":"2020-11-27","purchased_purges":2,"victory":false,"max_hp_per_floor":[66,66,66,66,66,66,66,66,66,66,66,66,66,66,66,66,66,66,66,66,66,66,66,66,66,66,66,68,68,70,70,70,72,72,72,72,72,74,76,78,78,78,78,78,80,80,80,82,82,82],"card_choices":[{"not_picked":["Cloak And Dagger","Deflect"],"picked":"Dagger Throw","floor":1.0},{"not_picked":["Choke","Backstab"],"picked":"Predator","floor":3.0},{"not_picked":["Crippling Poison","Deflect"],"picked":"Leg Sweep","floor":5.0},{"not_picked":["Dagger Throw","Eviscerate"],"picked":"Phantasmal Killer","floor":11.0},{"not_picked":["Flying Knee","Poisoned Stab","Cloak And Dagger"],"picked":"SKIP","floor":13.0},{"not_picked":["Crippling Poison","Expertise"],"picked":"Underhanded Strike","floor":14.0},{"not_picked":["Malaise","Phantasmal Killer"],"picked":"Die Die Die","floor":16.0},{"not_picked":["Dagger Throw","Riddle With Holes"],"picked":"All Out Attack","floor":18.0},{"not_picked":["Dagger Throw","Noxious Fumes"],"picked":"Deflect+1","floor":21.0},{"not_picked":["Heel Hook","Setup"],"picked":"PiercingWail","floor":22.0},{"not_picked":["Reflex","Slice","Endless Agony"],"picked":"SKIP","floor":24.0},{"not_picked":["Catalyst","Finisher"],"picked":"Well Laid Plans","floor":25.0},{"not_picked":["Cloak And Dagger","Flechettes","Deflect"],"picked":"Singing Bowl","floor":28.0},{"not_picked":["Deadly Poison","Reflex"],"picked":"Backflip","floor":29.0},{"not_picked":["Caltrops+1","Acrobatics","Deadly Poison"],"picked":"Singing Bowl","floor":30.0},{"not_picked":["Grand Finale","Bullet Time","Unload"],"picked":"Singing Bowl","floor":33},{"not_picked":["Flying Knee","Dagger Spray+1"],"picked":"Deflect","floor":35},{"not_picked":["Bane","Cloak And Dagger","Accuracy"],"picked":"Singing Bowl","floor":38},{"not_picked":["Flying Knee+1","Deflect","All Out Attack"],"picked":"Singing Bowl","floor":39},{"not_picked":["Corpse Explosion","Dagger Spray","Dagger Throw"],"picked":"Singing Bowl","floor":40},{"not_picked":["Deadly Poison","Quick Slash"],"picked":"Blade Dance","floor":42},{"not_picked":["Backflip","Dash","Deadly Poison"],"picked":"Singing Bowl","floor":45},{"not_picked":["Flying Knee","Acrobatics"],"picked":"Backflip+1","floor":47},{"not_picked":["Noxious Fumes","Choke","Predator"],"picked":"Singing Bowl","floor":48}],"player_experience":3040943,"relics_obtained":[{"floor":9.0,"key":"Anchor"},{"floor":11.0,"key":"Regal Pillow"},{"floor":13.0,"key":"Art of War"},{"floor":24.0,"key":"Oddly Smooth Stone"},{"floor":26.0,"key":"Singing Bowl"},{"floor":28.0,"key":"Kunai"},{"floor":38,"key":"Tingsha"},{"floor":40,"key":"Orichalcum"},{"floor":47,"key":"Turnip"}],"event_choices":[{"damage_healed":0.0,"max_hp_gain":0.0,"max_hp_loss":0.0,"gold_gain":0.0,"event_name":"Liars Game","player_choice":"Ignored","floor":7.0,"gold_loss":0.0,"damage_taken":0.0},{"damage_healed":0.0,"max_hp_gain":0.0,"max_hp_loss":0.0,"gold_gain":0.0,"event_name":"Drug Dealer","player_choice":"Inject Mutagens","floor":19.0,"gold_loss":0.0,"damage_taken":0.0,"relics_obtained":["MutagenicStrength"]},{"damage_healed":0.0,"max_hp_gain":0.0,"max_hp_loss":0.0,"gold_gain":0.0,"event_name":"The Library","player_choice":"Read","floor":31.0,"gold_loss":0.0,"damage_taken":0.0,"cards_obtained":["Blur"]},{"cards_removed":["Bullet Time"],"damage_healed":0,"gold_gain":0,"player_choice":"Removed Skill","damage_taken":0,"max_hp_gain":0,"max_hp_loss":0,"event_name":"Falling","floor":37,"gold_loss":0},{"damage_healed":0,"gold_gain":0,"player_choice":"Fight","damage_taken":0,"max_hp_gain":0,"max_hp_loss":0,"event_name":"Mysterious Sphere","floor":38,"gold_loss":0},{"damage_healed":0,"gold_gain":0,"player_choice":"Upgraded","damage_taken":0,"max_hp_gain":0,"max_hp_loss":0,"event_name":"Upgrade Shrine","floor":46,"gold_loss":0,"cards_upgraded":["Cloak And Dagger"]}],"is_beta":true,"boss_relics":[{"not_picked":["SlaversCollar","Coffee Dripper"],"picked":"Philosopher\u0027s Stone"},{"not_picked":["HoveringKite","Fusion Hammer"],"picked":"Pandora\u0027s Box"}],"items_purged_floors":[12,36],"is_endless":false,"potions_floor_spawned":[3,11,13,14,25,28,29,33,35,38,40,45,47],"killed_by":"Awakened One","ascension_level":20}