{"gold_per_floor":[109,121,133,150,65,65,91,91,91,101,131,131,131,151,151,229,229,240,252,17,17,36,68,68,79,79,111,111,11,24,35,35,114,114,124,137,153,168,11,11,43,63,63,94,37,53,84,94,94,94,94],"floor_reached":51,"playtime":3171,"items_purged":["Expertise","Infinite Blades"],"score":1686,"play_id":"bafbf6b6-4586-4f61-9a2f-3488ad33a5aa","local_time":"20201201103600","is_ascension_mode":true,"campfire_choices":[{"data":"Crippling Poison","floor":6.0,"key":"SMITH"},{"data":"Poisoned Stab","floor":8.0,"key":"SMITH"},{"data":"Dagger Spray","floor":15.0,"key":"SMITH"},{"floor":24.0,"key":"REST"},{"data":"Catalyst","floor":28.0,"key":"SMITH"},{"data":"Catalyst","floor":32.0,"key":"SMITH"},{"floor":40.0,"key":"RECALL"},{"floor":49.0,"key":"REST"}],"neow_cost":"NONE","seed_source_timestamp":0,"circlet_count":0,"master_deck":["AscendersBane","Survivor","Neutralize","Deadly Poison","Quick Slash+1","Poisoned Stab+1","Crippling Poison+1","Adrenaline","Dagger Spray+1","Prepared","Bouncing Flask","All Out Attack","Tools of the Trade","Noxious Fumes","Flying Knee","All Out Attack","Noxious Fumes","Catalyst+1","PiercingWail","Dash+1","PiercingWail","PiercingWail","Catalyst+1","Acrobatics+1","Catalyst","Reflex","Backflip+1"],"special_seed":0,"relics":["Ring of the Snake","Anchor","Matryoshka","Singing Bowl","Pear","The Specimen","Pandora\u0027s Box","Thread and Needle","Vajra","MealTicket","Happy Flower","HoveringKite","Centennial Puzzle","Art of War","Potion Belt","Tingsha"],"potions_floor_usage":[51,51],"damage_taken":[{"damage":3.0,"enemies":"Cultist","floor":1.0,"turns":4.0},{"damage":4.0,"enemies":"Small Slimes","floor":2.0,"turns":4.0},{"damage":0.0,"enemies":"Jaw Worm","floor":3.0,"turns":3.0},{"damage":0.0,"enemies":"Lots of Slimes","floor":4.0,"turns":4.0},{"damage":20.0,"enemies":"Lagavulin","floor":7.0,"turns":5.0},{"damage":1.0,"enemies":"Gremlin Gang","floor":10.0,"turns":3.0},{"damage":11.0,"enemies":"3 Sentries","floor":11.0,"turns":6.0},{"damage":0.0,"enemies":"2 Fungi Beasts","floor":14.0,"turns":3.0},{"damage":8.0,"enemies":"Slime Boss","floor":16.0,"turns":6.0},{"damage":17.0,"enemies":"Shell Parasite","floor":18.0,"turns":4.0},{"damage":8.0,"enemies":"Spheric Guardian","floor":19.0,"turns":3.0},{"damage":8.0,"enemies":"Snake Plant","floor":22.0,"turns":3.0},{"damage":0.0,"enemies":"Gremlin Leader","floor":23.0,"turns":4.0},{"damage":6.0,"enemies":"Centurion and Healer","floor":25.0,"turns":4.0},{"damage":2.0,"enemies":"Slavers","floor":27.0,"turns":3.0},{"damage":0.0,"enemies":"3 Cultists","floor":30.0,"turns":3.0},{"damage":0.0,"enemies":"Cultist and Chosen","floor":31.0,"turns":3.0},{"damage":18.0,"enemies":"Collector","floor":33.0,"turns":5.0},{"damage":4.0,"enemies":"3 Shapes","floor":35.0,"turns":4.0},{"damage":0.0,"enemies":"Orb Walker","floor":36.0,"turns":3.0},{"damage":6.0,"enemies":"3 Darklings","floor":37.0,"turns":4.0},{"damage":6.0,"enemies":"Sphere and 2 Shapes","floor":38.0,"turns":4.0},{"damage":4.0,"enemies":"Nemesis","floor":41.0,"turns":5.0},{"damage":12.0,"enemies":"Writhing Mass","floor":42.0,"turns":3.0},{"damage":24.0,"enemies":"Reptomancer","floor":44.0,"turns":5.0},{"damage":15.0,"enemies":"Transient","floor":46.0,"turns":5.0},{"damage":0.0,"enemies":"Nemesis","floor":47.0,"turns":3.0},{"damage":8.0,"enemies":"Spire Growth","floor":48.0,"turns":2.0},{"damage":56.0,"enemies":"Donu and Deca","floor":50.0,"turns":7.0},{"damage":34,"enemies":"Awakened One","floor":51,"turns":6}],"seed_played":"-3829264055500580147","potions_obtained":[{"floor":2.0,"key":"SneckoOil"},{"floor":7.0,"key":"FearPotion"},{"floor":10.0,"key":"LiquidBronze"},{"floor":11.0,"key":"EntropicBrew"},{"floor":27.0,"key":"Fire Potion"},{"floor":30.0,"key":"DuplicationPotion"},{"floor":31.0,"key":"PowerPotion"},{"floor":37.0,"key":"PowerPotion"},{"floor":46.0,"key":"Poison Potion"}],"is_trial":false,"path_per_floor":["M","M","M","M","$","R","E","R","T","M","E","?","?","M","R","B",null,"M","M","$","?","M","E","R","M","T","E","R","$","M","M","R","B",null,"M","M","M","M","$","R","E","M","T","E","$","M","E","M","R","B","B"],"character_chosen":"THE_SILENT","items_purchased":["CunningPotion","Catalyst","DuplicationPotion","Centennial Puzzle","Poison Potion"],"campfire_rested":2,"item_purchase_floors":[5,20,20,39,45],"current_hp_per_floor":[56,52,52,52,52,52,32,32,42,43,34,34,39,39,39,33,74,59,53,53,47,39,39,66,60,60,60,60,75,75,75,75,59,86,84,86,80,74,89,89,85,73,73,51,66,53,55,49,81,25,0],"gold":94,"neow_bonus":"RANDOM_COMMON_RELIC","is_prod":false,"is_daily":false,"chose_seed":false,"campfire_upgraded":5,"win_rate":0,"timestamp":1606847760,"path_taken":["M","?","M","M","$","R","E","R","T","M","E","?","?","M","R","BOSS","M","M","$","?","M","E","R","M","T","E","R","$","?","M","R","BOSS","M","M","M","M","$","R","E","M","T","E","$","M","E","M","R","BOSS","BOSS"],"build_version":"2020-11-27","purchased_purges":2,"victory":false,"max_hp_per_floor":[66,66,66,66,66,66,66,66,76,78,80,80,85,85,85,87,87,89,91,91,91,91,91,91,91,91,93,93,93,93,93,93,95,95,97,99,99,99,99,99,99,99,99,101,101,103,105,107,107,107,107],"card_choices":[{"not_picked":["Deflect","Cloak And Dagger"],"picked":"Deadly Poison","floor":1.0},{"not_picked":["Endless Agony","Deadly Poison"],"picked":"Quick Slash","floor":2.0},{"not_picked":["Calculated Gamble","Quick Slash"],"picked":"Poisoned Stab","floor":3.0},{"not_picked":["Prepared","Caltrops"],"picked":"Crippling Poison","floor":4.0},{"not_picked":["Concentrate","Deflect"],"picked":"Adrenaline","floor":7.0},{"not_picked":["Heel Hook","Outmaneuver","Dodge and Roll"],"picked":"Singing Bowl","floor":10.0},{"not_picked":["Deflect","Terror","Quick Slash"],"picked":"Singing Bowl","floor":11.0},{"not_picked":["PiercingWail","Sucker Punch"],"picked":"Dagger Spray","floor":14.0},{"not_picked":["Bullet Time","Unload","Storm of Steel"],"picked":"Singing Bowl","floor":16.0},{"not_picked":["Dagger Throw","Bane","Poisoned Stab"],"picked":"Singing Bowl","floor":18.0},{"not_picked":["Prepared","Expertise","Bane+1"],"picked":"Singing Bowl","floor":19.0},{"not_picked":["Calculated Gamble","Poisoned Stab"],"picked":"PiercingWail","floor":22.0},{"not_picked":["Grand Finale","Reflex"],"picked":"Dash+1","floor":23.0},{"not_picked":["Cloak And Dagger","Dodge and Roll"],"picked":"PiercingWail","floor":25.0},{"not_picked":["Concentrate","Footwork","Terror"],"picked":"Singing Bowl","floor":27.0},{"not_picked":["Slice","Calculated Gamble"],"picked":"PiercingWail","floor":30.0},{"not_picked":["Flechettes","Blade Dance"],"picked":"Catalyst","floor":31.0},{"not_picked":["Unload","Storm of Steel","Grand Finale"],"picked":"Singing Bowl","floor":33.0},{"not_picked":["Concentrate","Outmaneuver","Sucker Punch+1"],"picked":"Singing Bowl","floor":35.0},{"not_picked":["Quick Slash","Deflect","Dagger Throw"],"picked":"Singing Bowl","floor":36.0},{"not_picked":["After Image","Blade Dance"],"picked":"Acrobatics+1","floor":37.0},{"not_picked":["Infinite Blades","Deflect"],"picked":"Catalyst","floor":38.0},{"not_picked":["Bane+1","Dodge and Roll"],"picked":"Reflex","floor":41.0},{"not_picked":["Underhanded Strike","Dagger Throw+1"],"picked":"Backflip+1","floor":42.0},{"not_picked":["Flying Knee","Prepared","Terror"],"picked":"Singing Bowl","floor":44.0},{"not_picked":["Prepared","Bane","Backflip"],"picked":"Singing Bowl","floor":46.0},{"not_picked":["Dagger Spray+1","Sucker Punch","Envenom"],"picked":"Singing Bowl","floor":47.0},{"not_picked":["Deadly Poison","Flechettes","Noxious Fumes"],"picked":"Singing Bowl","floor":48.0}],"player_experience":3030132,"relics_obtained":[{"floor":7.0,"key":"Matryoshka"},{"floor":9.0,"key":"Singing Bowl"},{"floor":9.0,"key":"Pear"},{"floor":11.0,"key":"The Specimen"},{"floor":23.0,"key":"Thread and Needle"},{"floor":26.0,"key":"Vajra"},{"floor":26.0,"key":"MealTicket"},{"floor":27.0,"key":"Happy Flower"},{"floor":41.0,"key":"Art of War"},{"floor":44.0,"key":"Potion Belt"},{"floor":47.0,"key":"Tingsha"}],"event_choices":[{"damage_healed":0.0,"max_hp_gain":0.0,"max_hp_loss":0.0,"gold_gain":0.0,"event_name":"Living Wall","player_choice":"Grow","floor":12.0,"gold_loss":0.0,"damage_taken":0.0,"cards_upgraded":["Quick Slash"]},{"damage_healed":0.0,"max_hp_gain":5.0,"max_hp_loss":0.0,"gold_gain":0.0,"event_name":"Big Fish","player_choice":"Donut","floor":13.0,"gold_loss":0.0,"damage_taken":0.0},{"damage_healed":0.0,"max_hp_gain":0.0,"max_hp_loss":0.0,"gold_gain":0.0,"event_name":"Knowing Skull","player_choice":"","floor":21.0,"potions_obtained":[],"gold_loss":0.0,"damage_taken":6.0,"cards_obtained":[]}],"is_beta":true,"boss_relics":[{"not_picked":["Velvet Choker","Busted Crown"],"picked":"Pandora\u0027s Box"},{"not_picked":["SlaversCollar","Coffee Dripper"],"picked":"HoveringKite"}],"items_purged_floors":[20,29],"is_endless":false,"potions_floor_spawned":[2,7,10,11,25,27,30,31,37,42,46],"killed_by":"Awakened One","ascension_level":20}