{"gold_per_floor":[113,113,126,126,19,47,122,122,122,122,140,157,157,189,189,268,268,284,301,334,127,138,164,164,198,224,224,241,241,291,321,321,395,395,405,405,627,643,658,658,673,673],"floor_reached":42,"playtime":2194,"items_purged":["Strike_G"],"score":1003,"play_id":"16052444-81d7-4881-b25c-244418ec2324","local_time":"20201201124054","is_ascension_mode":true,"campfire_choices":[{"data":"Cloak And Dagger","floor":8,"key":"SMITH"},{"floor":10,"key":"REST"},{"data":"Accuracy","floor":13,"key":"SMITH"},{"data":"Blade Dance","floor":15,"key":"SMITH"},{"data":"Cloak And Dagger","floor":24,"key":"SMITH"},{"floor":27,"key":"REST"},{"data":"Neutralize","floor":32,"key":"SMITH"},{"floor":40,"key":"RECALL"}],"neow_cost":"NONE","seed_source_timestamp":1681148592149900,"circlet_count":0,"master_deck":["AscendersBane","Strike_G","Strike_G","Strike_G","Strike_G+1","Defend_G","Defend_G","Defend_G","Defend_G","Defend_G","Survivor","Neutralize+1","Blade Dance+1","Blade Dance+1","Cloak And Dagger+1","Backstab+1","Accuracy+1","Blade Dance+1","Cloak And Dagger+1","PiercingWail","A Thousand Cuts","Acrobatics+1","Cloak And Dagger+1","Cloak And Dagger+1"],"relics":["Ring of the Snake","Anchor","Tiny Chest","Lantern","Vajra","Black Star","Red Mask","Membership Card","Omamori","Happy Flower","Strawberry","Whetstone","Boot","Bronze Scales","Nunchaku","Akabeko","SacredBark"],"potions_floor_usage":[6,16,22,23,39,41,42],"damage_taken":[{"damage":0,"enemies":"2 Louse","floor":1,"turns":4},{"damage":1,"enemies":"Cultist","floor":3,"turns":3},{"damage":39,"enemies":"Lagavulin","floor":6,"turns":6},{"damage":0,"enemies":"Small Slimes","floor":11,"turns":3},{"damage":0,"enemies":"2 Fungi Beasts","floor":12,"turns":2},{"damage":7,"enemies":"3 Sentries","floor":14,"turns":5},{"damage":31,"enemies":"The Guardian","floor":16,"turns":14},{"damage":0,"enemies":"Spheric Guardian","floor":18,"turns":2},{"damage":1,"enemies":"2 Thieves","floor":19,"turns":4},{"damage":7,"enemies":"Masked Bandits","floor":20,"turns":4},{"damage":0,"enemies":"Chosen and Byrds","floor":22,"turns":3},{"damage":10,"enemies":"Book of Stabbing","floor":23,"turns":3},{"damage":12,"enemies":"Slavers","floor":25,"turns":4},{"damage":0,"enemies":"3 Cultists","floor":28,"turns":5},{"damage":0,"enemies":"Gremlin Leader","floor":31,"turns":4},{"damage":34,"enemies":"Collector","floor":33,"turns":7},{"damage":0,"enemies":"Orb Walker","floor":35,"turns":2},{"damage":5,"enemies":"3 Shapes","floor":38,"turns":11},{"damage":26,"enemies":"Spire Growth","floor":39,"turns":3},{"damage":15,"enemies":"Writhing Mass","floor":41,"turns":4},{"damage":35,"enemies":"Giant Head","floor":42,"turns":4}],"seed_played":"-8233680451065978023","potions_obtained":[{"floor":3,"key":"Regen Potion"},{"floor":12,"key":"SteroidPotion"},{"floor":20,"key":"LiquidBronze"},{"floor":23,"key":"Energy Potion"},{"floor":28,"key":"SteroidPotion"},{"floor":33,"key":"AttackPotion"},{"floor":39,"key":"Explosive Potion"}],"is_trial":false,"path_per_floor":["M","?","M","$","$","E","?","R","T","R","M","M","R","E","R","B",null,"M","M","?","$","M","E","R","E","T","R","M","?","T","E","R","B",null,"M","?","?","M","M","R","M","E"],"character_chosen":"THE_SILENT","items_purchased":["Fire Potion","Blade Dance","Membership Card"],"campfire_rested":2,"item_purchase_floors":[5,5,21],"current_hp_per_floor":[59,59,58,58,58,19,8,8,8,27,27,27,27,20,20,4,51,51,50,43,43,43,33,33,28,28,49,49,49,49,49,49,15,59,59,59,59,54,28,28,13,0],"gold":673,"neow_bonus":"RANDOM_COMMON_RELIC","is_prod":false,"is_daily":false,"chose_seed":false,"campfire_upgraded":5,"win_rate":0,"timestamp":1606855254,"path_taken":["M","?","M","?","$","E","?","R","T","R","M","M","R","E","R","BOSS","M","M","?","$","M","E","R","E","T","R","M","?","?","E","R","BOSS","M","?","?","M","M","R","M","E"],"build_version":"2020-11-27","purchased_purges":1,"victory":false,"max_hp_per_floor":[66,66,66,66,66,66,66,66,66,66,66,66,66,66,66,66,66,66,66,66,66,66,66,66,73,73,73,73,73,73,73,73,73,73,73,69,69,69,69,69,69,69],"card_choices":[{"not_picked":["Slice","Outmaneuver"],"picked":"Blade Dance","floor":1},{"not_picked":["Calculated Gamble","Reflex","Masterful Stab"],"picked":"SKIP","floor":3},{"not_picked":["Quick Slash","All Out Attack"],"picked":"Cloak And Dagger","floor":6},{"not_picked":["Backflip","Reflex"],"picked":"Backstab","floor":11},{"not_picked":["Terror","Catalyst"],"picked":"Accuracy","floor":12},{"not_picked":["Storm of Steel","Slice","Caltrops"],"picked":"SKIP","floor":14},{"not_picked":["Slice","Dagger Throw"],"picked":"Blade Dance","floor":18},{"not_picked":["Predator+1","Finisher"],"picked":"Cloak And Dagger","floor":19},{"not_picked":["Deflect","Masterful Stab"],"picked":"PiercingWail","floor":22},{"not_picked":["Deadly Poison","Caltrops","Eviscerate"],"picked":"SKIP","floor":23},{"not_picked":["Noxious Fumes","Setup","Poisoned Stab"],"picked":"SKIP","floor":25},{"not_picked":["Deadly Poison","Blur","Flying Knee"],"picked":"SKIP","floor":28},{"not_picked":["Dodge and Roll","Deflect","Deadly Poison"],"picked":"SKIP","floor":31},{"not_picked":["Malaise","Die Die Die"],"picked":"A Thousand Cuts","floor":33},{"not_picked":["Skewer+1","Blade Dance"],"picked":"Acrobatics+1","floor":35},{"not_picked":["Heel Hook+1","Dagger Spray","Sucker Punch+1"],"picked":"SKIP","floor":38},{"not_picked":["Catalyst","Choke"],"picked":"Cloak And Dagger+1","floor":39},{"not_picked":["PiercingWail","Outmaneuver+1"],"picked":"Cloak And Dagger+1","floor":41}],"player_experience":3034047,"relics_obtained":[{"floor":6,"key":"Tiny Chest"},{"floor":9,"key":"Lantern"},{"floor":14,"key":"Vajra"},{"floor":20,"key":"Red Mask"},{"floor":23,"key":"Omamori"},{"floor":23,"key":"Happy Flower"},{"floor":25,"key":"Strawberry"},{"floor":25,"key":"Whetstone"},{"floor":26,"key":"Boot"},{"floor":30,"key":"Bronze Scales"},{"floor":31,"key":"Nunchaku"},{"floor":31,"key":"Akabeko"}],"event_choices":[{"damage_healed":0,"gold_gain":0,"player_choice":"Upgraded","damage_taken":0,"max_hp_gain":0,"max_hp_loss":0,"event_name":"Upgrade Shrine","floor":2,"gold_loss":0,"cards_upgraded":["Blade Dance"]},{"damage_healed":0,"gold_gain":75,"player_choice":"Gather Gold","damage_taken":11,"max_hp_gain":0,"max_hp_loss":0,"event_name":"World of Goop","floor":7,"gold_loss":0},{"damage_healed":0,"gold_gain":0,"player_choice":"Fought Bandits","damage_taken":0,"max_hp_gain":0,"max_hp_loss":0,"event_name":"Masked Bandits","floor":20,"gold_loss":0},{"damage_healed":0,"gold_gain":0,"player_choice":"Upgraded","damage_taken":0,"max_hp_gain":0,"max_hp_loss":0,"event_name":"Upgrade Shrine","floor":29,"gold_loss":0,"cards_upgraded":["Blade Dance"]},{"damage_healed":0,"gold_gain":0,"player_choice":"Max HP","damage_taken":0,"max_hp_gain":0,"max_hp_loss":4,"event_name":"Winding Halls","floor":36,"gold_loss":0},{"damage_healed":0,"gold_gain":222,"player_choice":"Wore Mask","damage_taken":0,"max_hp_gain":0,"max_hp_loss":0,"event_name":"Tomb of Lord Red Mask","floor":37,"gold_loss":0}],"is_beta":true,"boss_relics":[{"not_picked":["Calling Bell","Runic Pyramid"],"picked":"Black Star"},{"not_picked":["Fusion Hammer","Ring of the Serpent"],"picked":"SacredBark"}],"items_purged_floors":[21],"is_endless":false,"potions_floor_spawned":[3,12,14,20,23,28,33,35,39],"killed_by":"Giant Head","ascension_level":20}