{"gold_per_floor":[111,125,125,125,50,50,50,50,50,50,75,75,95,127,127,199,199,218,5,15,34,46,46,77,77,77,88,88,11,25,25,25,97,97,111,111,166,166,44,44,78,78,78,78,104,104,129,139,139,139,139,139,139,19,44,44],"floor_reached":57,"playtime":4922,"items_purged":["Strike_G","Strike_G+1"],"score":2749,"play_id":"9fdeb211-44bd-4fc3-8e04-c6370184e0b4","local_time":"20201128211312","is_ascension_mode":true,"campfire_choices":[{"data":"Glass Knife","floor":6,"key":"SMITH"},{"data":"Dagger Spray","floor":8,"key":"SMITH"},{"data":"Noxious Fumes","floor":10,"key":"SMITH"},{"data":"Crippling Poison","floor":15,"key":"SMITH"},{"data":"Malaise","floor":23,"key":"SMITH"},{"data":"Adrenaline","floor":25,"key":"SMITH"},{"data":"PiercingWail","floor":28,"key":"SMITH"},{"data":"Neutralize","floor":32,"key":"SMITH"},{"data":"Dodge and Roll","floor":40,"key":"SMITH"},{"floor":42,"key":"RECALL"},{"data":"Survivor","floor":49,"key":"SMITH"},{"data":"Secret Technique","floor":53,"key":"SMITH"}],"neow_cost":"TEN_PERCENT_HP_LOSS","seed_source_timestamp":1449930581167300,"circlet_count":0,"master_deck":["AscendersBane","Strike_G+1","Defend_G+1","Defend_G+1","Defend_G+1","Defend_G+1","Defend_G+1","Survivor+1","Neutralize+1","Glass Knife+1","Dagger Throw","Dagger Spray+1","Noxious Fumes+1","PiercingWail+1","Adrenaline+1","Crippling Poison+1","Malaise+1","Backstab+1","Footwork+1","Noxious Fumes+1","Footwork+1","Wraith Form v2+1","Secret Technique+1","Dodge and Roll+1","Footwork+1","A Thousand Cuts+1","Footwork+1","PiercingWail","Dodge and Roll"],"relics":["Ring of the Snake","Molten Egg 2","Frozen Egg 2","Bag of Preparation","Runic Pyramid","Membership Card","Mummified Hand","Eternal Feather","SacredBark","CaptainsWheel","Happy Flower","Strawberry","Ornamental Fan","Kunai","Nunchaku"],"potions_floor_usage":[14,20,27,37,51,56],"damage_taken":[{"damage":0,"enemies":"Jaw Worm","floor":1,"turns":4},{"damage":1,"enemies":"Small Slimes","floor":2,"turns":3},{"damage":6,"enemies":"Gremlin Nob","floor":11,"turns":3},{"damage":0,"enemies":"Cultist","floor":13,"turns":2},{"damage":9,"enemies":"Lagavulin","floor":14,"turns":6},{"damage":24,"enemies":"The Guardian","floor":16,"turns":11},{"damage":9,"enemies":"Spheric Guardian","floor":18,"turns":4},{"damage":10,"enemies":"Shell Parasite","floor":20,"turns":6},{"damage":2,"enemies":"Chosen and Byrds","floor":21,"turns":5},{"damage":4,"enemies":"Snake Plant","floor":22,"turns":4},{"damage":0,"enemies":"Gremlin Leader","floor":24,"turns":8},{"damage":2,"enemies":"Snecko","floor":27,"turns":4},{"damage":0,"enemies":"Cultist and Chosen","floor":30,"turns":6},{"damage":11,"enemies":"Collector","floor":33,"turns":10},{"damage":5,"enemies":"3 Darklings","floor":35,"turns":4},{"damage":34,"enemies":"2 Orb Walkers","floor":37,"turns":6},{"damage":4,"enemies":"Giant Head","floor":41,"turns":11},{"damage":0,"enemies":"Reptomancer","floor":45,"turns":7},{"damage":6,"enemies":"Giant Head","floor":47,"turns":12},{"damage":0,"enemies":"Orb Walker","floor":48,"turns":4},{"damage":31,"enemies":"Time Eater","floor":50,"turns":16},{"damage":44,"enemies":"Awakened One","floor":51,"turns":21},{"damage":12,"enemies":"Shield and Spear","floor":55,"turns":8},{"damage":35,"enemies":"The Heart","floor":56,"turns":17}],"seed_played":"-380466829764362683","potions_obtained":[{"floor":2,"key":"Regen Potion"},{"floor":21,"key":"Fire Potion"},{"floor":24,"key":"ColorlessPotion"},{"floor":27,"key":"LiquidBronze"},{"floor":33,"key":"Regen Potion"},{"floor":37,"key":"SpeedPotion"},{"floor":41,"key":"Dexterity Potion"}],"is_trial":false,"path_per_floor":["M","M","?","?","$","R","?","R","T","R","E","?","M","E","R","B",null,"M","$","M","M","M","R","E","R","T","M","R","$","M","?","R","B",null,"M","?","?","?","$","R","E","R","T","$","E","?","E","M","R","B","B",null,"R","$","E","B",null],"character_chosen":"THE_SILENT","items_purchased":["Noxious Fumes","Membership Card","Regen Potion","Footwork+1","Happy Flower","Footwork+1","Footwork+1","PiercingWail"],"campfire_rested":0,"item_purchase_floors":[5,19,19,29,39,39,54,54],"current_hp_per_floor":[59,58,40,33,33,33,33,33,33,33,27,27,27,32,32,8,47,38,38,43,41,37,37,37,37,37,35,47,47,47,47,59,48,57,52,42,8,49,49,49,52,56,56,56,56,53,47,47,53,22,33,48,53,53,41,6],"gold":44,"neow_bonus":"THREE_RARE_CARDS","is_prod":false,"is_daily":false,"chose_seed":false,"campfire_upgraded":11,"win_rate":0,"timestamp":1606626792,"path_taken":["M","M","?","?","$","R","?","R","T","R","E","?","M","E","R","BOSS","M","$","M","M","M","R","E","R","T","?","R","$","M","?","R","BOSS","M","?","?","?","$","R","E","R","T","$","E","?","E","M","R","BOSS","BOSS","R","$","E","BOSS"],"build_version":"2020-11-27","purchased_purges":2,"victory":true,"max_hp_per_floor":[60,60,60,60,60,60,60,60,60,60,60,60,60,60,60,60,60,60,60,60,60,60,60,60,60,60,60,60,60,60,60,60,60,60,60,60,60,49,49,49,56,56,56,56,56,53,53,53,53,53,53,53,53,53,53,53],"card_choices":[{"not_picked":["Grand Finale","Unload"],"picked":"Glass Knife","floor":0},{"not_picked":["Deflect","Blade Dance"],"picked":"Dagger Throw","floor":1},{"not_picked":["Deflect","Masterful Stab"],"picked":"Dagger Spray","floor":2},{"not_picked":["Backflip","Setup"],"picked":"PiercingWail","floor":11},{"not_picked":["Acrobatics","Noxious Fumes+1"],"picked":"Adrenaline","floor":13},{"not_picked":["Sucker Punch+1","Backflip"],"picked":"Crippling Poison","floor":14},{"not_picked":["Grand Finale+1","Unload+1"],"picked":"Malaise","floor":16},{"not_picked":["Acrobatics","Deflect","Bane+1"],"picked":"SKIP","floor":18},{"not_picked":["Noxious Fumes+1","Deflect+1"],"picked":"Backstab+1","floor":20},{"not_picked":["Deadly Poison","Dodge and Roll"],"picked":"Footwork+1","floor":21},{"not_picked":["Eviscerate+1","Slice+1","Finisher+1"],"picked":"SKIP","floor":22},{"not_picked":["Dodge and Roll","Masterful Stab+1"],"picked":"Noxious Fumes+1","floor":24},{"not_picked":["Heel Hook+1","Calculated Gamble","Bane+1"],"picked":"SKIP","floor":27},{"not_picked":["Flying Knee+1","Cloak And Dagger+1","Bane+1"],"picked":"SKIP","floor":30},{"not_picked":["Burst","Malaise"],"picked":"Wraith Form v2+1","floor":33},{"not_picked":["Expertise","Deadly Poison","Sucker Punch+1"],"picked":"SKIP","floor":35},{"not_picked":["Jack Of All Trades","Mind Blast+1"],"picked":"Secret Technique","floor":36},{"not_picked":["Infinite Blades+1","Calculated Gamble"],"picked":"Dodge and Roll","floor":37},{"not_picked":["Prepared","Bouncing Flask"],"picked":"A Thousand Cuts+1","floor":41},{"not_picked":["Terror+1","Setup","Eviscerate+1"],"picked":"SKIP","floor":45},{"not_picked":["Cloak And Dagger","Blade Dance","Expertise+1"],"picked":"SKIP","floor":47},{"not_picked":["Quick Slash+1","Sucker Punch+1","Flying Knee+1"],"picked":"SKIP","floor":48},{"not_picked":["Deadly Poison","Dagger Spray+1"],"picked":"Dodge and Roll","floor":55}],"player_experience":3004093,"relics_obtained":[{"floor":9,"key":"Molten Egg 2"},{"floor":11,"key":"Frozen Egg 2"},{"floor":14,"key":"Bag of Preparation"},{"floor":24,"key":"Mummified Hand"},{"floor":26,"key":"Eternal Feather"},{"floor":37,"key":"CaptainsWheel"},{"floor":41,"key":"Strawberry"},{"floor":45,"key":"Ornamental Fan"},{"floor":47,"key":"Kunai"},{"floor":55,"key":"Nunchaku"}],"event_choices":[{"damage_healed":0,"gold_gain":0,"player_choice":"Entered Light","damage_taken":18,"max_hp_gain":0,"max_hp_loss":0,"event_name":"Shining Light","floor":3,"gold_loss":0,"cards_upgraded":["Strike_G","Strike_G"]},{"cards_removed":["Strike_G"],"damage_healed":0,"gold_gain":0,"player_choice":"Card Removal","damage_taken":7,"max_hp_gain":0,"max_hp_loss":0,"event_name":"Golden Wing","floor":4,"gold_loss":0},{"damage_healed":0,"gold_gain":0,"player_choice":"Ignored","damage_taken":0,"max_hp_gain":0,"max_hp_loss":0,"event_name":"Liars Game","floor":7,"gold_loss":0},{"cards_removed":["Strike_G"],"damage_healed":0,"gold_gain":0,"player_choice":"Offered Basic","damage_taken":0,"max_hp_gain":0,"max_hp_loss":0,"event_name":"Bonfire Elementals","floor":12,"gold_loss":0},{"damage_healed":0,"gold_gain":0,"player_choice":"Simplicity","damage_taken":0,"max_hp_gain":0,"max_hp_loss":0,"event_name":"Back to Basics","floor":31,"gold_loss":0,"cards_upgraded":["Defend_G","Defend_G","Defend_G","Defend_G","Defend_G"]},{"damage_healed":0,"gold_gain":0,"player_choice":"Memory 3","damage_taken":10,"max_hp_gain":0,"max_hp_loss":0,"event_name":"SensoryStone","floor":36,"gold_loss":0},{"damage_healed":0,"gold_gain":0,"player_choice":"Fight","damage_taken":0,"max_hp_gain":0,"max_hp_loss":0,"event_name":"Mysterious Sphere","floor":37,"gold_loss":0},{"damage_healed":49,"gold_gain":0,"player_choice":"Heal","damage_taken":0,"max_hp_gain":0,"max_hp_loss":11,"event_name":"The Moai Head","floor":38,"gold_loss":0},{"damage_healed":0,"gold_gain":0,"player_choice":"Max HP","damage_taken":0,"max_hp_gain":0,"max_hp_loss":3,"event_name":"Winding Halls","floor":46,"gold_loss":0}],"is_beta":true,"boss_relics":[{"not_picked":["SlaversCollar","Snecko Eye"],"picked":"Runic Pyramid"},{"not_picked":["Ring of the Serpent","WristBlade"],"picked":"SacredBark"}],"items_purged_floors":[29,54],"is_endless":false,"potions_floor_spawned":[2,21,24,27,33,37,41],"ascension_level":20}