{"gold_per_floor":[113,132,144,44,55,86,97,97,122,122,122,150,168,168,168,239,239,253,253,170,190,209,237,237,267,292,327,327,345,82,96,96,170,170,185,185,185,165,180,206,35,69,69,12,40,40,51,69,69,69,69],"floor_reached":51,"playtime":4140,"items_purged":["Terror","Choke"],"score":2010,"play_id":"bc869715-1854-49b3-9e9a-ce3eea28e56b","local_time":"20201201162908","is_ascension_mode":true,"campfire_choices":[{"data":"A Thousand Cuts","floor":8,"key":"SMITH"},{"data":"Dagger Spray","floor":10,"key":"SMITH"},{"data":"Terror","floor":15,"key":"SMITH"},{"data":"Ghostly","floor":24,"key":"SMITH"},{"data":"Night Terror","floor":28,"key":"SMITH"},{"floor":32,"key":"REST"},{"floor":46,"key":"RECALL"},{"data":"Wraith Form v2","floor":49,"key":"SMITH"}],"neow_cost":"NONE","seed_source_timestamp":1692896220622800,"circlet_count":0,"master_deck":["AscendersBane","Survivor","Neutralize","A Thousand Cuts+1","Blade Dance","Terror+1","Dash","Unload+1","Skewer+1","Dagger Spray+1","Blade Dance","All Out Attack","Adrenaline","Die Die Die+1","CurseOfTheBell","Ghostly+1","Ghostly","Ghostly","Night Terror+1","A Thousand Cuts+1","Sucker Punch+1","A Thousand Cuts","Wraith Form v2+1","Injury","Prepared+1"],"relics":["Pandora\u0027s Box","Mercury Hourglass","Art of War","Orichalcum","Calling Bell","Dream Catcher","Mummified Hand","The Specimen","Lantern","Happy Flower","Unceasing Top","Blood Vial","StrikeDummy","DollysMirror","Cursed Key","Toy Ornithopter","Medical Kit","Whetstone","CaptainsWheel"],"potions_floor_usage":[16,25,33,42,45,50,51],"damage_taken":[{"damage":0,"enemies":"Small Slimes","floor":1,"turns":2},{"damage":6,"enemies":"Cultist","floor":2,"turns":3},{"damage":0,"enemies":"Jaw Worm","floor":3,"turns":2},{"damage":11,"enemies":"Exordium Thugs","floor":5,"turns":4},{"damage":0,"enemies":"Gremlin Nob","floor":6,"turns":3},{"damage":8,"enemies":"3 Louse","floor":7,"turns":2},{"damage":13,"enemies":"Lagavulin","floor":12,"turns":5},{"damage":0,"enemies":"Gremlin Gang","floor":13,"turns":2},{"damage":0,"enemies":"Slime Boss","floor":16,"turns":3},{"damage":16,"enemies":"Shell Parasite","floor":18,"turns":3},{"damage":0,"enemies":"Spheric Guardian","floor":21,"turns":3},{"damage":18,"enemies":"Snake Plant","floor":22,"turns":3},{"damage":0,"enemies":"Gremlin Leader","floor":23,"turns":4},{"damage":4,"enemies":"Book of Stabbing","floor":25,"turns":4},{"damage":0,"enemies":"Gremlin Leader","floor":27,"turns":5},{"damage":0,"enemies":"Cultist and Chosen","floor":29,"turns":4},{"damage":0,"enemies":"Centurion and Healer","floor":31,"turns":2},{"damage":16,"enemies":"Champ","floor":33,"turns":8},{"damage":15,"enemies":"3 Darklings","floor":35,"turns":2},{"damage":2,"enemies":"Orb Walker","floor":39,"turns":3},{"damage":0,"enemies":"Reptomancer","floor":40,"turns":4},{"damage":0,"enemies":"Giant Head","floor":42,"turns":5},{"damage":0,"enemies":"Reptomancer","floor":45,"turns":4},{"damage":0,"enemies":"Spire Growth","floor":47,"turns":4},{"damage":0,"enemies":"4 Shapes","floor":48,"turns":3},{"damage":0,"enemies":"Donu and Deca","floor":50,"turns":7},{"damage":53,"enemies":"Awakened One","floor":51,"turns":9}],"seed_played":"-1039153636594893959","potions_obtained":[{"floor":2,"key":"SpeedPotion"},{"floor":7,"key":"SteroidPotion"},{"floor":13,"key":"Weak Potion"},{"floor":18,"key":"DuplicationPotion"},{"floor":25,"key":"CultistPotion"},{"floor":38,"key":"CunningPotion"},{"floor":47,"key":"LiquidBronze"}],"is_trial":false,"path_per_floor":["M","M","M","$","M","E","M","R","T","R","?","E","M","?","R","B",null,"M","?","?","M","M","E","R","E","T","E","R","M","$","M","R","B",null,"M","?","?","?","M","E","$","E","T","$","E","R","M","M","R","B","B"],"character_chosen":"THE_SILENT","items_purchased":["Blade Dance","DollysMirror","Medical Kit","PowerPotion"],"campfire_rested":1,"item_purchase_floors":[4,30,41,44],"current_hp_per_floor":[59,53,53,53,42,42,34,34,34,34,34,21,21,66,66,66,66,50,33,33,33,15,15,15,11,11,13,13,15,15,17,26,12,28,15,15,15,15,15,17,17,24,24,24,31,31,33,33,33,33,0],"gold":69,"neow_bonus":"BOSS_RELIC","is_prod":false,"is_daily":false,"chose_seed":false,"campfire_upgraded":6,"win_rate":0,"timestamp":1606868948,"path_taken":["M","M","M","$","M","E","M","R","T","R","?","E","?","?","R","BOSS","M","?","?","M","M","E","R","E","T","E","R","M","$","?","R","BOSS","M","?","?","?","M","E","$","E","T","$","E","R","M","M","R","BOSS","BOSS"],"build_version":"2020-11-27","purchased_purges":2,"victory":false,"max_hp_per_floor":[66,66,66,66,66,66,66,66,66,66,66,66,66,66,66,66,66,66,33,33,33,33,33,33,33,33,33,33,33,33,33,33,33,33,33,33,33,33,33,33,33,33,33,33,33,33,33,33,33,33,33],"card_choices":[{"not_picked":["Sucker Punch","Prepared","Acrobatics"],"picked":"SKIP","floor":1},{"not_picked":["Outmaneuver","Quick Slash"],"picked":"Dagger Spray","floor":2},{"not_picked":["Acrobatics","Deflect","Poisoned Stab"],"picked":"SKIP","floor":3},{"not_picked":["Poisoned Stab","Outmaneuver","Cloak And Dagger"],"picked":"SKIP","floor":5},{"not_picked":["Calculated Gamble","Noxious Fumes","Cloak And Dagger"],"picked":"SKIP","floor":6},{"not_picked":["Backstab","Acrobatics"],"picked":"All Out Attack","floor":7},{"not_picked":["Heel Hook","Backflip","Cloak And Dagger"],"picked":"SKIP","floor":12},{"not_picked":["Flying Knee","Well Laid Plans"],"picked":"Adrenaline","floor":13},{"not_picked":["Envenom","Grand Finale"],"picked":"Die Die Die","floor":16},{"not_picked":["Deflect","Flying Knee","Quick Slash"],"picked":"SKIP","floor":18},{"not_picked":["Cloak And Dagger","Caltrops","Underhanded Strike"],"picked":"SKIP","floor":21},{"not_picked":["Blur","Masterful Stab","Blade Dance"],"picked":"SKIP","floor":22},{"not_picked":["Deadly Poison","Choke","Dagger Throw+1"],"picked":"SKIP","floor":23},{"not_picked":["Outmaneuver","Dagger Throw"],"picked":"Night Terror","floor":25},{"not_picked":["Acrobatics","Deflect","Slice"],"picked":"SKIP","floor":27},{"not_picked":["Deadly Poison","Dagger Spray","Outmaneuver"],"picked":"SKIP","floor":29},{"not_picked":["Skewer","Slice","Masterful Stab"],"picked":"SKIP","floor":31},{"not_picked":["Dagger Spray+1","Bullet Time"],"picked":"Sucker Punch+1","floor":32},{"not_picked":["Night Terror","Adrenaline"],"picked":"A Thousand Cuts","floor":33},{"not_picked":["Backstab","Prepared","Deflect"],"picked":"SKIP","floor":35},{"not_picked":["Deadly Poison","Accuracy","Dagger Spray+1"],"picked":"SKIP","floor":39},{"not_picked":["Bullet Time","Sucker Punch"],"picked":"Wraith Form v2","floor":40},{"not_picked":["Deflect","Acrobatics","Underhanded Strike+1"],"picked":"SKIP","floor":42},{"not_picked":["Outmaneuver","Endless Agony","Reflex"],"picked":"SKIP","floor":45},{"not_picked":["Sucker Punch","Underhanded Strike"],"picked":"Prepared+1","floor":47},{"not_picked":["Heel Hook","Acrobatics","Dodge and Roll"],"picked":"SKIP","floor":48}],"player_experience":3036241,"relics_obtained":[{"floor":6,"key":"Mercury Hourglass"},{"floor":9,"key":"Art of War"},{"floor":12,"key":"Orichalcum"},{"floor":17,"key":"Dream Catcher"},{"floor":17,"key":"Mummified Hand"},{"floor":17,"key":"The Specimen"},{"floor":23,"key":"Happy Flower"},{"floor":25,"key":"Unceasing Top"},{"floor":26,"key":"Blood Vial"},{"floor":27,"key":"StrikeDummy"},{"floor":40,"key":"Toy Ornithopter"},{"floor":42,"key":"Whetstone"},{"floor":45,"key":"CaptainsWheel"}],"event_choices":[{"damage_healed":0,"gold_gain":0,"player_choice":"Upgraded","damage_taken":0,"max_hp_gain":0,"max_hp_loss":0,"event_name":"Upgrade Shrine","floor":11,"gold_loss":0,"cards_upgraded":["Skewer"]},{"cards_removed":["Expertise"],"damage_healed":45,"gold_gain":0,"player_choice":"Offered Uncommon","damage_taken":0,"max_hp_gain":0,"max_hp_loss":0,"event_name":"Bonfire Elementals","floor":14,"gold_loss":0},{"damage_healed":0,"gold_gain":0,"player_choice":"Became a Ghost","damage_taken":0,"max_hp_gain":0,"max_hp_loss":33,"event_name":"Ghosts","floor":19,"gold_loss":0,"cards_obtained":["Ghostly","Ghostly","Ghostly"]},{"damage_healed":0,"gold_gain":0,"player_choice":"Paid Gold","damage_taken":0,"relics_obtained":["Lantern"],"max_hp_gain":0,"max_hp_loss":0,"event_name":"WeMeetAgain","floor":20,"gold_loss":83},{"damage_healed":0,"gold_gain":0,"player_choice":"Ignored","damage_taken":0,"max_hp_gain":0,"max_hp_loss":0,"event_name":"The Moai Head","floor":36,"gold_loss":0},{"cards_removed":["Deflect"],"damage_healed":0,"gold_gain":0,"player_choice":"Removed Skill","damage_taken":0,"max_hp_gain":0,"max_hp_loss":0,"event_name":"Falling","floor":37,"gold_loss":0},{"damage_healed":0,"gold_gain":0,"player_choice":"Bought 1 Potion","damage_taken":0,"max_hp_gain":0,"max_hp_loss":0,"event_name":"The Woman in Blue","floor":38,"gold_loss":0}],"is_beta":true,"boss_relics":[{"not_picked":["HoveringKite","WristBlade"],"picked":"Calling Bell"},{"not_picked":["Tiny House","Black Star"],"picked":"Cursed Key"}],"items_purged_floors":[4,30],"is_endless":false,"potions_floor_spawned":[2,7,13,18,23,25,40,47],"killed_by":"Awakened One","ascension_level":20}