{"gold_per_floor":[113,125,142,67,94,94,120,13,13,13,13,13,43,54,54,131,131,146,157,170,170,220,220,51,51,51,51,71,98,98,129,129,206,206,220,238,290,307,327,327,357,357,357,389,389,405,405,405,405,405,405,405,405,112,146,146],"floor_reached":56,"playtime":5122,"items_purged":["Doppelganger","Doubt"],"score":2152,"play_id":"0fb03286-f680-49ae-a9cb-2a55cf923985","local_time":"20201130143121","is_ascension_mode":true,"campfire_choices":[{"data":"Skewer","floor":6.0,"key":"SMITH"},{"data":"Corpse Explosion","floor":10.0,"key":"SMITH"},{"data":"Noxious Fumes","floor":12.0,"key":"SMITH"},{"data":"Venomology","floor":15.0,"key":"SMITH"},{"data":"A Thousand Cuts","floor":23.0,"key":"SMITH"},{"data":"Bouncing Flask","floor":25.0,"key":"SMITH"},{"floor":27.0,"key":"REST"},{"floor":30.0,"key":"REST"},{"data":"Burst","floor":32.0,"key":"SMITH"},{"floor":40.0,"key":"REST"},{"floor":45.0,"key":"REST"},{"floor":47.0,"key":"RECALL"},{"floor":49.0,"key":"REST"},{"data":"Well Laid Plans","floor":53.0,"key":"SMITH"}],"neow_cost":"NONE","seed_source_timestamp":1598245989757700,"circlet_count":0,"master_deck":["AscendersBane","Survivor","Neutralize","Caltrops","Bullet Time+1","Skewer+1","Dodge and Roll+1","Die Die Die","Venomology+1","Burst+1","Quick Slash","Corpse Explosion+1","Noxious Fumes+1","Dash","Well Laid Plans+1","Finesse","Backflip","A Thousand Cuts+1","Bouncing Flask+1","Dagger Spray+1","After Image","PiercingWail","Malaise","Leg Sweep","Venomology+1","Cloak And Dagger+1","Dark Shackles","Master of Strategy","PanicButton","Footwork"],"special_seed":0,"relics":["Pandora\u0027s Box","Potion Belt","War Paint","Mercury Hourglass","TungstenRod","Cursed Key","Happy Flower","Paper Crane","Gremlin Horn","SacredBark","Lizard Tail","Ancient Tea Set","Oddly Smooth Stone","Orichalcum"],"potions_floor_usage":[56,56,56,56,56],"damage_taken":[{"damage":0.0,"enemies":"Cultist","floor":1.0,"turns":3.0},{"damage":20.0,"enemies":"Jaw Worm","floor":2.0,"turns":4.0},{"damage":0.0,"enemies":"Small Slimes","floor":3.0,"turns":3.0},{"damage":0.0,"enemies":"Gremlin Nob","floor":7.0,"turns":3.0},{"damage":0.0,"enemies":"3 Sentries","floor":13.0,"turns":2.0},{"damage":0.0,"enemies":"2 Fungi Beasts","floor":14.0,"turns":2.0},{"damage":13.0,"enemies":"Hexaghost","floor":16.0,"turns":6.0},{"damage":0.0,"enemies":"3 Byrds","floor":18.0,"turns":2.0},{"damage":6.0,"enemies":"Shell Parasite","floor":19.0,"turns":4.0},{"damage":19.0,"enemies":"Centurion and Healer","floor":20.0,"turns":4.0},{"damage":19.0,"enemies":"Shelled Parasite and Fungi","floor":28.0,"turns":5.0},{"damage":7.0,"enemies":"Book of Stabbing","floor":29.0,"turns":4.0},{"damage":10.0,"enemies":"Gremlin Leader","floor":31.0,"turns":6.0},{"damage":0.0,"enemies":"Collector","floor":33.0,"turns":6.0},{"damage":7.0,"enemies":"Orb Walker","floor":35.0,"turns":5.0},{"damage":10.0,"enemies":"3 Shapes","floor":36.0,"turns":4.0},{"damage":0.0,"enemies":"2 Orb Walkers","floor":37.0,"turns":1.0},{"damage":1.0,"enemies":"Writhing Mass","floor":38.0,"turns":6.0},{"damage":8.0,"enemies":"Maw","floor":39.0,"turns":7.0},{"damage":31.0,"enemies":"Nemesis","floor":41.0,"turns":9.0},{"damage":0.0,"enemies":"Reptomancer","floor":44.0,"turns":6.0},{"damage":0.0,"enemies":"3 Darklings","floor":46.0,"turns":1.0},{"damage":28.0,"enemies":"Time Eater","floor":50.0,"turns":15.0},{"damage":25.0,"enemies":"Donu and Deca","floor":51.0,"turns":10.0},{"damage":59.0,"enemies":"Shield and Spear","floor":55.0,"turns":6.0},{"damage":45,"enemies":"The Heart","floor":56,"turns":6}],"seed_played":"-7093659098751790833","potions_obtained":[{"floor":2.0,"key":"AttackPotion"},{"floor":7.0,"key":"Energy Potion"},{"floor":18.0,"key":"Block Potion"},{"floor":28.0,"key":"PowerPotion"},{"floor":36.0,"key":"Swift Potion"},{"floor":37.0,"key":"Poison Potion"},{"floor":39.0,"key":"SkillPotion"},{"floor":46.0,"key":"CultistPotion"},{"floor":55.0,"key":"SneckoOil"}],"is_trial":false,"path_per_floor":["M","M","M","$","T","R","E","$","T","R","?","R","E","M","R","B",null,"M","M","M","?","?","R","$","R","T","R","M","E","R","E","R","B",null,"M","M","?","M","M","R","E","?","T","E","R","M","R","?","R","B","B",null,"R","$","E","B"],"character_chosen":"THE_SILENT","items_purchased":["Finesse","Happy Flower","Fire Potion","PowerPotion","Footwork"],"campfire_rested":5,"item_purchase_floors":[8,24,54,54,54],"current_hp_per_floor":[59,39,39,39,39,39,39,39,39,39,44,44,44,44,44,31,61,61,55,36,36,36,36,36,36,36,57,38,31,52,42,42,42,64,57,47,47,46,38,59,28,28,28,28,49,49,49,40,61,33,8,55,55,55,35,0],"gold":146,"neow_bonus":"BOSS_RELIC","is_prod":false,"is_daily":false,"chose_seed":false,"campfire_upgraded":8,"win_rate":0,"timestamp":1606775481,"path_taken":["M","?","M","$","?","R","E","?","T","R","?","R","E","M","R","BOSS","M","M","M","?","?","R","$","R","T","R","M","E","R","E","R","BOSS","M","M","?","M","M","R","E","?","T","E","R","?","R","?","R","BOSS","BOSS","R","$","E","BOSS"],"build_version":"2020-11-27","purchased_purges":2,"victory":false,"max_hp_per_floor":[66,66,66,66,66,66,66,66,66,66,71,71,71,71,71,71,71,71,71,71,71,71,71,71,71,71,71,71,71,71,71,71,71,71,71,71,71,71,71,71,71,71,71,71,71,71,71,71,71,71,71,71,71,71,71,71],"card_choices":[{"not_picked":["Cloak And Dagger","Prepared"],"picked":"Noxious Fumes","floor":1.0},{"not_picked":["Dodge and Roll","Dagger Spray"],"picked":"Dash","floor":2.0},{"not_picked":["Footwork","Acrobatics"],"picked":"Well Laid Plans","floor":3.0},{"not_picked":["Sucker Punch","Acrobatics","Flying Knee"],"picked":"SKIP","floor":7.0},{"not_picked":["Masterful Stab","Dodge and Roll","Dagger Throw"],"picked":"SKIP","floor":13.0},{"not_picked":["Underhanded Strike","Dagger Throw"],"picked":"Backflip","floor":14.0},{"not_picked":["Bullet Time","Storm of Steel"],"picked":"A Thousand Cuts","floor":16.0},{"not_picked":["Slice","Riddle With Holes","Blade Dance"],"picked":"SKIP","floor":18.0},{"not_picked":["Underhanded Strike","Eviscerate"],"picked":"Bouncing Flask","floor":19.0},{"not_picked":["Caltrops","Flying Knee","Dagger Throw"],"picked":"SKIP","floor":20.0},{"not_picked":["Poisoned Stab","Quick Slash"],"picked":"Dagger Spray+1","floor":28.0},{"not_picked":["Quick Slash","Poisoned Stab"],"picked":"After Image","floor":29.0},{"not_picked":["Prepared","Acrobatics"],"picked":"PiercingWail","floor":31.0},{"not_picked":["Bullet Time","Wraith Form v2"],"picked":"Malaise","floor":33.0},{"not_picked":["Riddle With Holes","Poisoned Stab","All Out Attack"],"picked":"SKIP","floor":35.0},{"not_picked":["Cloak And Dagger","Slice","Underhanded Strike"],"picked":"SKIP","floor":36.0},{"not_picked":["Footwork","Calculated Gamble"],"picked":"Leg Sweep","floor":38.0},{"not_picked":["Dodge and Roll","Underhanded Strike","Dagger Spray"],"picked":"SKIP","floor":39.0},{"not_picked":["Underhanded Strike+1","Slice","Noxious Fumes"],"picked":"SKIP","floor":41.0},{"not_picked":["Dodge and Roll","Bane"],"picked":"Cloak And Dagger+1","floor":44.0},{"not_picked":["Finisher","Cloak And Dagger","Dagger Spray"],"picked":"SKIP","floor":46.0},{"not_picked":["Sadistic Nature","Jack Of All Trades"],"picked":"Dark Shackles","floor":48.0},{"not_picked":["Secret Technique","Violence"],"picked":"Master of Strategy","floor":48.0},{"not_picked":["Discovery","HandOfGreed"],"picked":"PanicButton","floor":48.0},{"not_picked":["Flying Knee","Underhanded Strike","Doppelganger"],"picked":"SKIP","floor":55.0}],"player_experience":3014097,"relics_obtained":[{"floor":5.0,"key":"Potion Belt"},{"floor":7.0,"key":"War Paint"},{"floor":9.0,"key":"Mercury Hourglass"},{"floor":13.0,"key":"TungstenRod"},{"floor":29.0,"key":"Paper Crane"},{"floor":31.0,"key":"Gremlin Horn"},{"floor":37.0,"key":"Lizard Tail"},{"floor":41.0,"key":"Ancient Tea Set"},{"floor":44.0,"key":"Oddly Smooth Stone"},{"floor":55.0,"key":"Orichalcum"}],"event_choices":[{"damage_healed":0.0,"max_hp_gain":5.0,"max_hp_loss":0.0,"gold_gain":0.0,"event_name":"Big Fish","player_choice":"Donut","floor":11.0,"gold_loss":0.0,"damage_taken":0.0},{"damage_healed":0.0,"max_hp_gain":0.0,"max_hp_loss":0.0,"gold_gain":0.0,"event_name":"The Mausoleum","player_choice":"Ignored","floor":21.0,"gold_loss":0.0,"damage_taken":0.0},{"damage_healed":0.0,"max_hp_gain":0.0,"max_hp_loss":0.0,"gold_gain":50.0,"event_name":"Nest","player_choice":"Stole From Cult","floor":22.0,"gold_loss":0.0,"damage_taken":0.0},{"damage_healed":0.0,"max_hp_gain":0.0,"max_hp_loss":0.0,"gold_gain":0.0,"event_name":"Mysterious Sphere","player_choice":"Fight","floor":37.0,"gold_loss":0.0,"damage_taken":0.0},{"damage_healed":0.0,"max_hp_gain":0.0,"max_hp_loss":0.0,"gold_gain":0.0,"event_name":"Duplicator","player_choice":"Copied","floor":42.0,"gold_loss":0.0,"damage_taken":0.0,"cards_obtained":["Venomology"]},{"damage_healed":0.0,"max_hp_gain":0.0,"max_hp_loss":0.0,"gold_gain":0.0,"event_name":"SensoryStone","player_choice":"Memory 3","floor":48.0,"gold_loss":0.0,"damage_taken":10.0}],"is_beta":true,"boss_relics":[{"not_picked":["Busted Crown","Empty Cage"],"picked":"Cursed Key"},{"not_picked":["Runic Pyramid","Tiny House"],"picked":"SacredBark"}],"items_purged_floors":[4,54],"is_endless":false,"potions_floor_spawned":[2,3,7,18,28,36,37,39,46,55],"killed_by":"The Heart","ascension_level":20}