{"gold_per_floor":[111,124,137,137,160,191,191,209,233,252,252,265,265,292,292,364,364,384,225,275,4,4,4,34,34,87,97,127,27,46,81,81,160,160,186,206,230,254,91,91,127,127,127,127,155,175,209,235,235,235,235],"floor_reached":51,"playtime":3744,"items_purged":["Strike_G","Doubt"],"score":1625,"play_id":"5bc2288f-d7b7-41e4-a5fc-25e22c28d161","local_time":"20201130172437","is_ascension_mode":true,"campfire_choices":[{"data":"Calculated Gamble","floor":7,"key":"SMITH"},{"floor":11,"key":"REST"},{"data":"Dagger Throw","floor":13,"key":"SMITH"},{"data":"Blade Dance","floor":15,"key":"SMITH"},{"data":"Cloak And Dagger","floor":23,"key":"SMITH"},{"data":"Neutralize","floor":25,"key":"SMITH"},{"data":"A Thousand Cuts","floor":32,"key":"SMITH"},{"data":"Wraith Form v2","floor":40,"key":"SMITH"},{"data":"Footwork","floor":42,"key":"SMITH"},{"floor":44,"key":"RECALL"},{"data":"Footwork","floor":49,"key":"SMITH"}],"neow_cost":"NONE","seed_source_timestamp":1610217821537100,"circlet_count":0,"master_deck":["AscendersBane","Strike_G","Strike_G","Strike_G","Strike_G","Defend_G","Defend_G+1","Defend_G","Defend_G+1","Defend_G","Survivor","Neutralize+1","Slice","All Out Attack+1","Dagger Throw+1","Calculated Gamble+1","Backflip","PiercingWail","Dash","Blade Dance+1","Grand Finale","Cloak And Dagger+1","Footwork+1","Blade Dance+1","Backflip","A Thousand Cuts+1","Wraith Form v2+1","Finisher","Escape Plan","Blade Dance","Dodge and Roll+1","Footwork+1","Accuracy+1","Acrobatics","Deflect"],"relics":["WristBlade","Bag of Marbles","Tough Bandages","War Paint","Ninja Scroll","Cursed Key","Eternal Feather","Regal Pillow","Omamori","Vajra","Akabeko","Calling Bell","StrikeDummy","TungstenRod","CeramicFish","Membership Card","Blood Vial","Calipers","StoneCalendar"],"potions_floor_usage":[6,14,16,24,33,46,50,50],"damage_taken":[{"damage":0,"enemies":"Jaw Worm","floor":1,"turns":5},{"damage":0,"enemies":"Cultist","floor":2,"turns":4},{"damage":0,"enemies":"2 Louse","floor":3,"turns":2},{"damage":10,"enemies":"Gremlin Nob","floor":6,"turns":4},{"damage":15,"enemies":"Lots of Slimes","floor":8,"turns":3},{"damage":23,"enemies":"Gremlin Gang","floor":10,"turns":5},{"damage":0,"enemies":"Looter","floor":12,"turns":3},{"damage":2,"enemies":"Lagavulin","floor":14,"turns":4},{"damage":6,"enemies":"Slime Boss","floor":16,"turns":6},{"damage":5,"enemies":"Shell Parasite","floor":18,"turns":3},{"damage":0,"enemies":"Gremlin Leader","floor":24,"turns":5},{"damage":0,"enemies":"Spheric Guardian","floor":27,"turns":3},{"damage":1,"enemies":"Slavers","floor":28,"turns":2},{"damage":17,"enemies":"Shelled Parasite and Fungi","floor":30,"turns":3},{"damage":15,"enemies":"Book of Stabbing","floor":31,"turns":4},{"damage":40,"enemies":"Champ","floor":33,"turns":8},{"damage":0,"enemies":"Orb Walker","floor":35,"turns":1},{"damage":0,"enemies":"3 Darklings","floor":36,"turns":2},{"damage":0,"enemies":"Jaw Worm Horde","floor":37,"turns":1},{"damage":13,"enemies":"Maw","floor":38,"turns":6},{"damage":0,"enemies":"Nemesis","floor":41,"turns":3},{"damage":0,"enemies":"Sphere and 2 Shapes","floor":45,"turns":5},{"damage":23,"enemies":"Writhing Mass","floor":46,"turns":7},{"damage":0,"enemies":"Mind Bloom Boss Battle","floor":47,"turns":8},{"damage":0,"enemies":"Reptomancer","floor":48,"turns":1},{"damage":55,"enemies":"Awakened One","floor":50,"turns":19},{"damage":19,"enemies":"Time Eater","floor":51,"turns":3}],"seed_played":"-384611844880284868","potions_obtained":[{"floor":1,"key":"Block Potion"},{"floor":10,"key":"ColorlessPotion"},{"floor":12,"key":"Ancient Potion"},{"floor":14,"key":"Swift Potion"},{"floor":18,"key":"CunningPotion"},{"floor":24,"key":"SpeedPotion"},{"floor":28,"key":"Weak Potion"},{"floor":36,"key":"GamblersBrew"},{"floor":37,"key":"FearPotion"},{"floor":45,"key":"Fruit Juice"},{"floor":46,"key":"Energy Potion"},{"floor":48,"key":"LiquidMemories"}],"is_trial":false,"path_per_floor":["M","M","M","?","T","E","R","M","T","M","R","M","R","E","R","B",null,"M","$","?","$","?","R","E","R","T","M","E","$","M","E","R","B",null,"M","M","M","M","$","R","E","R","T","R","M","M","?","E","R","B","B"],"character_chosen":"THE_SILENT","items_purchased":["Footwork","Eternal Feather","Membership Card"],"campfire_rested":1,"item_purchase_floors":[19,21,39],"current_hp_per_floor":[59,59,59,59,59,49,49,34,34,11,30,30,30,28,28,22,55,50,50,50,50,50,62,62,66,66,66,65,65,48,33,48,8,52,52,52,52,39,39,57,57,66,66,66,66,48,50,52,71,16,0],"gold":235,"neow_bonus":"BOSS_RELIC","is_prod":false,"is_daily":false,"chose_seed":false,"campfire_upgraded":9,"win_rate":0,"timestamp":1606785877,"path_taken":["M","M","M","?","?","E","R","M","T","M","R","M","R","E","R","BOSS","M","$","?","?","?","R","E","R","T","?","E","$","M","E","R","BOSS","M","?","M","M","$","R","E","R","T","R","M","?","?","E","R","BOSS","BOSS"],"build_version":"2020-11-27","purchased_purges":2,"victory":false,"max_hp_per_floor":[66,66,66,66,66,66,66,66,66,66,66,66,66,66,66,66,66,66,66,66,66,66,66,66,66,66,66,66,66,66,66,66,66,66,66,66,66,66,66,66,66,66,66,66,66,71,71,71,71,71,71],"card_choices":[{"not_picked":["Concentrate","Heel Hook"],"picked":"Slice","floor":1},{"not_picked":["PiercingWail","Sucker Punch"],"picked":"All Out Attack","floor":2},{"not_picked":["PiercingWail","Slice"],"picked":"Dagger Throw","floor":3},{"not_picked":["Bane","Backflip"],"picked":"Calculated Gamble","floor":6},{"not_picked":["Sucker Punch","Deflect"],"picked":"Backflip","floor":8},{"not_picked":["Poisoned Stab","Deflect"],"picked":"PiercingWail","floor":10},{"not_picked":["Dodge and Roll","Noxious Fumes"],"picked":"Dash","floor":12},{"not_picked":["Venomology","Calculated Gamble"],"picked":"Blade Dance","floor":14},{"not_picked":["Unload","Bullet Time"],"picked":"Grand Finale","floor":16},{"not_picked":["Deflect","Bouncing Flask"],"picked":"Cloak And Dagger","floor":18},{"not_picked":["Dagger Spray","Sucker Punch","Infinite Blades"],"picked":"SKIP","floor":24},{"not_picked":["Well Laid Plans","Backstab"],"picked":"Backflip","floor":27},{"not_picked":["Unload","Flying Knee","Escape Plan"],"picked":"SKIP","floor":28},{"not_picked":["Heel Hook","Eviscerate","Flechettes"],"picked":"SKIP","floor":30},{"not_picked":["Catalyst+1","Eviscerate"],"picked":"A Thousand Cuts","floor":31},{"not_picked":["Glass Knife","Night Terror"],"picked":"Wraith Form v2","floor":33},{"not_picked":["All Out Attack","Footwork"],"picked":"Finisher","floor":35},{"not_picked":["Riddle With Holes","Flying Knee"],"picked":"Escape Plan","floor":36},{"not_picked":["Flying Knee+1","Escape Plan"],"picked":"Blade Dance","floor":37},{"not_picked":["Backflip","Accuracy"],"picked":"Dodge and Roll+1","floor":38},{"not_picked":["Dagger Throw+1","Flying Knee"],"picked":"Footwork","floor":41},{"not_picked":["Reflex+1","Underhanded Strike+1"],"picked":"Accuracy+1","floor":45},{"not_picked":["Outmaneuver","Dodge and Roll+1"],"picked":"Acrobatics","floor":46},{"not_picked":["Deadly Poison","Caltrops"],"picked":"Deflect","floor":47},{"not_picked":["Riddle With Holes","Dagger Spray","Noxious Fumes"],"picked":"SKIP","floor":48}],"player_experience":3019219,"relics_obtained":[{"floor":5,"key":"Bag of Marbles"},{"floor":6,"key":"Tough Bandages"},{"floor":9,"key":"War Paint"},{"floor":14,"key":"Ninja Scroll"},{"floor":24,"key":"Regal Pillow"},{"floor":26,"key":"Omamori"},{"floor":28,"key":"Vajra"},{"floor":31,"key":"Akabeko"},{"floor":34,"key":"StrikeDummy"},{"floor":34,"key":"TungstenRod"},{"floor":34,"key":"CeramicFish"},{"floor":41,"key":"Blood Vial"},{"floor":47,"key":"Calipers"},{"floor":48,"key":"StoneCalendar"}],"event_choices":[{"damage_healed":0,"gold_gain":0,"player_choice":"Grow","damage_taken":0,"max_hp_gain":0,"max_hp_loss":0,"event_name":"Living Wall","floor":4,"gold_loss":0,"cards_upgraded":["All Out Attack"]},{"damage_healed":0,"gold_gain":50,"player_choice":"Pray","damage_taken":0,"max_hp_gain":0,"max_hp_loss":0,"event_name":"Golden Shrine","floor":20,"gold_loss":0},{"damage_healed":0,"gold_gain":0,"player_choice":"Copied","damage_taken":0,"max_hp_gain":0,"max_hp_loss":0,"event_name":"Duplicator","floor":22,"gold_loss":0,"cards_obtained":["Blade Dance"]},{"damage_healed":0,"gold_gain":0,"player_choice":"Fight","damage_taken":0,"max_hp_gain":0,"max_hp_loss":0,"event_name":"MindBloom","floor":47,"gold_loss":0}],"is_beta":true,"boss_relics":[{"not_picked":["Coffee Dripper","Philosopher\u0027s Stone"],"picked":"Cursed Key"},{"not_picked":["Snecko Eye","Empty Cage"],"picked":"Calling Bell"}],"items_purged_floors":[19,29],"is_endless":false,"potions_floor_spawned":[1,10,12,14,18,24,28,30,36,37,41,45,46,48],"killed_by":"Time Eater","ascension_level":20}