{"gold_per_floor":[113,133,408,427,29,61,61,94,94,9,9,44,59,76,76,150,150,169,186,206,206,233,259,259,259,259,286,321,334,361,139,139,214,214,225,242,242,242,262,262,291,291,291,325,325,339,22,22,22,22,22,22,22,22,55,55],"floor_reached":56,"playtime":4895,"items_purged":["Regret","Bite"],"score":1962,"play_id":"b35cdbbd-cb49-469e-a9bb-c9b1ab6de3bc","local_time":"20201130231948","is_ascension_mode":true,"campfire_choices":[{"data":"Predator","floor":7.0,"key":"SMITH"},{"floor":11.0,"key":"REST"},{"data":"Caltrops","floor":15.0,"key":"SMITH"},{"data":"Storm of Steel","floor":24,"key":"SMITH"},{"data":"Footwork","floor":25,"key":"SMITH"},{"data":"Neutralize","floor":32,"key":"SMITH"},{"floor":40,"key":"RECALL"},{"data":"Acrobatics","floor":42,"key":"SMITH"},{"data":"Tactician","floor":45,"key":"SMITH"},{"data":"Panacea","floor":49,"key":"SMITH"},{"data":"Dodge and Roll","floor":53,"key":"SMITH"}],"neow_cost":"NONE","seed_source_timestamp":1630361524752100,"circlet_count":0,"master_deck":["AscendersBane","Defend_G","Defend_G","Defend_G","Defend_G","Defend_G","Survivor","Neutralize+1","Poisoned Stab","Predator+1","Poisoned Stab","Footwork+1","Caltrops+1","Leg Sweep","Adrenaline","Storm of Steel+1","PiercingWail+1","Backflip","Bite","Bite","Bite","Bite","Tactician+1","Tools of the Trade+1","Acrobatics+1","Noxious Fumes+1","Wraith Form v2+1","PiercingWail","Dodge and Roll","PiercingWail+1","Acrobatics","Dodge and Roll+1","Well Laid Plans+1","Finesse","Panacea+1","Backflip+1"],"special_seed":0,"relics":["Ring of the Snake","NeowsBlessing","Pantograph","Kunai","Torii","WingedGreaves","Tough Bandages","HoveringKite","Vajra","Gremlin Horn","Omamori","Frozen Egg 2","Red Mask","Akabeko","Cursed Key","Strawberry","Darkstone Periapt","Bag of Marbles"],"potions_floor_usage":[23,23,28,30,41,41,50,56],"damage_taken":[{"damage":0.0,"enemies":"Jaw Worm","floor":1.0,"turns":1.0},{"damage":0.0,"enemies":"Cultist","floor":2.0,"turns":1.0},{"damage":0.0,"enemies":"2 Louse","floor":4.0,"turns":1.0},{"damage":30.0,"enemies":"Lagavulin","floor":6.0,"turns":5.0},{"damage":2.0,"enemies":"Gremlin Nob","floor":8.0,"turns":3.0},{"damage":14.0,"enemies":"Lagavulin","floor":12.0,"turns":6.0},{"damage":1.0,"enemies":"Exordium Wildlife","floor":13.0,"turns":6.0},{"damage":1.0,"enemies":"2 Fungi Beasts","floor":14.0,"turns":4.0},{"damage":20,"enemies":"The Guardian","floor":16,"turns":11},{"damage":0,"enemies":"Chosen","floor":18,"turns":7},{"damage":3,"enemies":"Shell Parasite","floor":19,"turns":6},{"damage":18,"enemies":"Snake Plant","floor":20,"turns":5},{"damage":9,"enemies":"Gremlin Leader","floor":23,"turns":8},{"damage":23,"enemies":"Book of Stabbing","floor":27,"turns":6},{"damage":24,"enemies":"Masked Bandits","floor":28,"turns":8},{"damage":1,"enemies":"Centurion and Healer","floor":29,"turns":6},{"damage":12,"enemies":"Slavers","floor":30,"turns":6},{"damage":21,"enemies":"Automaton","floor":33,"turns":12},{"damage":0,"enemies":"3 Darklings","floor":35,"turns":6},{"damage":0,"enemies":"3 Shapes","floor":36,"turns":5},{"damage":1,"enemies":"Writhing Mass","floor":39,"turns":8},{"damage":17,"enemies":"Giant Head","floor":41,"turns":9},{"damage":14,"enemies":"Nemesis","floor":44,"turns":9},{"damage":0,"enemies":"4 Shapes","floor":46,"turns":9},{"damage":57,"enemies":"Time Eater","floor":50,"turns":18},{"damage":31,"enemies":"Donu and Deca","floor":51,"turns":15},{"damage":47,"enemies":"Shield and Spear","floor":55,"turns":11},{"damage":47,"enemies":"The Heart","floor":56,"turns":5}],"seed_played":"2789341304120099735","potions_obtained":[{"floor":4.0,"key":"Strength Potion"},{"floor":6.0,"key":"AttackPotion"},{"floor":8.0,"key":"PowerPotion"},{"floor":16,"key":"Strength Potion"},{"floor":19,"key":"LiquidMemories"},{"floor":23,"key":"Ancient Potion"},{"floor":28,"key":"Weak Potion"},{"floor":35,"key":"FearPotion"},{"floor":39,"key":"Strength Potion"},{"floor":44,"key":"ColorlessPotion"}],"is_trial":false,"path_per_floor":["M","M","?","M","$","E","R","E","T","$","R","E","M","M","R","B",null,"M","M","M","?","T","E","R","R","T","E","?","M","E","$","R","B",null,"M","M","?","$","M","R","E","R","T","E","R","M","$","?","R","B","B",null,"R","$","E","B"],"character_chosen":"THE_SILENT","items_purchased":["Pantograph","Poison Potion","Footwork","Wraith Form v2+1","Block Potion","Acrobatics","Dodge and Roll","Well Laid Plans+1","Poison Potion"],"campfire_rested":1,"item_purchase_floors":[5,5,10,31,31,47,47,47,47],"current_hp_per_floor":[59,59,59,59,59,29,29,27,27,27,46,32,31,30,30,35,58,58,55,37,37,37,44,44,44,44,29,21,34,34,34,34,44,46,46,46,41,41,46,46,45,45,45,53,53,53,53,43,43,20,38,49,49,49,20,0],"gold":55,"neow_bonus":"THREE_ENEMY_KILL","is_prod":false,"is_daily":false,"chose_seed":false,"campfire_upgraded":9,"win_rate":0,"timestamp":1606807188,"path_taken":["M","M","?","M","$","E","R","E","T","?","R","E","M","M","R","BOSS","M","M","M","?","?","E","R","R","T","E","?","M","E","$","R","BOSS","M","M","?","$","?","R","E","R","T","E","R","M","$","?","R","BOSS","BOSS","R","$","E","BOSS"],"build_version":"2020-11-27","purchased_purges":2,"victory":false,"max_hp_per_floor":[66,66,66,66,66,66,66,66,66,66,66,66,66,66,66,66,66,66,66,66,46,46,46,46,46,46,46,46,46,46,46,46,46,46,46,46,46,46,46,46,53,53,53,53,53,53,53,53,53,53,53,53,53,53,53,53],"card_choices":[{"not_picked":["Blur","Deadly Poison"],"picked":"Poisoned Stab","floor":1.0},{"not_picked":["PiercingWail","Blur"],"picked":"Predator","floor":2.0},{"not_picked":["Deadly Poison","Prepared"],"picked":"Poisoned Stab","floor":4.0},{"not_picked":["Underhanded Strike","Concentrate","Masterful Stab"],"picked":"SKIP","floor":6.0},{"not_picked":["Dagger Spray","Riddle With Holes","Flying Knee"],"picked":"SKIP","floor":8.0},{"not_picked":["Prepared","Dagger Spray"],"picked":"Caltrops","floor":12.0},{"not_picked":["Calculated Gamble","Blur"],"picked":"Leg Sweep","floor":13.0},{"not_picked":["Leg Sweep","PiercingWail"],"picked":"Adrenaline","floor":14.0},{"not_picked":["Bullet Time","Wraith Form v2"],"picked":"Storm of Steel","floor":16},{"not_picked":["Sucker Punch","Escape Plan+1"],"picked":"PiercingWail+1","floor":18},{"not_picked":["Flying Knee","Backstab"],"picked":"Backflip","floor":19},{"not_picked":["Eviscerate","Underhanded Strike","Dodge and Roll"],"picked":"SKIP","floor":20},{"not_picked":["Bane","Dagger Throw"],"picked":"Tactician","floor":23},{"not_picked":["Corpse Explosion","Bane"],"picked":"Tools of the Trade+1","floor":27},{"not_picked":["PiercingWail","Underhanded Strike"],"picked":"Acrobatics","floor":28},{"not_picked":["Dash","Blade Dance"],"picked":"Noxious Fumes+1","floor":29},{"not_picked":["Infinite Blades+1","Backstab","Backflip"],"picked":"SKIP","floor":30},{"not_picked":["Underhanded Strike","Flying Knee","Sucker Punch"],"picked":"SKIP","floor":35},{"not_picked":["All Out Attack","Blade Dance"],"picked":"PiercingWail","floor":36},{"not_picked":["Bane+1","Underhanded Strike"],"picked":"Dodge and Roll","floor":39},{"not_picked":["Quick Slash+1","Setup+1","Prepared"],"picked":"SKIP","floor":41},{"not_picked":["Corpse Explosion","Dagger Throw"],"picked":"PiercingWail+1","floor":44},{"not_picked":["All Out Attack","Finisher","Slice"],"picked":"SKIP","floor":46},{"not_picked":["Flash of Steel","The Bomb"],"picked":"Finesse","floor":48},{"not_picked":["Mind Blast","Deep Breath"],"picked":"Panacea","floor":48},{"not_picked":["Blade Dance","Deadly Poison"],"picked":"Backflip+1","floor":55}],"player_experience":3025237,"relics_obtained":[{"floor":6.0,"key":"Kunai"},{"floor":8.0,"key":"Torii"},{"floor":9.0,"key":"WingedGreaves"},{"floor":12.0,"key":"Tough Bandages"},{"floor":22,"key":"Vajra"},{"floor":23,"key":"Gremlin Horn"},{"floor":26,"key":"Omamori"},{"floor":27,"key":"Frozen Egg 2"},{"floor":28,"key":"Red Mask"},{"floor":30,"key":"Akabeko"},{"floor":41,"key":"Strawberry"},{"floor":44,"key":"Darkstone Periapt"},{"floor":55,"key":"Bag of Marbles"}],"event_choices":[{"damage_healed":0.0,"max_hp_gain":0.0,"max_hp_loss":0.0,"gold_gain":275.0,"event_name":"Golden Shrine","player_choice":"Desecrate","floor":3.0,"gold_loss":0.0,"damage_taken":0.0,"cards_obtained":["Regret"]},{"damage_healed":0,"gold_gain":0,"player_choice":"Became a vampire","damage_taken":0,"max_hp_gain":0,"max_hp_loss":20,"event_name":"Vampires","floor":21,"gold_loss":0,"cards_obtained":["Bite","Bite","Bite","Bite","Bite"]},{"damage_healed":0,"gold_gain":0,"player_choice":"Fought Bandits","damage_taken":0,"max_hp_gain":0,"max_hp_loss":0,"event_name":"Masked Bandits","floor":28,"gold_loss":0},{"damage_healed":0,"gold_gain":0,"player_choice":"Punched","damage_taken":5,"max_hp_gain":0,"max_hp_loss":0,"event_name":"Designer","floor":37,"gold_loss":0},{"damage_healed":0,"gold_gain":0,"player_choice":"Memory 3","damage_taken":10,"max_hp_gain":0,"max_hp_loss":0,"event_name":"SensoryStone","floor":48,"gold_loss":0}],"is_beta":true,"boss_relics":[{"not_picked":["Philosopher\u0027s Stone","Busted Crown"],"picked":"HoveringKite"},{"not_picked":["Snecko Eye","Black Star"],"picked":"Cursed Key"}],"items_purged_floors":[5,47],"is_endless":false,"potions_floor_spawned":[4,6,8,16,19,23,28,35,39,44],"killed_by":"The Heart","ascension_level":20}