{"gold_per_floor":[209,227,287,301,49,82,82,115,167,167,203,229,229,229,229,303,303,323,3,32,32,53,87,101,101,151,179,179,279,279,289,289,289],"floor_reached":33,"playtime":2425,"items_purged":["Strike_G"],"score":606,"play_id":"52d27bc4-7f1c-46c7-a00c-efeeaacc3ecc","local_time":"20201128004548","is_ascension_mode":true,"campfire_choices":[{"floor":7.0,"key":"REST"},{"data":"Noxious Fumes","floor":15.0,"key":"SMITH"},{"floor":25.0,"key":"REST"},{"floor":30,"key":"REST"},{"data":"Footwork","floor":32,"key":"SMITH"}],"neow_cost":"NONE","seed_source_timestamp":1378679854354800,"circlet_count":0,"master_deck":["AscendersBane","Strike_G","Strike_G","Strike_G","Strike_G","Defend_G","Defend_G","Defend_G","Defend_G","Defend_G","Survivor","Neutralize","Backstab","Dagger Throw","Flechettes","Noxious Fumes","Noxious Fumes+1","Footwork","Crippling Poison","Dodge and Roll","Poisoned Stab+1","Footwork+1","Backflip","Dash"],"special_seed":0,"relics":["Ring of the Snake","TwistedFunnel","Pantograph","Bronze Scales","CeramicFish","Blue Candle","Mercury Hourglass","Runic Dome","Strawberry","Du-Vu Doll","Ancient Tea Set","Matryoshka","Turnip","Bottled Lightning"],"potions_floor_usage":[29,33],"damage_taken":[{"damage":4.0,"enemies":"Jaw Worm","floor":1.0,"turns":7.0},{"damage":1.0,"enemies":"2 Louse","floor":2.0,"turns":3.0},{"damage":6.0,"enemies":"Small Slimes","floor":4.0,"turns":3.0},{"damage":44.0,"enemies":"3 Sentries","floor":6.0,"turns":9.0},{"damage":8.0,"enemies":"Gremlin Nob","floor":8.0,"turns":3.0},{"damage":18.0,"enemies":"Lagavulin","floor":11.0,"turns":8.0},{"damage":4.0,"enemies":"2 Fungi Beasts","floor":12.0,"turns":3.0},{"damage":16.0,"enemies":"Hexaghost","floor":16.0,"turns":9.0},{"damage":0.0,"enemies":"3 Byrds","floor":18.0,"turns":3.0},{"damage":0.0,"enemies":"Spheric Guardian","floor":20.0,"turns":4.0},{"damage":16.0,"enemies":"Snecko","floor":22.0,"turns":5.0},{"damage":26.0,"enemies":"Slavers","floor":23.0,"turns":4.0},{"damage":4.0,"enemies":"3 Cultists","floor":24.0,"turns":4.0},{"damage":13.0,"enemies":"Book of Stabbing","floor":27.0,"turns":5.0},{"damage":5,"enemies":"Colosseum Slavers","floor":29,"turns":4},{"damage":5,"enemies":"Colosseum Nobs","floor":29,"turns":4},{"damage":9,"enemies":"Centurion and Healer","floor":31,"turns":6},{"damage":69,"enemies":"Champ","floor":33,"turns":14}],"seed_played":"-1380931746620298530","potions_obtained":[{"floor":2.0,"key":"Poison Potion"},{"floor":6.0,"key":"LiquidMemories"},{"floor":12.0,"key":"Strength Potion"},{"floor":24.0,"key":"SneckoOil"},{"floor":27.0,"key":"Strength Potion"},{"floor":31,"key":"LiquidBronze"}],"is_trial":false,"path_per_floor":["M","M","?","M","$","E","R","E","T","?","E","M","T","?","R","B",null,"M","$","M","?","M","E","M","R","T","E","?","?","R","M","R","B"],"character_chosen":"THE_SILENT","items_purchased":["TwistedFunnel","Noxious Fumes","Footwork","Strawberry"],"campfire_rested":3,"item_purchase_floors":[5,5,19,19],"current_hp_per_floor":[55,54,54,48,48,4,23,15,15,37,19,15,15,15,15,24,56,56,63,63,63,47,21,17,38,38,25,25,15,36,27,27,0],"gold":289,"neow_bonus":"HUNDRED_GOLD","is_prod":false,"is_daily":false,"chose_seed":false,"campfire_upgraded":2,"win_rate":0,"timestamp":1606553148,"path_taken":["M","M","?","M","$","E","R","E","T","?","E","M","?","?","R","BOSS","M","$","M","?","M","E","M","R","T","E","?","?","R","M","R","BOSS"],"build_version":"2020-11-27","purchased_purges":1,"victory":false,"max_hp_per_floor":[66,66,66,66,66,66,66,66,66,66,66,66,66,66,66,66,66,66,73,73,73,73,73,73,73,73,73,73,73,73,73,73,73],"card_choices":[{"not_picked":["Sucker Punch","Distraction"],"picked":"Backstab","floor":1.0},{"not_picked":["Acrobatics","Deflect"],"picked":"Dagger Throw","floor":2.0},{"not_picked":["Outmaneuver","Reflex"],"picked":"Flechettes","floor":4.0},{"not_picked":["PiercingWail","Setup"],"picked":"Noxious Fumes","floor":6.0},{"not_picked":["Terror","Blur"],"picked":"Footwork","floor":8.0},{"not_picked":["Outmaneuver","Cloak And Dagger"],"picked":"Crippling Poison","floor":11.0},{"not_picked":["Outmaneuver","Endless Agony"],"picked":"Dodge and Roll","floor":12.0},{"not_picked":["Accuracy","Cloak And Dagger"],"picked":"Poisoned Stab+1","floor":18.0},{"not_picked":["Escape Plan","Flying Knee"],"picked":"Backflip","floor":20.0},{"not_picked":["Eviscerate","Poisoned Stab"],"picked":"Dash","floor":22.0},{"not_picked":["Predator","Blade Dance","Acrobatics"],"picked":"SKIP","floor":23.0},{"not_picked":["Deadly Poison","Blade Dance","Distraction"],"picked":"SKIP","floor":24.0},{"not_picked":["Terror","Acrobatics","Deadly Poison"],"picked":"SKIP","floor":27.0},{"not_picked":["Bane","Riddle With Holes","Deadly Poison"],"picked":"SKIP","floor":31}],"player_experience":2986595,"relics_obtained":[{"floor":6.0,"key":"Pantograph"},{"floor":8.0,"key":"Bronze Scales"},{"floor":9.0,"key":"CeramicFish"},{"floor":11.0,"key":"Blue Candle"},{"floor":13.0,"key":"Mercury Hourglass"},{"floor":23.0,"key":"Du-Vu Doll"},{"floor":26.0,"key":"Ancient Tea Set"},{"floor":27.0,"key":"Matryoshka"},{"floor":29,"key":"Turnip"},{"floor":29,"key":"Bottled Lightning"}],"event_choices":[{"damage_healed":0.0,"max_hp_gain":0.0,"max_hp_loss":0.0,"gold_gain":60.0,"event_name":"Golden Wing","player_choice":"Gained Gold","floor":3.0,"gold_loss":0.0,"damage_taken":0.0},{"damage_healed":22.0,"max_hp_gain":0.0,"max_hp_loss":0.0,"gold_gain":0.0,"event_name":"Big Fish","player_choice":"Banana","floor":10.0,"gold_loss":0.0,"damage_taken":0.0},{"damage_healed":0.0,"max_hp_gain":0.0,"max_hp_loss":0.0,"gold_gain":0.0,"event_name":"Shining Light","player_choice":"Ignored","floor":14.0,"gold_loss":0.0,"damage_taken":0.0},{"damage_healed":0.0,"max_hp_gain":0.0,"max_hp_loss":0.0,"gold_gain":0.0,"event_name":"The Mausoleum","player_choice":"Ignored","floor":28.0,"gold_loss":0.0,"damage_taken":0.0},{"damage_healed":0,"gold_gain":0,"player_choice":"Fight","damage_taken":0,"max_hp_gain":0,"max_hp_loss":0,"event_name":"Colosseum","floor":29,"gold_loss":0},{"damage_healed":0,"gold_gain":0,"player_choice":"Fought Nobs","damage_taken":0,"max_hp_gain":0,"max_hp_loss":0,"event_name":"Colosseum","floor":29,"gold_loss":0}],"is_beta":true,"boss_relics":[{"not_picked":["Ectoplasm","Tiny House"],"picked":"Runic Dome"}],"items_purged_floors":[19],"is_endless":false,"potions_floor_spawned":[2,6,12,18,24,27,31],"killed_by":"Champ","ascension_level":20}