{"gold_per_floor":[216,85,85,95,107,107,121,154,203,234,40,51,51,51,51,141,141,157,176,91,91,31,31,66,66,66,78,105,144,156,188,200,289,301,323,347,372,404,426,467,492,531,592,604,616,646,668,1005,1017,1029,1041],"floor_reached":51,"playtime":15073,"items_purged":["Strike_G"],"score":1493,"play_id":"2ac2146d-4f91-42df-9d79-e50a4f2ca374","local_time":"20201128193627","is_ascension_mode":true,"campfire_choices":[{"data":"Dagger Spray","floor":6,"key":"SMITH"},{"data":"Bouncing Flask","floor":13,"key":"SMITH"},{"data":"Crippling Poison","floor":15,"key":"SMITH"},{"data":"Corpse Explosion","floor":23,"key":"SMITH"},{"data":"Footwork","floor":25,"key":"SMITH"},{"data":"Neutralize","floor":30,"key":"SMITH"},{"floor":32,"key":"REST"},{"floor":45,"key":"RECALL"},{"data":"Footwork","floor":49,"key":"SMITH"}],"neow_cost":"NONE","seed_source_timestamp":1433958516061200,"circlet_count":0,"master_deck":["AscendersBane","Strike_G","Strike_G+1","Strike_G","Strike_G","Defend_G","Defend_G","Defend_G","Defend_G","Defend_G","Survivor","Neutralize+1","Dagger Spray","Dagger Throw+1","Dagger Spray+1","Footwork+1","Die Die Die","Crippling Poison+1","Bouncing Flask+1","PiercingWail","Corpse Explosion+1","PiercingWail","Acrobatics","Dodge and Roll","Dodge and Roll+1","Footwork+1","Catalyst+1","Acrobatics+1","Backflip","Bouncing Flask+1"],"relics":["Ring of the Snake","White Beast Statue","Snake Skull","Whetstone","Matryoshka","Bloody Idol","Philosopher\u0027s Stone","Gambling Chip","Pear","Lizard Tail","MawBank","Bag of Marbles","SlaversCollar","Shuriken","PreservedInsect","Strawberry","Dream Catcher","Old Coin"],"potions_floor_usage":[8,8,16,19,33,38,39,39,40,42,42,48,50,50],"damage_taken":[{"damage":1,"enemies":"Jaw Worm","floor":1,"turns":4},{"damage":2,"enemies":"Small Slimes","floor":4,"turns":5},{"damage":1,"enemies":"2 Louse","floor":5,"turns":2},{"damage":0,"enemies":"2 Fungi Beasts","floor":7,"turns":3},{"damage":15,"enemies":"Lagavulin","floor":8,"turns":5},{"damage":19,"enemies":"3 Sentries","floor":10,"turns":6},{"damage":4,"enemies":"Large Slime","floor":12,"turns":5},{"damage":1,"enemies":"Slime Boss","floor":16,"turns":8},{"damage":0,"enemies":"Chosen","floor":18,"turns":4},{"damage":15,"enemies":"Shell Parasite","floor":19,"turns":4},{"damage":7,"enemies":"Gremlin Leader","floor":24,"turns":4},{"damage":17,"enemies":"Centurion and Healer","floor":28,"turns":5},{"damage":16,"enemies":"Slavers","floor":29,"turns":2},{"damage":16,"enemies":"Snake Plant","floor":31,"turns":4},{"damage":50,"enemies":"Collector","floor":33,"turns":7},{"damage":10,"enemies":"3 Shapes","floor":35,"turns":4},{"damage":9,"enemies":"Orb Walker","floor":36,"turns":4},{"damage":6,"enemies":"Maw","floor":37,"turns":7},{"damage":15,"enemies":"Transient","floor":38,"turns":6},{"damage":8,"enemies":"Writhing Mass","floor":39,"turns":8},{"damage":83,"enemies":"Nemesis","floor":40,"turns":9},{"damage":19,"enemies":"Jaw Worm Horde","floor":41,"turns":3},{"damage":20,"enemies":"Reptomancer","floor":42,"turns":5},{"damage":10,"enemies":"4 Shapes","floor":46,"turns":4},{"damage":0,"enemies":"Maw","floor":47,"turns":6},{"damage":0,"enemies":"Mind Bloom Boss Battle","floor":48,"turns":5},{"damage":63,"enemies":"Donu and Deca","floor":50,"turns":9},{"damage":21,"enemies":"Awakened One","floor":51,"turns":3}],"seed_played":"3840159654613043510","potions_obtained":[{"floor":4,"key":"DuplicationPotion"},{"floor":5,"key":"Poison Potion"},{"floor":8,"key":"Weak Potion"},{"floor":10,"key":"Dexterity Potion"},{"floor":12,"key":"Fire Potion"},{"floor":16,"key":"Explosive Potion"},{"floor":19,"key":"Explosive Potion"},{"floor":29,"key":"CunningPotion"},{"floor":33,"key":"Poison Potion"},{"floor":38,"key":"Block Potion"},{"floor":39,"key":"CunningPotion"},{"floor":40,"key":"Poison Potion"},{"floor":41,"key":"LiquidMemories"},{"floor":42,"key":"FearPotion"},{"floor":46,"key":"Explosive Potion"},{"floor":47,"key":"Weak Potion"},{"floor":48,"key":"SpeedPotion"}],"is_trial":false,"path_per_floor":["M","$","?","M","M","R","M","E","T","E","$","M","R","?","R","B",null,"M","M","?","?","?","R","E","R","T","$","M","E","R","M","R","B",null,"M","M","M","M","M","E","M","E","T","$","R","M","M","?","R","B","B"],"character_chosen":"THE_SILENT","items_purchased":["Dagger Spray","CunningPotion","Crippling Poison","Bouncing Flask"],"campfire_rested":1,"item_purchase_floors":[2,2,11,11],"current_hp_per_floor":[58,58,53,51,50,50,50,35,35,16,16,12,12,12,12,11,48,48,33,33,33,43,43,41,41,41,46,39,33,38,32,58,18,58,58,59,63,58,60,34,25,15,32,37,42,42,52,67,72,14,0],"gold":1041,"neow_bonus":"HUNDRED_GOLD","is_prod":false,"is_daily":false,"chose_seed":false,"campfire_upgraded":7,"win_rate":0,"timestamp":1606620987,"path_taken":["M","$","?","M","M","R","M","E","T","E","$","M","R","?","R","BOSS","M","M","?","?","?","R","E","R","T","$","M","E","R","M","R","BOSS","M","M","?","M","M","E","M","E","T","$","R","M","M","?","R","BOSS","BOSS"],"build_version":"2020-11-27","purchased_purges":1,"victory":false,"max_hp_per_floor":[66,66,66,66,66,66,66,66,66,66,66,66,66,60,60,60,60,60,60,60,60,70,70,70,70,70,70,70,70,70,70,70,70,70,70,70,70,70,70,70,70,70,77,77,77,77,77,77,77,77,77],"card_choices":[{"not_picked":["Outmaneuver","Slice","Acrobatics"],"picked":"SKIP","floor":1},{"not_picked":["Sucker Punch","Poisoned Stab"],"picked":"Dagger Throw","floor":4},{"not_picked":["Prepared","Infinite Blades"],"picked":"Dagger Spray","floor":5},{"not_picked":["Distraction","Dagger Spray","Deadly Poison"],"picked":"SKIP","floor":7},{"not_picked":["Sucker Punch","Caltrops"],"picked":"Footwork","floor":8},{"not_picked":["Dagger Throw","Setup"],"picked":"Die Die Die","floor":10},{"not_picked":["Dagger Throw","Backflip"],"picked":"PiercingWail","floor":12},{"not_picked":["Malaise","Adrenaline"],"picked":"Corpse Explosion","floor":16},{"not_picked":["Prepared","Poisoned Stab","Deadly Poison"],"picked":"SKIP","floor":18},{"not_picked":["Dagger Throw","Flying Knee"],"picked":"PiercingWail","floor":19},{"not_picked":["Outmaneuver","Prepared","Phantasmal Killer"],"picked":"SKIP","floor":24},{"not_picked":["Concentrate","Quick Slash+1","Prepared"],"picked":"SKIP","floor":28},{"not_picked":["Blade Dance","Distraction","Dagger Spray"],"picked":"SKIP","floor":29},{"not_picked":["Predator","Cloak And Dagger","Outmaneuver"],"picked":"SKIP","floor":31},{"not_picked":["Dagger Spray+1","Sucker Punch","Deadly Poison"],"picked":"SKIP","floor":35},{"not_picked":["Cloak And Dagger","Deflect","Acrobatics"],"picked":"SKIP","floor":36},{"not_picked":["Terror","Outmaneuver+1"],"picked":"Acrobatics","floor":37},{"not_picked":["Blur","Blade Dance+1"],"picked":"Dodge and Roll","floor":38},{"not_picked":["Unload","Crippling Poison"],"picked":"Dodge and Roll+1","floor":39},{"not_picked":["All Out Attack+1","Dagger Spray"],"picked":"Footwork","floor":40},{"not_picked":["Dagger Spray+1","PiercingWail"],"picked":"Catalyst+1","floor":41},{"not_picked":["Quick Slash+1","Deflect"],"picked":"Acrobatics+1","floor":42},{"not_picked":["Poisoned Stab","Expertise"],"picked":"Backflip","floor":46},{"not_picked":["Slice","Poisoned Stab+1","Calculated Gamble"],"picked":"SKIP","floor":47},{"not_picked":["Acrobatics","Bane"],"picked":"Bouncing Flask+1","floor":48}],"player_experience":2989020,"relics_obtained":[{"floor":8,"key":"Snake Skull"},{"floor":9,"key":"Whetstone"},{"floor":10,"key":"Matryoshka"},{"floor":24,"key":"Lizard Tail"},{"floor":26,"key":"MawBank"},{"floor":29,"key":"Bag of Marbles"},{"floor":40,"key":"Shuriken"},{"floor":42,"key":"PreservedInsect"},{"floor":43,"key":"Strawberry"},{"floor":43,"key":"Dream Catcher"},{"floor":48,"key":"Old Coin"}],"event_choices":[{"damage_healed":0,"gold_gain":0,"player_choice":"Success","damage_taken":5,"relics_obtained":["White Beast Statue"],"max_hp_gain":0,"max_hp_loss":0,"event_name":"Scrap Ooze","floor":3,"gold_loss":0},{"damage_healed":0,"gold_gain":0,"player_choice":"Lose Max HP","damage_taken":0,"relics_obtained":["Golden Idol"],"max_hp_gain":0,"max_hp_loss":6,"event_name":"Golden Idol","floor":14,"gold_loss":0},{"damage_healed":0,"gold_gain":0,"player_choice":"Obtained Relic","damage_taken":0,"relics_obtained":["Gambling Chip"],"max_hp_gain":0,"max_hp_loss":0,"event_name":"Addict","floor":20,"gold_loss":85},{"damage_healed":0,"gold_gain":0,"player_choice":"Gave Idol","damage_taken":0,"relics_obtained":["Bloody Idol"],"max_hp_gain":0,"max_hp_loss":0,"event_name":"Forgotten Altar","floor":21,"relics_lost":["Golden Idol"],"gold_loss":0},{"damage_healed":0,"gold_gain":0,"player_choice":"Paid Gold","damage_taken":0,"relics_obtained":["Pear"],"max_hp_gain":0,"max_hp_loss":0,"event_name":"WeMeetAgain","floor":22,"gold_loss":60},{"damage_healed":0,"gold_gain":0,"player_choice":"Fight","damage_taken":0,"max_hp_gain":0,"max_hp_loss":0,"event_name":"MindBloom","floor":48,"gold_loss":0}],"is_beta":true,"boss_relics":[{"not_picked":["Tiny House","Ectoplasm"],"picked":"Philosopher\u0027s Stone"},{"not_picked":["Black Star","Runic Pyramid"],"picked":"SlaversCollar"}],"items_purged_floors":[11],"is_endless":false,"potions_floor_spawned":[4,5,7,8,10,12,16,18,19,24,28,29,31,33,35,36,37,38,39,40,41,42,46,47,48],"killed_by":"Awakened One","ascension_level":20}