{"gold_per_floor":[118,134,150,121,121,121,152,152,220,245,245,245],"floor_reached":12,"playtime":612,"items_purged":[],"score":172,"play_id":"03d64b94-6116-49bf-b855-a5f376c6063a","local_time":"20201130215739","is_ascension_mode":true,"campfire_choices":[{"data":"Eviscerate","floor":6,"key":"SMITH"},{"data":"Underhanded Strike","floor":8,"key":"SMITH"}],"neow_cost":"TEN_PERCENT_HP_LOSS","seed_source_timestamp":1629735761732800,"circlet_count":0,"master_deck":["AscendersBane","Strike_G","Strike_G","Strike_G","Strike_G","Strike_G","Defend_G","Defend_G","Defend_G","Defend_G","Defend_G","Survivor","Neutralize","Venomology","Blade Dance","Eviscerate+1","Crippling Poison","Underhanded Strike+1","After Image","Underhanded Strike"],"relics":["Ring of the Snake","Smiling Mask","Bottled Lightning","Omamori"],"potions_floor_usage":[2,3,7,7,10,10,12],"damage_taken":[{"damage":6,"enemies":"Jaw Worm","floor":1,"turns":6},{"damage":3,"enemies":"2 Louse","floor":2,"turns":6},{"damage":0,"enemies":"Cultist","floor":3,"turns":3},{"damage":4,"enemies":"Gremlin Nob","floor":7,"turns":3},{"damage":37,"enemies":"Lagavulin","floor":10,"turns":8},{"damage":31,"enemies":"3 Sentries","floor":12,"turns":4}],"seed_played":"-3802400892276493208","potions_obtained":[{"floor":2,"key":"BlessingOfTheForge"}],"is_trial":false,"path_per_floor":["M","M","M","$","?","R","E","R","T","E","?","E"],"character_chosen":"THE_SILENT","items_purchased":["Underhanded Strike"],"campfire_rested":0,"item_purchase_floors":[4],"current_hp_per_floor":[53,50,50,50,50,50,46,46,46,9,24,0],"gold":245,"neow_bonus":"THREE_RARE_CARDS","is_prod":false,"is_daily":false,"chose_seed":false,"campfire_upgraded":2,"win_rate":0,"timestamp":1606802259,"path_taken":["M","M","M","$","?","R","E","R","T","E","?","E"],"build_version":"2020-11-27","purchased_purges":0,"victory":false,"max_hp_per_floor":[60,60,60,60,60,60,60,60,60,60,60,60],"card_choices":[{"not_picked":["A Thousand Cuts","Wraith Form v2"],"picked":"Venomology","floor":0},{"not_picked":["Deadly Poison","Outmaneuver"],"picked":"Blade Dance","floor":1},{"not_picked":["Riddle With Holes","Accuracy"],"picked":"Eviscerate","floor":2},{"not_picked":["Dodge and Roll","Quick Slash"],"picked":"Crippling Poison","floor":3},{"not_picked":["Deflect","Cloak And Dagger"],"picked":"After Image","floor":7},{"not_picked":["Deflect","Footwork"],"picked":"Underhanded Strike","floor":10}],"player_experience":3024625,"relics_obtained":[{"floor":7,"key":"Smiling Mask"},{"floor":9,"key":"Bottled Lightning"},{"floor":10,"key":"Omamori"}],"event_choices":[{"damage_healed":0,"gold_gain":0,"player_choice":"Ignored","damage_taken":0,"max_hp_gain":0,"max_hp_loss":0,"event_name":"Liars Game","floor":5,"gold_loss":0},{"damage_healed":15,"gold_gain":0,"player_choice":"Healed and dodged fight","damage_taken":0,"max_hp_gain":0,"max_hp_loss":0,"event_name":"Mushrooms","floor":11,"gold_loss":0,"cards_obtained":["Parasite"]}],"is_beta":true,"boss_relics":[],"items_purged_floors":[],"is_endless":false,"potions_floor_spawned":[2],"killed_by":"3 Sentries","ascension_level":20}