{"gold_per_floor":[117,131,131,149,149,149,180,180,180,215,48,48,72,141,141,141],"floor_reached":16,"playtime":744,"items_purged":[],"score":216,"play_id":"ec1e1615-ca7a-4387-b529-660693d900d5","local_time":"20201201105400","is_ascension_mode":true,"campfire_choices":[{"data":"Predator","floor":6.0,"key":"SMITH"},{"floor":12,"key":"REST"},{"data":"Crippling Poison","floor":15,"key":"SMITH"}],"neow_cost":"NONE","seed_source_timestamp":1676158340653300,"circlet_count":0,"master_deck":["AscendersBane","Strike_G","Strike_G","Strike_G","Strike_G","Strike_G","Defend_G","Defend_G","Defend_G","Defend_G","Defend_G","Survivor","Neutralize","Dash","Predator+1","Crippling Poison+1","Predator+1","Dagger Spray+1"],"special_seed":0,"relics":["Ring of the Snake","Happy Flower","Golden Idol","Molten Egg 2","White Beast Statue","Mummified Hand","TwistedFunnel","Matryoshka"],"potions_floor_usage":[14,14,14,14,16],"damage_taken":[{"damage":1.0,"enemies":"2 Louse","floor":1.0,"turns":3.0},{"damage":6.0,"enemies":"Jaw Worm","floor":2.0,"turns":7.0},{"damage":0.0,"enemies":"Small Slimes","floor":4.0,"turns":2.0},{"damage":15.0,"enemies":"3 Sentries","floor":7.0,"turns":7.0},{"damage":36,"enemies":"Lagavulin","floor":10,"turns":8},{"damage":0,"enemies":"Exordium Wildlife","floor":13,"turns":5},{"damage":9,"enemies":"Lagavulin Event","floor":14,"turns":5},{"damage":36,"enemies":"Slime Boss","floor":16,"turns":7}],"seed_played":"-7462855886901108991","potions_obtained":[{"floor":4.0,"key":"DistilledChaos"},{"floor":10,"key":"EntropicBrew"},{"floor":13,"key":"Block Potion"},{"floor":14,"key":"Explosive Potion"}],"is_trial":false,"path_per_floor":["M","M","?","M","?","R","E","?","T","E","$","R","M","?","R","B"],"character_chosen":"THE_SILENT","items_purchased":["TwistedFunnel"],"campfire_rested":1,"item_purchase_floors":[11],"current_hp_per_floor":[58,52,57,57,57,57,42,42,42,6,6,25,25,28,28,0],"gold":141,"neow_bonus":"RANDOM_COMMON_RELIC","is_prod":false,"is_daily":false,"chose_seed":false,"campfire_upgraded":2,"win_rate":0,"timestamp":1606848840,"path_taken":["M","M","?","M","?","R","E","?","T","E","$","R","M","?","R","BOSS"],"build_version":"2020-11-27","purchased_purges":0,"victory":false,"max_hp_per_floor":[66,66,71,71,64,64,64,64,64,64,64,64,64,64,64,64],"card_choices":[{"not_picked":["Slice","PiercingWail"],"picked":"Dash","floor":1.0},{"not_picked":["Quick Slash","Blade Dance"],"picked":"Predator","floor":2.0},{"not_picked":["Sucker Punch","Expertise"],"picked":"Crippling Poison","floor":4.0},{"not_picked":["Dagger Throw+1","Backflip"],"picked":"Predator+1","floor":7.0},{"not_picked":["Reflex","Bouncing Flask","Backflip"],"picked":"SKIP","floor":10},{"not_picked":["Poisoned Stab+1","Cloak And Dagger"],"picked":"Dagger Spray+1","floor":13}],"player_experience":3033303,"relics_obtained":[{"floor":7.0,"key":"Molten Egg 2"},{"floor":9.0,"key":"White Beast Statue"},{"floor":10,"key":"Mummified Hand"},{"floor":14,"key":"Matryoshka"}],"event_choices":[{"damage_healed":0.0,"max_hp_gain":5.0,"max_hp_loss":0.0,"gold_gain":0.0,"event_name":"Big Fish","player_choice":"Donut","floor":3.0,"gold_loss":0.0,"damage_taken":0.0},{"damage_healed":0.0,"max_hp_gain":0.0,"max_hp_loss":7.0,"gold_gain":0.0,"event_name":"Golden Idol","player_choice":"Lose Max HP","floor":5.0,"gold_loss":0.0,"damage_taken":0.0,"relics_obtained":["Golden Idol"]},{"damage_healed":0.0,"max_hp_gain":0.0,"max_hp_loss":0.0,"gold_gain":0.0,"event_name":"The Cleric","player_choice":"Leave","floor":8.0,"gold_loss":0.0,"damage_taken":0.0},{"damage_healed":0,"gold_gain":0,"player_choice":"Searched \u00272\u0027 times","damage_taken":0,"max_hp_gain":0,"max_hp_loss":0,"event_name":"Dead Adventurer","floor":14,"gold_loss":0}],"is_beta":true,"boss_relics":[],"items_purged_floors":[],"is_endless":false,"potions_floor_spawned":[4,10,13,14],"killed_by":"Slime Boss","ascension_level":20}