{"gold_per_floor":[109,119,119,132,57,57,70,105,131,131,131,131,56,68,68,145,145,162,179,94,94,94,121,121,148,174,174,174,34,59,76,76,76],"floor_reached":33,"playtime":1692,"items_purged":["Decay","Decay"],"score":702,"play_id":"590d0300-0937-4325-b342-6cfa98a4b548","local_time":"20210111212458","is_ascension_mode":true,"campfire_choices":[{"data":"Noxious Fumes","floor":6,"key":"SMITH"},{"floor":10,"key":"REST"},{"data":"Poisoned Stab","floor":12,"key":"SMITH"},{"data":"Bouncing Flask","floor":15,"key":"SMITH"},{"data":"Corpse Explosion","floor":24,"key":"SMITH"},{"floor":28,"key":"REST"},{"data":"Ghostly","floor":32,"key":"SMITH"}],"neow_cost":"NONE","seed_source_timestamp":959958449850000,"circlet_count":0,"master_deck":["AscendersBane","Strike_G","Strike_G","Strike_G","Strike_G+1","Strike_G","Defend_G","Defend_G+1","Defend_G","Defend_G","Defend_G","Survivor+1","Neutralize","Quick Slash","Noxious Fumes+1","Catalyst+1","Poisoned Stab+1","Deadly Poison","Bouncing Flask+1","Corpse Explosion+1","PiercingWail","Backflip+1","Ghostly+1","Ghostly","Ghostly","Escape Plan","Crippling Poison","Dodge and Roll"],"relics":["SacredBark","War Paint","Oddly Smooth Stone","Philosopher\u0027s Stone","Vajra","Anchor","Singing Bowl","Regal Pillow","Bronze Scales"],"potions_floor_usage":[7,8,19,30],"damage_taken":[{"damage":7,"enemies":"Small Slimes","floor":1,"turns":5},{"damage":1,"enemies":"Cultist","floor":2,"turns":4},{"damage":5,"enemies":"Jaw Worm","floor":4,"turns":5},{"damage":7,"enemies":"Large Slime","floor":7,"turns":6},{"damage":26,"enemies":"Gremlin Nob","floor":8,"turns":4},{"damage":4,"enemies":"3 Louse","floor":14,"turns":6},{"damage":6,"enemies":"Hexaghost","floor":16,"turns":6},{"damage":13,"enemies":"Chosen","floor":18,"turns":3},{"damage":4,"enemies":"3 Byrds","floor":19,"turns":3},{"damage":16,"enemies":"Book of Stabbing","floor":23,"turns":7},{"damage":1,"enemies":"Slavers","floor":25,"turns":3},{"damage":0,"enemies":"Gremlin Leader","floor":30,"turns":4},{"damage":9,"enemies":"Shelled Parasite and Fungi","floor":31,"turns":5},{"damage":27,"enemies":"Automaton","floor":33,"turns":8}],"seed_played":"-6862214964099302992","potions_obtained":[{"floor":2,"key":"Swift Potion"},{"floor":4,"key":"GamblersBrew"},{"floor":16,"key":"SpeedPotion"},{"floor":23,"key":"LiquidMemories"}],"is_trial":false,"path_per_floor":["M","M","?","M","$","R","M","E","T","R","?","R","?","M","R","B",null,"M","M","?","?","?","E","R","E","T","?","R","$","E","M","R","B"],"character_chosen":"THE_SILENT","items_purchased":["Crippling Poison"],"campfire_rested":2,"item_purchase_floors":[29],"current_hp_per_floor":[52,51,51,46,46,46,39,13,13,32,12,12,12,8,8,2,50,37,33,33,33,33,17,17,18,18,9,34,34,34,27,27,0],"gold":76,"neow_bonus":"BOSS_RELIC","is_prod":false,"is_daily":false,"chose_seed":false,"campfire_upgraded":5,"win_rate":0,"timestamp":1610429098,"path_taken":["M","M","?","M","$","R","?","E","T","R","?","R","?","M","R","BOSS","M","M","?","?","?","E","R","E","T","?","R","$","E","M","R","BOSS"],"build_version":"2020-12-18","purchased_purges":2,"victory":false,"max_hp_per_floor":[66,66,66,66,66,66,66,66,66,66,66,66,66,66,66,66,66,66,66,66,66,33,33,33,35,35,35,35,35,35,37,37,37],"card_choices":[{"not_picked":["Dagger Spray","Masterful Stab"],"picked":"Quick Slash","floor":1},{"not_picked":["Outmaneuver","Caltrops"],"picked":"Noxious Fumes","floor":2},{"not_picked":["All Out Attack","Blade Dance"],"picked":"Catalyst","floor":4},{"not_picked":["Outmaneuver","Dagger Throw"],"picked":"Poisoned Stab","floor":7},{"not_picked":["Dagger Spray","Heel Hook"],"picked":"Deadly Poison","floor":8},{"not_picked":["Cloak And Dagger","Dagger Throw"],"picked":"Bouncing Flask","floor":14},{"not_picked":["Glass Knife","After Image"],"picked":"Corpse Explosion","floor":16},{"not_picked":["Outmaneuver+1","Cloak And Dagger"],"picked":"PiercingWail","floor":18},{"not_picked":["Underhanded Strike","Flying Knee"],"picked":"Backflip+1","floor":19},{"not_picked":["Poisoned Stab","Flechettes"],"picked":"Escape Plan","floor":23},{"not_picked":["Poisoned Stab","Dagger Spray","Prepared"],"picked":"Singing Bowl","floor":25},{"not_picked":["Caltrops","Deflect"],"picked":"Dodge and Roll","floor":30},{"not_picked":["Escape Plan","Outmaneuver","Envenom"],"picked":"Singing Bowl","floor":31}],"player_experience":3052832,"relics_obtained":[{"floor":8,"key":"War Paint"},{"floor":9,"key":"Oddly Smooth Stone"},{"floor":23,"key":"Anchor"},{"floor":25,"key":"Singing Bowl"},{"floor":26,"key":"Regal Pillow"},{"floor":30,"key":"Bronze Scales"}],"event_choices":[{"damage_healed":0,"gold_gain":0,"player_choice":"Cursed","damage_taken":0,"max_hp_gain":0,"max_hp_loss":0,"event_name":"Wheel of Change","floor":3,"gold_loss":0,"cards_obtained":["Decay"]},{"damage_healed":0,"gold_gain":0,"player_choice":"Entered Light","damage_taken":20,"max_hp_gain":0,"max_hp_loss":0,"event_name":"Shining Light","floor":11,"gold_loss":0,"cards_upgraded":["Catalyst","Strike_G"]},{"damage_healed":0,"gold_gain":0,"player_choice":"Left Gold","damage_taken":0,"max_hp_gain":0,"max_hp_loss":0,"event_name":"World of Goop","floor":13,"gold_loss":75},{"damage_healed":0,"gold_gain":0,"player_choice":"Obtained Relic","damage_taken":0,"relics_obtained":["Vajra"],"max_hp_gain":0,"max_hp_loss":0,"event_name":"Addict","floor":20,"gold_loss":85},{"damage_healed":0,"gold_gain":0,"player_choice":"Smashed Altar","damage_taken":0,"max_hp_gain":0,"max_hp_loss":0,"event_name":"Forgotten Altar","floor":21,"gold_loss":0,"cards_obtained":["Decay"]},{"damage_healed":0,"gold_gain":0,"player_choice":"Became a Ghost","damage_taken":0,"max_hp_gain":0,"max_hp_loss":33,"event_name":"Ghosts","floor":22,"gold_loss":0,"cards_obtained":["Ghostly","Ghostly","Ghostly"]},{"damage_healed":0,"gold_gain":0,"player_choice":"Stopped","damage_taken":9,"max_hp_gain":0,"max_hp_loss":0,"event_name":"Cursed Tome","floor":27,"gold_loss":0}],"is_beta":true,"boss_relics":[{"not_picked":["Coffee Dripper","Tiny House"],"picked":"Philosopher\u0027s Stone"}],"items_purged_floors":[5,29],"is_endless":false,"potions_floor_spawned":[2,4,16,23],"killed_by":"Automaton","ascension_level":20}