{"gold_per_floor":[360,360,372,389,68,68,96,106,106,126,159,159,179,210,210,210],"floor_reached":16,"playtime":1062,"items_purged":["Strike_G"],"score":244,"play_id":"a6fbd4db-0f24-4147-82a2-4b9428f19f11","local_time":"20210110162757","is_ascension_mode":true,"campfire_choices":[{"data":"Glass Knife","floor":6,"key":"SMITH"},{"data":"All Out Attack","floor":12,"key":"SMITH"},{"floor":15,"key":"REST"}],"neow_cost":"TEN_PERCENT_HP_LOSS","seed_source_timestamp":856367596433500,"circlet_count":0,"master_deck":["AscendersBane","Strike_G","Strike_G","Strike_G","Strike_G","Defend_G","Defend_G","Defend_G","Defend_G","Defend_G","Survivor","Neutralize","Glass Knife+1","Deadly Poison","Noxious Fumes","After Image","Calculated Gamble","All Out Attack+1","Leg Sweep","Poisoned Stab"],"relics":["Ring of the Snake","Sling","Blue Candle","Paper Crane","InkBottle","Kunai"],"potions_floor_usage":[7,11,16,16],"damage_taken":[{"damage":4,"enemies":"Small Slimes","floor":1,"turns":4},{"damage":0,"enemies":"Cultist","floor":3,"turns":4},{"damage":0,"enemies":"2 Louse","floor":4,"turns":2},{"damage":12,"enemies":"Lagavulin","floor":7,"turns":7},{"damage":12,"enemies":"Gremlin Gang","floor":8,"turns":6},{"damage":2,"enemies":"2 Fungi Beasts","floor":10,"turns":4},{"damage":12,"enemies":"3 Sentries","floor":11,"turns":5},{"damage":1,"enemies":"Red Slaver","floor":13,"turns":4},{"damage":7,"enemies":"Lagavulin","floor":14,"turns":5},{"damage":45,"enemies":"Slime Boss","floor":16,"turns":9}],"seed_played":"-6681460186708577273","potions_obtained":[{"floor":1,"key":"BlessingOfTheForge"},{"floor":10,"key":"AttackPotion"},{"floor":11,"key":"Regen Potion"},{"floor":13,"key":"Block Potion"}],"is_trial":false,"path_per_floor":["M","?","M","M","$","R","E","M","T","M","E","R","M","E","R","B"],"character_chosen":"THE_SILENT","items_purchased":["Sling","Noxious Fumes"],"campfire_rested":1,"item_purchase_floors":[5,5],"current_hp_per_floor":[55,55,55,55,55,55,43,31,31,29,17,17,16,9,27,0],"gold":210,"neow_bonus":"TWO_FIFTY_GOLD","is_prod":false,"is_daily":false,"chose_seed":false,"campfire_upgraded":2,"win_rate":0,"timestamp":1610324877,"path_taken":["M","?","M","M","$","R","E","?","T","?","E","R","M","E","R","BOSS"],"build_version":"2020-12-18","purchased_purges":1,"victory":false,"max_hp_per_floor":[60,60,60,60,60,60,60,60,60,60,60,60,60,60,60,60],"card_choices":[{"not_picked":["Catalyst","Acrobatics","Cloak And Dagger"],"picked":"SKIP","floor":1},{"not_picked":["Escape Plan","Calculated Gamble"],"picked":"Deadly Poison","floor":3},{"not_picked":["Backflip","Tactician","Deflect"],"picked":"SKIP","floor":4},{"not_picked":["Backstab","Flying Knee"],"picked":"After Image","floor":7},{"not_picked":["Heel Hook","Prepared"],"picked":"Calculated Gamble","floor":8},{"not_picked":["Acrobatics","Deflect","Flying Knee"],"picked":"SKIP","floor":10},{"not_picked":["Bullet Time","Slice"],"picked":"All Out Attack","floor":11},{"not_picked":["Sucker Punch","Heel Hook"],"picked":"Leg Sweep","floor":13},{"not_picked":["Flying Knee","Quick Slash"],"picked":"Poisoned Stab","floor":14}],"player_experience":3048679,"relics_obtained":[{"floor":7,"key":"Blue Candle"},{"floor":9,"key":"Paper Crane"},{"floor":11,"key":"InkBottle"},{"floor":14,"key":"Kunai"}],"event_choices":[{"damage_healed":0,"gold_gain":0,"player_choice":"1 cards matched","damage_taken":0,"max_hp_gain":0,"max_hp_loss":0,"event_name":"Match and Keep!","floor":2,"gold_loss":0,"cards_obtained":["Glass Knife"]}],"is_beta":true,"boss_relics":[],"items_purged_floors":[5],"is_endless":false,"potions_floor_spawned":[1,10,11,13],"killed_by":"Slime Boss","ascension_level":20}