{"gold_per_floor":[113,133,133,76,76,96,108,108,132,132,132,6,6,22,22,101,101,121,140,140,140,163,163,163],"floor_reached":24,"playtime":1108,"items_purged":["Strike_G"],"score":372,"play_id":"c5a4209e-1a2b-4f0d-a6f3-ec50b36a0e17","local_time":"20210111220323","is_ascension_mode":true,"campfire_choices":[{"data":"Poisoned Stab","floor":8,"key":"SMITH"},{"data":"Catalyst","floor":11,"key":"SMITH"},{"floor":15,"key":"REST"},{"floor":23,"key":"REST"}],"neow_cost":"NONE","seed_source_timestamp":962847451136800,"circlet_count":0,"master_deck":["AscendersBane","Strike_G+1","Defend_G+1","Defend_G+1","Defend_G+1","Defend_G+1","Defend_G+1","Survivor","Neutralize","CurseOfTheBell","Poisoned Stab+1","Catalyst+1","Deadly Poison","Acrobatics","Night Terror","Bane+1","Noxious Fumes+1","Escape Plan+1","PiercingWail"],"relics":["Calling Bell","Potion Belt","Singing Bowl","The Specimen","Regal Pillow","Astrolabe","MealTicket"],"potions_floor_usage":[16,18,21],"damage_taken":[{"damage":7,"enemies":"Small Slimes","floor":1,"turns":7},{"damage":4,"enemies":"Jaw Worm","floor":2,"turns":6},{"damage":3,"enemies":"Cultist","floor":6,"turns":4},{"damage":9,"enemies":"2 Fungi Beasts","floor":7,"turns":4},{"damage":10,"enemies":"Exordium Wildlife","floor":14,"turns":4},{"damage":35,"enemies":"Hexaghost","floor":16,"turns":9},{"damage":17,"enemies":"2 Thieves","floor":18,"turns":4},{"damage":28,"enemies":"3 Byrds","floor":19,"turns":5},{"damage":0,"enemies":"Shelled Parasite and Fungi","floor":21,"turns":1},{"damage":50,"enemies":"Slavers","floor":24,"turns":3}],"seed_played":"292719637598278656","potions_obtained":[{"floor":6,"key":"SmokeBomb"},{"floor":7,"key":"Ancient Potion"},{"floor":16,"key":"ColorlessPotion"},{"floor":19,"key":"GamblersBrew"}],"is_trial":false,"path_per_floor":["M","M","?","$","?","M","M","R","T","?","R","$","?","M","R","B",null,"M","M","?","M","T","R","E"],"character_chosen":"THE_SILENT","items_purchased":["AttackPotion","Deadly Poison"],"campfire_rested":2,"item_purchase_floors":[4,12],"current_hp_per_floor":[54,52,52,52,52,49,40,40,40,19,19,19,19,9,45,10,55,38,12,12,12,12,48,0],"gold":163,"neow_bonus":"BOSS_RELIC","is_prod":false,"is_daily":false,"chose_seed":false,"campfire_upgraded":2,"win_rate":0,"timestamp":1610431403,"path_taken":["M","M","?","$","?","?","M","R","T","?","R","$","?","M","R","BOSS","M","M","?","M","?","R","E"],"build_version":"2020-12-18","purchased_purges":1,"victory":false,"max_hp_per_floor":[68,70,70,70,70,70,70,70,70,70,70,70,70,70,70,70,70,70,72,72,72,72,72,72],"card_choices":[{"not_picked":["Flying Knee","Escape Plan","Infinite Blades"],"picked":"Singing Bowl","floor":1},{"not_picked":["Bane","Reflex","Setup"],"picked":"Singing Bowl","floor":2},{"not_picked":["Backflip","Acrobatics"],"picked":"Poisoned Stab","floor":6},{"not_picked":["Die Die Die","Dagger Spray"],"picked":"Catalyst","floor":7},{"not_picked":["Slice","Distraction"],"picked":"Acrobatics","floor":14},{"not_picked":["Envenom","Storm of Steel"],"picked":"Night Terror","floor":16},{"not_picked":["Blade Dance","Sucker Punch"],"picked":"PiercingWail","floor":18},{"not_picked":["Sucker Punch","Dodge and Roll","Outmaneuver"],"picked":"Singing Bowl","floor":19}],"player_experience":3054524,"relics_obtained":[{"floor":0,"key":"Potion Belt"},{"floor":0,"key":"Singing Bowl"},{"floor":0,"key":"The Specimen"},{"floor":9,"key":"Regal Pillow"},{"floor":22,"key":"MealTicket"}],"event_choices":[{"damage_healed":0,"gold_gain":0,"player_choice":"Ignored","damage_taken":0,"max_hp_gain":0,"max_hp_loss":0,"event_name":"Golden Wing","floor":3,"gold_loss":0},{"damage_healed":0,"gold_gain":0,"player_choice":"0 cards matched","damage_taken":0,"max_hp_gain":0,"max_hp_loss":0,"event_name":"Match and Keep!","floor":5,"gold_loss":0,"cards_obtained":[]},{"damage_healed":0,"gold_gain":0,"player_choice":"Entered Light","damage_taken":21,"max_hp_gain":0,"max_hp_loss":0,"event_name":"Shining Light","floor":10,"gold_loss":0,"cards_upgraded":["Defend_G","Strike_G"]},{"damage_healed":0,"gold_gain":0,"player_choice":"Ignored","damage_taken":0,"max_hp_gain":0,"max_hp_loss":0,"event_name":"Liars Game","floor":13,"gold_loss":0},{"damage_healed":0,"gold_gain":0,"player_choice":"Simplicity","damage_taken":0,"max_hp_gain":0,"max_hp_loss":0,"event_name":"Back to Basics","floor":20,"gold_loss":0,"cards_upgraded":["Defend_G","Defend_G","Defend_G","Defend_G"]}],"is_beta":true,"boss_relics":[{"not_picked":["WristBlade","Busted Crown"],"picked":"Astrolabe"}],"items_purged_floors":[12],"is_endless":false,"potions_floor_spawned":[6,7,16,19],"killed_by":"Slavers","ascension_level":20}