{"gold_per_floor":[113,131,131,96,120,160,160,199,199,215,20,43,98,111,111,210,210,224,245,115,115,115,115,149,72,96,96,137,160,160,185,185,278,278,297,328,343,343,343,343,376,397,397,211,211,242,15,33,33,33,33,33,33,7,42,42],"floor_reached":56,"playtime":7067,"items_purged":["Strike_G","Deadly Poison"],"score":1931,"play_id":"8e5dade7-8da0-4ce3-92e8-87583fadcc61","local_time":"20210118111935","is_ascension_mode":true,"campfire_choices":[{"floor":7,"key":"REST"},{"floor":15,"key":"REST"},{"floor":23,"key":"REST"},{"floor":32,"key":"REST"},{"data":"Acrobatics","floor":40,"key":"SMITH"},{"floor":45,"key":"RECALL"},{"data":"Blur","floor":49,"key":"SMITH"},{"data":"Tactician","floor":53,"key":"SMITH"}],"neow_cost":"TEN_PERCENT_HP_LOSS","seed_source_timestamp":374081121103400,"circlet_count":0,"master_deck":["AscendersBane","Survivor","Neutralize+1","Dagger Throw","Backstab+1","Well Laid Plans","Footwork","Underhanded Strike+1","Flash of Steel+1","Dagger Spray+1","Flying Knee+1","Die Die Die+1","Eviscerate+1","Prepared","Eviscerate+1","Die Die Die+1","Phantasmal Killer","Dash+1","PiercingWail","Deflect","Prepared","Adrenaline","After Image","Acrobatics+1","Calculated Gamble","Tactician+1","Dodge and Roll","PiercingWail","Tools of the Trade","Sucker Punch+1","Dark Shackles","Deep Breath","Neutralize+1","Acrobatics","Dash+1","Blur+1","PiercingWail","Underhanded Strike+1","Night Terror"],"relics":["Ring of the Snake","Ice Cream","Golden Idol","Potion Belt","Mercury Hourglass","Molten Egg 2","Pandora\u0027s Box","Enchiridion","Lantern","MealTicket","InkBottle","Whetstone","HoveringKite","Ginger","Ancient Tea Set","Membership Card","Toy Ornithopter","Torii","Blue Candle"],"potions_floor_usage":[8,19,33,41,41,46,46,50,50,50,50,50,50,50,55,56],"damage_taken":[{"damage":1,"enemies":"Cultist","floor":1,"turns":4},{"damage":0,"enemies":"2 Louse","floor":2,"turns":3},{"damage":4,"enemies":"Jaw Worm","floor":5,"turns":3},{"damage":31,"enemies":"Gremlin Nob","floor":6,"turns":4},{"damage":12,"enemies":"3 Sentries","floor":8,"turns":12},{"damage":1,"enemies":"Large Slime","floor":10,"turns":4},{"damage":2,"enemies":"Exordium Thugs","floor":12,"turns":3},{"damage":7,"enemies":"Exordium Wildlife","floor":14,"turns":4},{"damage":16,"enemies":"Slime Boss","floor":16,"turns":9},{"damage":0,"enemies":"Spheric Guardian","floor":18,"turns":1},{"damage":12,"enemies":"3 Byrds","floor":19,"turns":2},{"damage":5,"enemies":"Gremlin Leader","floor":24,"turns":4},{"damage":18,"enemies":"Book of Stabbing","floor":28,"turns":3},{"damage":0,"enemies":"Cultist and Chosen","floor":29,"turns":2},{"damage":0,"enemies":"Snecko","floor":31,"turns":2},{"damage":4,"enemies":"Automaton","floor":33,"turns":6},{"damage":0,"enemies":"3 Shapes","floor":35,"turns":4},{"damage":7,"enemies":"Mind Bloom Boss Battle","floor":36,"turns":4},{"damage":0,"enemies":"Orb Walker","floor":37,"turns":2},{"damage":9,"enemies":"Reptomancer","floor":41,"turns":3},{"damage":6,"enemies":"Writhing Mass","floor":42,"turns":6},{"damage":0,"enemies":"Giant Head","floor":46,"turns":4},{"damage":0,"enemies":"Maw","floor":48,"turns":6},{"damage":33,"enemies":"Time Eater","floor":50,"turns":8},{"damage":10,"enemies":"Awakened One","floor":51,"turns":15},{"damage":45,"enemies":"Shield and Spear","floor":55,"turns":9},{"damage":49,"enemies":"The Heart","floor":56,"turns":2}],"seed_played":"527411692131022311","potions_obtained":[{"floor":5,"key":"Explosive Potion"},{"floor":6,"key":"CunningPotion"},{"floor":8,"key":"LiquidBronze"},{"floor":16,"key":"BlessingOfTheForge"},{"floor":18,"key":"Fire Potion"},{"floor":19,"key":"PowerPotion"},{"floor":24,"key":"Fire Potion"},{"floor":37,"key":"SkillPotion"},{"floor":41,"key":"CunningPotion"},{"floor":48,"key":"BlessingOfTheForge"},{"floor":55,"key":"BlessingOfTheForge"}],"is_trial":false,"path_per_floor":["M","M","?","?","M","E","R","E","T","M","$","M","?","M","R","B",null,"M","M","$","?","?","R","E","$","T","?","E","M","?","M","R","B",null,"M","?","M","?","?","R","E","M","T","$","R","E","$","M","R","B","B",null,"R","$","E","B"],"character_chosen":"THE_SILENT","items_purchased":["Underhanded Strike+1","Flash of Steel+1","Prepared","Calculated Gamble","Membership Card","Swift Potion","Torii","EntropicBrew","Underhanded Strike+1"],"campfire_rested":4,"item_purchase_floors":[11,11,20,25,44,44,47,47,54],"current_hp_per_floor":[58,58,37,52,48,17,35,23,23,22,22,20,20,13,31,15,49,49,37,37,16,16,34,29,29,29,29,11,11,11,11,29,25,51,51,44,44,39,39,39,30,24,24,39,39,39,54,54,54,56,46,57,57,60,15,0],"gold":42,"neow_bonus":"ONE_RARE_RELIC","is_prod":false,"is_daily":false,"chose_seed":false,"campfire_upgraded":3,"win_rate":0,"timestamp":1610997575,"path_taken":["M","?","?","?","M","E","R","E","T","M","$","M","?","M","R","BOSS","M","M","$","?","?","R","E","$","T","?","E","?","?","M","R","BOSS","M","?","M","?","?","R","E","M","T","$","R","E","$","M","R","BOSS","BOSS","R","$","E","BOSS"],"build_version":"2020-12-18","purchased_purges":2,"victory":false,"max_hp_per_floor":[60,60,60,60,60,60,60,60,60,60,60,60,60,60,60,60,60,60,60,60,60,60,60,60,60,60,60,60,60,60,60,60,60,60,60,60,60,60,60,60,60,60,60,60,60,60,60,60,60,60,60,60,60,60,60,60],"card_choices":[{"not_picked":["Backflip","Cloak And Dagger"],"picked":"Dagger Throw","floor":1},{"not_picked":["Leg Sweep","Backflip"],"picked":"Bouncing Flask","floor":2},{"not_picked":["Flying Knee","Cloak And Dagger"],"picked":"Backstab","floor":5},{"not_picked":["Backstab","Blade Dance"],"picked":"Well Laid Plans","floor":6},{"not_picked":["All Out Attack","Finisher"],"picked":"Noxious Fumes","floor":8},{"not_picked":["Cloak And Dagger","Dodge and Roll"],"picked":"Footwork","floor":10},{"not_picked":["Blur","Poisoned Stab+1"],"picked":"Dagger Spray+1","floor":12},{"not_picked":["Deadly Poison","Catalyst"],"picked":"Flying Knee+1","floor":14},{"not_picked":["Venomology","Unload+1"],"picked":"Die Die Die+1","floor":16},{"not_picked":["All Out Attack+1","Choke+1"],"picked":"PiercingWail","floor":18},{"not_picked":["Poisoned Stab+1","Bane+1"],"picked":"Deflect","floor":19},{"not_picked":["Escape Plan","Deflect"],"picked":"Acrobatics","floor":24},{"not_picked":["Dagger Spray+1","All Out Attack+1"],"picked":"Tactician","floor":28},{"not_picked":["All Out Attack+1","Choke+1"],"picked":"Dodge and Roll","floor":29},{"not_picked":["Quick Slash+1","Poisoned Stab+1"],"picked":"PiercingWail","floor":31},{"not_picked":["Burst","After Image"],"picked":"Tools of the Trade","floor":33},{"not_picked":["Quick Slash+1","Poisoned Stab+1"],"picked":"Sucker Punch+1","floor":35},{"not_picked":["Well Laid Plans","Predator+1","Choke+1"],"picked":"SKIP","floor":37},{"not_picked":["Madness","Sadistic Nature"],"picked":"Dark Shackles","floor":38},{"not_picked":["HandOfGreed+1","Mind Blast+1"],"picked":"Deep Breath","floor":38},{"not_picked":["Caltrops+1","Cloak And Dagger+1"],"picked":"Dash+1","floor":41},{"not_picked":["Deadly Poison","Footwork"],"picked":"Blur","floor":42},{"not_picked":["Caltrops+1","Riddle With Holes+1"],"picked":"PiercingWail","floor":46},{"not_picked":["Blade Dance","Quick Slash+1","Prepared"],"picked":"SKIP","floor":48},{"not_picked":["PiercingWail+1","Envenom"],"picked":"Night Terror","floor":55}],"player_experience":3109108,"relics_obtained":[{"floor":6,"key":"Potion Belt"},{"floor":8,"key":"Mercury Hourglass"},{"floor":9,"key":"Molten Egg 2"},{"floor":21,"key":"Enchiridion"},{"floor":24,"key":"Lantern"},{"floor":26,"key":"MealTicket"},{"floor":28,"key":"Whetstone"},{"floor":36,"key":"Ginger"},{"floor":41,"key":"Ancient Tea Set"},{"floor":46,"key":"Toy Ornithopter"},{"floor":55,"key":"Blue Candle"}],"event_choices":[{"damage_healed":0,"gold_gain":0,"player_choice":"Take Damage","damage_taken":21,"relics_obtained":["Golden Idol"],"max_hp_gain":0,"max_hp_loss":0,"event_name":"Golden Idol","floor":3,"gold_loss":0},{"damage_healed":15,"gold_gain":0,"player_choice":"Healed","damage_taken":0,"max_hp_gain":0,"max_hp_loss":0,"event_name":"The Cleric","floor":4,"gold_loss":35},{"damage_healed":0,"gold_gain":55,"player_choice":"Gained Gold","damage_taken":0,"max_hp_gain":0,"max_hp_loss":0,"event_name":"Golden Wing","floor":13,"gold_loss":0},{"damage_healed":0,"gold_gain":0,"player_choice":"Obtained Book","damage_taken":21,"max_hp_gain":0,"max_hp_loss":0,"event_name":"Cursed Tome","floor":21,"gold_loss":0},{"damage_healed":0,"gold_gain":0,"cards_transformed":["Bouncing Flask","Noxious Fumes"],"player_choice":"Became Test Subject","damage_taken":0,"max_hp_gain":0,"max_hp_loss":0,"event_name":"Drug Dealer","floor":22,"gold_loss":0,"cards_obtained":["Adrenaline","After Image"]},{"cards_removed":["Outmaneuver"],"damage_healed":0,"gold_gain":0,"player_choice":"Gave Card","damage_taken":0,"relics_obtained":["InkBottle"],"max_hp_gain":0,"max_hp_loss":0,"event_name":"WeMeetAgain","floor":27,"gold_loss":0},{"cards_removed":["Grand Finale"],"damage_healed":0,"gold_gain":0,"player_choice":"Elegance","damage_taken":0,"max_hp_gain":0,"max_hp_loss":0,"event_name":"Back to Basics","floor":30,"gold_loss":0},{"damage_healed":0,"gold_gain":0,"player_choice":"Fight","damage_taken":0,"max_hp_gain":0,"max_hp_loss":0,"event_name":"MindBloom","floor":36,"gold_loss":0},{"damage_healed":0,"gold_gain":0,"player_choice":"Memory 2","damage_taken":5,"max_hp_gain":0,"max_hp_loss":0,"event_name":"SensoryStone","floor":38,"gold_loss":0},{"damage_healed":0,"gold_gain":0,"player_choice":"2 cards matched","damage_taken":0,"max_hp_gain":0,"max_hp_loss":0,"event_name":"Match and Keep!","floor":39,"gold_loss":0,"cards_obtained":["Neutralize","Acrobatics"]}],"is_beta":true,"boss_relics":[{"not_picked":["Philosopher\u0027s Stone","Calling Bell"],"picked":"Pandora\u0027s Box"},{"not_picked":["Snecko Eye","Black Star"],"picked":"HoveringKite"}],"items_purged_floors":[11,20],"is_endless":false,"potions_floor_spawned":[5,6,8,16,18,19,24,29,37,41,48,55],"killed_by":"The Heart","ascension_level":20}