{"gold_per_floor":[11,11,26,40,102,102,141,166,219,219,260,220],"floor_reached":12,"playtime":778,"items_purged":[],"score":176,"play_id":"a3b96d97-b7c1-4355-9d3b-e0dbd7ef2b09","local_time":"20210112213630","is_ascension_mode":true,"campfire_choices":[{"data":"A Thousand Cuts","floor":6,"key":"SMITH"},{"data":"Bane","floor":10,"key":"SMITH"}],"neow_cost":"NO_GOLD","seed_source_timestamp":1047962349933200,"circlet_count":0,"master_deck":["AscendersBane","Strike_G","Strike_G","Strike_G","Strike_G","Defend_G","Defend_G+1","Defend_G+1","Defend_G","Survivor","Neutralize","A Thousand Cuts+1","Bane+1","Underhanded Strike","Footwork","Noxious Fumes","Infinite Blades","All Out Attack"],"relics":["Ring of the Snake","Golden Idol","Shuriken","War Paint","Boot"],"potions_floor_usage":[11,12,12],"damage_taken":[{"damage":1,"enemies":"2 Louse","floor":1,"turns":5},{"damage":5,"enemies":"Jaw Worm","floor":3,"turns":4},{"damage":2,"enemies":"Small Slimes","floor":4,"turns":5},{"damage":15,"enemies":"Lagavulin","floor":7,"turns":7},{"damage":6,"enemies":"Exordium Wildlife","floor":8,"turns":4},{"damage":32,"enemies":"3 Sentries","floor":11,"turns":6},{"damage":3,"enemies":"Looter","floor":12,"turns":2}],"seed_played":"-1268966387080159096","potions_obtained":[{"floor":1,"key":"Fruit Juice"},{"floor":7,"key":"Strength Potion"},{"floor":11,"key":"Energy Potion"}],"is_trial":false,"path_per_floor":["M","?","M","M","?","R","E","M","T","R","E","M"],"character_chosen":"THE_SILENT","items_purchased":[],"campfire_rested":0,"item_purchase_floors":[],"current_hp_per_floor":[58,58,53,51,51,51,36,30,30,30,3,0],"gold":220,"neow_bonus":"TRANSFORM_TWO_CARDS","is_prod":false,"is_daily":false,"chose_seed":false,"campfire_upgraded":2,"win_rate":0,"timestamp":1610516190,"path_taken":["M","?","M","M","?","R","E","M","T","R","E","?"],"build_version":"2020-12-18","purchased_purges":0,"victory":false,"max_hp_per_floor":[66,60,60,60,60,60,60,60,60,60,65,65],"card_choices":[{"not_picked":["Bouncing Flask","Accuracy"],"picked":"Underhanded Strike","floor":1},{"not_picked":["Bane","Sucker Punch"],"picked":"Footwork","floor":3},{"not_picked":["Backflip","Underhanded Strike"],"picked":"Noxious Fumes","floor":4},{"not_picked":["Setup","Tactician","Acrobatics"],"picked":"SKIP","floor":7},{"not_picked":["Deadly Poison","Skewer"],"picked":"Infinite Blades","floor":8},{"not_picked":["Infinite Blades","Quick Slash"],"picked":"All Out Attack","floor":11}],"player_experience":3071645,"relics_obtained":[{"floor":7,"key":"Shuriken"},{"floor":9,"key":"War Paint"},{"floor":11,"key":"Boot"}],"event_choices":[{"damage_healed":0,"gold_gain":0,"player_choice":"Lose Max HP","damage_taken":0,"relics_obtained":["Golden Idol"],"max_hp_gain":0,"max_hp_loss":6,"event_name":"Golden Idol","floor":2,"gold_loss":0},{"damage_healed":0,"gold_gain":62,"player_choice":"Gained Gold","damage_taken":0,"max_hp_gain":0,"max_hp_loss":0,"event_name":"Golden Wing","floor":5,"gold_loss":0}],"is_beta":true,"boss_relics":[],"items_purged_floors":[],"is_endless":false,"potions_floor_spawned":[1,7,11],"killed_by":"Looter","ascension_level":20}