{"gold_per_floor":[118,131,206,206,2,2,18,44,44,54,10,44,44,58,58,58],"floor_reached":16,"playtime":745,"items_purged":["Strike_G"],"score":200,"play_id":"5903ebe0-4151-47c4-840d-8969bea1530f","local_time":"20210110115053","is_ascension_mode":true,"campfire_choices":[{"data":"Neutralize","floor":6,"key":"SMITH"},{"data":"Noxious Fumes","floor":15,"key":"SMITH"}],"neow_cost":"NONE","seed_source_timestamp":840061023001600,"circlet_count":0,"master_deck":["AscendersBane","Strike_G","Strike_G+1","Strike_G","Strike_G","Defend_G","Defend_G","Defend_G","Defend_G","Defend_G","Survivor","Neutralize+1","Riddle With Holes+1","Caltrops","Poisoned Stab","Dagger Throw+1","Acrobatics","Noxious Fumes+1","Blur","Quick Slash"],"relics":["Sozu","Membership Card","Odd Mushroom","Whetstone"],"potions_floor_usage":[],"damage_taken":[{"damage":0,"enemies":"Small Slimes","floor":1,"turns":5},{"damage":1,"enemies":"2 Louse","floor":2,"turns":2},{"damage":0,"enemies":"Cultist","floor":7,"turns":3},{"damage":5,"enemies":"The Mushroom Lair","floor":8,"turns":5},{"damage":6,"enemies":"Looter","floor":10,"turns":3},{"damage":24,"enemies":"Lagavulin","floor":12,"turns":8},{"damage":6,"enemies":"Lots of Slimes","floor":14,"turns":4},{"damage":9,"enemies":"Hexaghost","floor":16,"turns":7}],"seed_played":"7268369343369246800","potions_obtained":[],"is_trial":false,"path_per_floor":["M","M","?","?","$","R","M","?","T","M","$","E","?","M","R","B"],"character_chosen":"THE_SILENT","items_purchased":["Membership Card","Noxious Fumes"],"campfire_rested":0,"item_purchase_floors":[5,11],"current_hp_per_floor":[59,58,47,47,47,47,47,42,42,36,36,12,12,6,6,0],"gold":58,"neow_bonus":"BOSS_RELIC","is_prod":false,"is_daily":false,"chose_seed":false,"campfire_upgraded":2,"win_rate":0,"timestamp":1610308253,"path_taken":["M","M","?","?","$","R","M","?","T","M","$","E","?","M","R","BOSS"],"build_version":"2020-12-18","purchased_purges":1,"victory":false,"max_hp_per_floor":[66,66,66,66,66,66,66,66,66,66,66,66,66,66,66,66],"card_choices":[{"not_picked":["Deflect","Outmaneuver"],"picked":"Riddle With Holes","floor":1},{"not_picked":["Flying Knee","Underhanded Strike"],"picked":"Caltrops","floor":2},{"not_picked":["Setup","Cloak And Dagger"],"picked":"Poisoned Stab","floor":7},{"not_picked":["Calculated Gamble","Slice"],"picked":"Dagger Throw","floor":8},{"not_picked":["Outmaneuver","Deflect"],"picked":"Acrobatics","floor":10},{"not_picked":["Concentrate","Masterful Stab"],"picked":"Blur","floor":12},{"not_picked":["Prepared","Backstab"],"picked":"Quick Slash","floor":14}],"player_experience":3046523,"relics_obtained":[{"floor":8,"key":"Odd Mushroom"},{"floor":12,"key":"Whetstone"}],"event_choices":[{"damage_healed":0,"gold_gain":75,"player_choice":"Gather Gold","damage_taken":11,"max_hp_gain":0,"max_hp_loss":0,"event_name":"World of Goop","floor":3,"gold_loss":0},{"damage_healed":0,"gold_gain":0,"player_choice":"Grow","damage_taken":0,"max_hp_gain":0,"max_hp_loss":0,"event_name":"Living Wall","floor":4,"gold_loss":0,"cards_upgraded":["Riddle With Holes"]},{"damage_healed":0,"gold_gain":0,"player_choice":"Fought Mushrooms","damage_taken":0,"max_hp_gain":0,"max_hp_loss":0,"event_name":"Mushrooms","floor":8,"gold_loss":0},{"damage_healed":0,"gold_gain":0,"player_choice":"Ignored","damage_taken":0,"max_hp_gain":0,"max_hp_loss":0,"event_name":"Liars Game","floor":13,"gold_loss":0}],"is_beta":true,"boss_relics":[],"items_purged_floors":[5],"is_endless":false,"potions_floor_spawned":[8,10,14],"killed_by":"Hexaghost","ascension_level":20}