{"gold_per_floor":[117,117,131,150,165,197,197,222,245,270,282,325,337,349,361,373],"floor_reached":16,"playtime":735,"items_purged":[],"score":240,"play_id":"e19f23f0-083d-4740-a0c4-2efbb41171e2","local_time":"20210113220007","is_ascension_mode":true,"campfire_choices":[{"floor":7.0,"key":"REST"},{"data":"Dagger Spray","floor":11,"key":"SMITH"},{"data":"Caltrops","floor":13,"key":"SMITH"},{"data":"Neutralize","floor":15,"key":"SMITH"}],"neow_cost":"NONE","seed_source_timestamp":1135803700216000,"circlet_count":0,"master_deck":["AscendersBane","Strike_G","Strike_G","Strike_G","Strike_G","Strike_G","Defend_G","Defend_G","Defend_G","Defend_G","Defend_G","Survivor","Neutralize+1","Terror","Phantasmal Killer","Poisoned Stab","Dagger Spray+1","Caltrops+1"],"special_seed":0,"relics":["Ring of the Snake","NeowsBlessing","Bronze Scales","Omamori","MawBank","Centennial Puzzle","FaceOfCleric"],"potions_floor_usage":[12],"damage_taken":[{"damage":0.0,"enemies":"Jaw Worm","floor":1.0,"turns":1.0},{"damage":0.0,"enemies":"Cultist","floor":3.0,"turns":1.0},{"damage":0.0,"enemies":"Small Slimes","floor":4.0,"turns":1.0},{"damage":9.0,"enemies":"Exordium Thugs","floor":5.0,"turns":6.0},{"damage":29.0,"enemies":"Gremlin Nob","floor":6.0,"turns":4.0},{"damage":7.0,"enemies":"Lagavulin","floor":8.0,"turns":7.0},{"damage":5,"enemies":"Blue Slaver","floor":10,"turns":5},{"damage":8,"enemies":"Gremlin Nob","floor":12,"turns":3},{"damage":22,"enemies":"The Guardian","floor":16,"turns":6}],"seed_played":"-409719035258859835","potions_obtained":[{"floor":4.0,"key":"FearPotion"},{"floor":5.0,"key":"SpeedPotion"},{"floor":6.0,"key":"SkillPotion"},{"floor":8.0,"key":"LiquidMemories"}],"is_trial":false,"path_per_floor":["M","?","M","M","M","E","R","E","T","M","R","E","R","?","R","B"],"character_chosen":"THE_SILENT","items_purchased":[],"campfire_rested":1,"item_purchase_floors":[],"current_hp_per_floor":[59,59,59,59,50,21,40,33,33,28,28,20,20,20,20,0],"gold":373,"neow_bonus":"THREE_ENEMY_KILL","is_prod":false,"is_daily":false,"chose_seed":false,"campfire_upgraded":3,"win_rate":0,"timestamp":1610604007,"path_taken":["M","?","M","?","M","E","R","E","T","M","R","E","R","?","R","BOSS"],"build_version":"2020-12-18","purchased_purges":0,"victory":false,"max_hp_per_floor":[66,66,66,66,66,66,66,66,66,66,66,66,66,66,66,66],"card_choices":[{"not_picked":["Outmaneuver","Skewer"],"picked":"Terror","floor":1.0},{"not_picked":["Calculated Gamble","Accuracy","Acrobatics"],"picked":"SKIP","floor":3.0},{"not_picked":["Quick Slash","Slice"],"picked":"Phantasmal Killer","floor":4.0},{"not_picked":["Terror","Slice"],"picked":"Poisoned Stab","floor":5.0},{"not_picked":["Calculated Gamble","Outmaneuver","Caltrops"],"picked":"SKIP","floor":6.0},{"not_picked":["Slice","Catalyst","Setup"],"picked":"SKIP","floor":8.0},{"not_picked":["Flying Knee","Distraction"],"picked":"Dagger Spray","floor":10},{"not_picked":["Skewer","Sucker Punch"],"picked":"Caltrops","floor":12}],"player_experience":3076347,"relics_obtained":[{"floor":6.0,"key":"Bronze Scales"},{"floor":8.0,"key":"Omamori"},{"floor":9,"key":"MawBank"},{"floor":12,"key":"Centennial Puzzle"}],"event_choices":[{"damage_healed":0.0,"max_hp_gain":0.0,"max_hp_loss":0.0,"gold_gain":0.0,"event_name":"Match and Keep!","player_choice":"0 cards matched","floor":2.0,"gold_loss":0.0,"damage_taken":0.0,"cards_obtained":[]},{"damage_healed":0,"gold_gain":0,"player_choice":"Trade","damage_taken":0,"relics_obtained":["FaceOfCleric"],"max_hp_gain":0,"max_hp_loss":0,"event_name":"FaceTrader","floor":14,"gold_loss":0}],"is_beta":true,"boss_relics":[],"items_purged_floors":[],"is_endless":false,"potions_floor_spawned":[4,5,6,8],"killed_by":"The Guardian","ascension_level":20}