{"gold_per_floor":[110,110,22,33,33,62,62,88,152,164,193,215,296,273,285,297],"floor_reached":16,"playtime":597,"items_purged":[],"score":266,"play_id":"697eacca-fe59-46c6-9ee2-2340e0835c96","local_time":"20210111203927","is_ascension_mode":true,"campfire_choices":[{"data":"Dagger Throw","floor":7,"key":"SMITH"},{"data":"Underhanded Strike","floor":10,"key":"SMITH"},{"data":"Dash","floor":15,"key":"SMITH"}],"neow_cost":"NONE","seed_source_timestamp":958321958067300,"circlet_count":0,"master_deck":["AscendersBane","Strike_G","Strike_G","Strike_G","Strike_G","Defend_G","Defend_G","Defend_G","Defend_G","Defend_G","Survivor","Neutralize","Dagger Throw+1","Crippling Poison","Underhanded Strike+1","Wraith Form v2","Flying Knee","Dash+1"],"relics":["Ring of the Snake","NeowsBlessing","Bag of Marbles","MawBank","Bag of Preparation"],"potions_floor_usage":[8,8,16],"damage_taken":[{"damage":0,"enemies":"2 Louse","floor":1,"turns":1},{"damage":0,"enemies":"Cultist","floor":4,"turns":1},{"damage":0,"enemies":"3 Sentries","floor":6,"turns":1},{"damage":12,"enemies":"Lagavulin","floor":8,"turns":7},{"damage":0,"enemies":"Small Slimes","floor":11,"turns":2},{"damage":0,"enemies":"2 Fungi Beasts","floor":12,"turns":3},{"damage":71,"enemies":"Slime Boss","floor":16,"turns":13}],"seed_played":"4974572489478838371","potions_obtained":[{"floor":4,"key":"SkillPotion"},{"floor":6,"key":"FearPotion"},{"floor":11,"key":"LiquidBronze"},{"floor":12,"key":"Energy Potion"}],"is_trial":false,"path_per_floor":["M","?","$","M","?","E","R","E","T","R","M","M","?","?","R","B"],"character_chosen":"THE_SILENT","items_purchased":["Crippling Poison"],"campfire_rested":0,"item_purchase_floors":[3],"current_hp_per_floor":[59,59,59,59,64,64,64,52,52,52,52,52,52,69,69,0],"gold":297,"neow_bonus":"THREE_ENEMY_KILL","is_prod":false,"is_daily":false,"chose_seed":false,"campfire_upgraded":3,"win_rate":0,"timestamp":1610426367,"path_taken":["M","?","$","?","?","E","R","E","T","R","M","M","?","?","R","BOSS"],"build_version":"2020-12-18","purchased_purges":0,"victory":false,"max_hp_per_floor":[66,66,66,66,71,71,71,71,71,71,71,71,71,71,71,71],"card_choices":[{"not_picked":["Acrobatics","Dodge and Roll"],"picked":"Dagger Throw","floor":1},{"not_picked":["Infinite Blades","Slice"],"picked":"Underhanded Strike","floor":4},{"not_picked":["A Thousand Cuts","Backflip"],"picked":"Wraith Form v2","floor":6},{"not_picked":["Bane","Cloak And Dagger"],"picked":"Flying Knee","floor":8},{"not_picked":["Poisoned Stab","Reflex"],"picked":"Dash","floor":11},{"not_picked":["Escape Plan","Masterful Stab","Slice"],"picked":"SKIP","floor":12}],"player_experience":3051473,"relics_obtained":[{"floor":6,"key":"Bag of Marbles"},{"floor":8,"key":"MawBank"},{"floor":9,"key":"Bag of Preparation"}],"event_choices":[{"cards_removed":["Strike_G"],"damage_healed":0,"gold_gain":0,"player_choice":"Offered Basic","damage_taken":0,"max_hp_gain":0,"max_hp_loss":0,"event_name":"Bonfire Elementals","floor":2,"gold_loss":0},{"damage_healed":0,"gold_gain":0,"player_choice":"Donut","damage_taken":0,"max_hp_gain":5,"max_hp_loss":0,"event_name":"Big Fish","floor":5,"gold_loss":0},{"damage_healed":0,"gold_gain":69,"player_choice":"Gained Gold","damage_taken":0,"max_hp_gain":0,"max_hp_loss":0,"event_name":"Golden Wing","floor":13,"gold_loss":0},{"damage_healed":17,"gold_gain":0,"player_choice":"Healed","damage_taken":0,"max_hp_gain":0,"max_hp_loss":0,"event_name":"The Cleric","floor":14,"gold_loss":35}],"is_beta":true,"boss_relics":[],"items_purged_floors":[],"is_endless":false,"potions_floor_spawned":[4,6,11,12],"killed_by":"Slime Boss","ascension_level":20}