{"gold_per_floor":[116,116,129,36,47,74,74,108,132,166,166,166,191,214,214,290,290,306,306,181,193,203,235,235,270,297,325,4,15,44,44,44,123,123,136,156,170,170,180,180,212,266,291,318,318,57,90,110,110,110,110,110,110,56,89,89],"floor_reached":57,"playtime":11063,"items_purged":["Strike_G","Strike_G"],"score":3013,"play_id":"aa1a11d1-d5e9-4434-9a66-a2460cc41ab0","local_time":"20210115213436","is_ascension_mode":true,"campfire_choices":[{"data":"Blade Dance","floor":7.0,"key":"SMITH"},{"data":"Blade Dance","floor":15.0,"key":"SMITH"},{"floor":24.0,"key":"REST"},{"data":"Accuracy","floor":32.0,"key":"SMITH"},{"floor":40,"key":"REST"},{"floor":45,"key":"RECALL"},{"floor":49,"key":"REST"},{"floor":53,"key":"REST"}],"neow_cost":"NONE","seed_source_timestamp":0,"circlet_count":0,"master_deck":["AscendersBane","Strike_G","Strike_G+1","Defend_G","Defend_G+1","Defend_G","Defend_G+1","Defend_G","Survivor","Neutralize+1","Bouncing Flask","Concentrate","Flying Knee","Crippling Poison","Blade Dance+1","Blade Dance+1","PiercingWail","Well Laid Plans","Corpse Explosion","Dodge and Roll+1","Dagger Throw","Backstab","Accuracy+1","Blade Dance","Escape Plan+1","After Image","Acrobatics+1","Flash of Steel","Cloak And Dagger+1","Calculated Gamble","Acrobatics+1","Leg Sweep","Footwork","After Image","Footwork","Backflip"],"special_seed":0,"relics":["Ring of the Snake","Vajra","Whetstone","Bag of Preparation","Juzu Bracelet","Shuriken","Ice Cream","Pen Nib","HoveringKite","Anchor","Orichalcum","War Paint","Ornamental Fan","Question Card","Nloth\u0027s Gift","Fusion Hammer","Incense Burner","Bird Faced Urn","Toy Ornithopter","Bottled Lightning","Lantern","Art of War"],"potions_floor_usage":[51,55,56],"damage_taken":[{"damage":0.0,"enemies":"Small Slimes","floor":1.0,"turns":1.0},{"damage":0.0,"enemies":"Cultist","floor":3.0,"turns":1.0},{"damage":0.0,"enemies":"Jaw Worm","floor":5.0,"turns":1.0},{"damage":7.0,"enemies":"Lagavulin","floor":6.0,"turns":7.0},{"damage":7.0,"enemies":"3 Sentries","floor":8.0,"turns":6.0},{"damage":10.0,"enemies":"Lagavulin","floor":10.0,"turns":6.0},{"damage":3.0,"enemies":"Gremlin Nob","floor":13.0,"turns":3.0},{"damage":21.0,"enemies":"Hexaghost","floor":16.0,"turns":7.0},{"damage":15.0,"enemies":"Shell Parasite","floor":18.0,"turns":5.0},{"damage":10.0,"enemies":"2 Thieves","floor":21.0,"turns":2.0},{"damage":3.0,"enemies":"3 Cultists","floor":22.0,"turns":3.0},{"damage":15.0,"enemies":"Slavers","floor":23.0,"turns":1.0},{"damage":0.0,"enemies":"Gremlin Leader","floor":25.0,"turns":4.0},{"damage":13.0,"enemies":"Book of Stabbing","floor":27.0,"turns":4.0},{"damage":0.0,"enemies":"Snecko","floor":29.0,"turns":3.0},{"damage":0.0,"enemies":"Gremlin Leader","floor":30.0,"turns":4.0},{"damage":1.0,"enemies":"Champ","floor":33.0,"turns":11.0},{"damage":0.0,"enemies":"Orb Walker","floor":35.0,"turns":2.0},{"damage":0.0,"enemies":"3 Shapes","floor":36.0,"turns":3.0},{"damage":15.0,"enemies":"3 Darklings","floor":37.0,"turns":3.0},{"damage":5.0,"enemies":"Maw","floor":39.0,"turns":5.0},{"damage":16,"enemies":"Reptomancer","floor":41,"turns":6},{"damage":0,"enemies":"2 Orb Walkers","floor":42,"turns":1},{"damage":0,"enemies":"Giant Head","floor":44,"turns":5},{"damage":3,"enemies":"Reptomancer","floor":47,"turns":5},{"damage":0,"enemies":"Transient","floor":48,"turns":6},{"damage":8,"enemies":"Donu and Deca","floor":50,"turns":10},{"damage":66,"enemies":"Time Eater","floor":51,"turns":18},{"damage":49,"enemies":"Shield and Spear","floor":55,"turns":7},{"damage":13,"enemies":"The Heart","floor":56,"turns":10}],"seed_played":"4637187038880096172","potions_obtained":[{"floor":3.0,"key":"Explosive Potion"},{"floor":6.0,"key":"Poison Potion"},{"floor":10.0,"key":"Block Potion"},{"floor":13.0,"key":"SneckoOil"},{"floor":18.0,"key":"LiquidBronze"},{"floor":27.0,"key":"FairyPotion"},{"floor":33.0,"key":"Dexterity Potion"},{"floor":42,"key":"SteroidPotion"}],"is_trial":false,"path_per_floor":["M","?","M","$","M","E","R","E","T","E","?","?","E","T","R","B",null,"M","?","$","M","M","E","R","E","T","E","$","M","E","?","R","B",null,"M","M","M","?","M","R","E","?","T","E","R","$","E","M","R","B","B",null,"R","$","E","B",null],"character_chosen":"THE_SILENT","items_purchased":["Poison Potion","Crippling Poison","Dagger Throw","Ornamental Fan","BlessingOfTheForge","Leg Sweep","Footwork","Dexterity Potion"],"campfire_rested":4,"item_purchase_floors":[4,4,20,28,28,46,46,54],"current_hp_per_floor":[59,59,59,59,59,52,52,45,45,35,35,35,32,32,32,11,52,37,66,66,56,53,38,57,57,57,44,44,44,44,44,44,43,60,60,60,45,35,30,49,33,33,33,39,39,39,44,54,66,58,9,52,66,66,19,23],"gold":89,"neow_bonus":"THREE_ENEMY_KILL","is_prod":false,"is_daily":false,"chose_seed":false,"campfire_upgraded":3,"win_rate":0,"timestamp":1610775276,"path_taken":["M","?","M","$","?","E","R","E","T","E","?","?","E","?","R","BOSS","M","?","$","M","M","E","R","E","T","E","$","M","E","?","R","BOSS","M","M","M","?","M","R","E","?","T","E","R","$","E","M","R","BOSS","BOSS","R","$","E","BOSS"],"build_version":"2020-12-18","purchased_purges":2,"victory":true,"max_hp_per_floor":[66,66,66,66,66,66,66,66,66,66,66,66,66,66,66,66,66,66,66,66,66,66,66,66,66,66,66,66,66,66,66,66,66,66,66,66,66,66,66,66,66,66,66,66,66,66,66,66,66,66,66,66,66,66,66,66],"card_choices":[{"not_picked":["Flying Knee","Dodge and Roll"],"picked":"Bouncing Flask","floor":1.0},{"not_picked":["Slice","Terror"],"picked":"Flying Knee","floor":3.0},{"not_picked":["Caltrops","Setup"],"picked":"Masterful Stab","floor":5.0},{"not_picked":["Underhanded Strike","Deflect"],"picked":"Blade Dance","floor":6.0},{"not_picked":["Setup","Underhanded Strike"],"picked":"Blade Dance","floor":8.0},{"not_picked":["Caltrops","Blur"],"picked":"PiercingWail","floor":10.0},{"not_picked":["Infinite Blades","Dagger Throw"],"picked":"Well Laid Plans","floor":13.0},{"not_picked":["Tools of the Trade","Venomology"],"picked":"Corpse Explosion","floor":16.0},{"not_picked":["Masterful Stab","Outmaneuver"],"picked":"Dodge and Roll+1","floor":18.0},{"not_picked":["Sucker Punch+1","Quick Slash"],"picked":"Backstab","floor":21.0},{"not_picked":["Backflip","Deadly Poison"],"picked":"Accuracy","floor":22.0},{"not_picked":["Corpse Explosion","Caltrops"],"picked":"Blade Dance","floor":23.0},{"not_picked":["Concentrate+1","Dodge and Roll","Flying Knee"],"picked":"SKIP","floor":25.0},{"not_picked":["Flying Knee","Blur","Skewer"],"picked":"SKIP","floor":27.0},{"not_picked":["Slice","Flying Knee","Dodge and Roll"],"picked":"SKIP","floor":29.0},{"not_picked":["Setup","Dagger Spray"],"picked":"Escape Plan+1","floor":30.0},{"not_picked":["Envenom","Glass Knife","Corpse Explosion"],"picked":"After Image","floor":33.0},{"not_picked":["Prepared","Slice+1","Catalyst"],"picked":"Acrobatics+1","floor":35.0},{"not_picked":["Choke","Burst","Acrobatics","Predator"],"picked":"SKIP","floor":36.0},{"not_picked":["Poisoned Stab","Concentrate","Flechettes","Bane"],"picked":"SKIP","floor":37.0},{"not_picked":["Secret Weapon","Good Instincts","Dark Shackles"],"picked":"Flash of Steel","floor":38.0},{"not_picked":["Poisoned Stab","Unload","Flying Knee+1","Corpse Explosion"],"picked":"SKIP","floor":39.0},{"not_picked":["Quick Slash","Storm of Steel","Sucker Punch"],"picked":"Cloak And Dagger+1","floor":41},{"not_picked":["Cloak And Dagger","Sucker Punch","Caltrops"],"picked":"Calculated Gamble","floor":42},{"not_picked":["Predator","Burst","Infinite Blades+1"],"picked":"Acrobatics+1","floor":44},{"not_picked":["Choke","Outmaneuver","Doppelganger"],"picked":"After Image","floor":47},{"not_picked":["Quick Slash","Dagger Throw+1","PiercingWail"],"picked":"Footwork","floor":48},{"not_picked":["Masterful Stab","Cloak And Dagger","Terror"],"picked":"Backflip","floor":55}],"player_experience":3077082,"relics_obtained":[{"floor":6.0,"key":"Vajra"},{"floor":8.0,"key":"Whetstone"},{"floor":9.0,"key":"Bag of Preparation"},{"floor":10.0,"key":"Juzu Bracelet"},{"floor":13.0,"key":"Ice Cream"},{"floor":14.0,"key":"Pen Nib"},{"floor":23.0,"key":"Anchor"},{"floor":25.0,"key":"Orichalcum"},{"floor":27.0,"key":"War Paint"},{"floor":30.0,"key":"Question Card"},{"floor":41,"key":"Incense Burner"},{"floor":42,"key":"Bird Faced Urn"},{"floor":43,"key":"Toy Ornithopter"},{"floor":44,"key":"Bottled Lightning"},{"floor":47,"key":"Lantern"},{"floor":55,"key":"Art of War"}],"event_choices":[{"damage_healed":0.0,"max_hp_gain":0.0,"max_hp_loss":0.0,"gold_gain":0.0,"cards_transformed":["Strike_G"],"event_name":"Transmorgrifier","player_choice":"Transformed","floor":2.0,"gold_loss":0.0,"damage_taken":0.0,"cards_obtained":["Concentrate"]},{"damage_healed":0.0,"max_hp_gain":0.0,"max_hp_loss":0.0,"gold_gain":0.0,"event_name":"WeMeetAgain","player_choice":"Gave Potion","floor":11.0,"gold_loss":0.0,"damage_taken":0.0,"relics_obtained":["Shuriken"]},{"damage_healed":0.0,"max_hp_gain":0.0,"max_hp_loss":0.0,"gold_gain":0.0,"event_name":"Liars Game","player_choice":"Ignored","floor":12.0,"gold_loss":0.0,"damage_taken":0.0},{"cards_removed":["Masterful Stab"],"damage_healed":29.0,"max_hp_gain":0.0,"max_hp_loss":0.0,"gold_gain":0.0,"event_name":"Bonfire Elementals","player_choice":"Offered Uncommon","floor":19.0,"gold_loss":0.0,"damage_taken":0.0},{"damage_healed":0.0,"max_hp_gain":0.0,"max_hp_loss":0.0,"gold_gain":0.0,"event_name":"N\u0027loth","player_choice":"Traded Relic","floor":31.0,"relics_lost":["NeowsBlessing"],"gold_loss":0.0,"damage_taken":0.0,"relics_obtained":["Nloth\u0027s Gift"]},{"damage_healed":0.0,"max_hp_gain":0.0,"max_hp_loss":0.0,"gold_gain":0.0,"event_name":"SensoryStone","player_choice":"Memory 3","floor":38.0,"gold_loss":0.0,"damage_taken":10.0},{"damage_healed":0,"gold_gain":0,"player_choice":"Fight","damage_taken":0,"max_hp_gain":0,"max_hp_loss":0,"event_name":"Mysterious Sphere","floor":42,"gold_loss":0}],"is_beta":true,"boss_relics":[{"not_picked":["Black Star","Busted Crown"],"picked":"HoveringKite"},{"not_picked":["Runic Pyramid","Coffee Dripper"],"picked":"Fusion Hammer"}],"items_purged_floors":[20,46],"is_endless":false,"potions_floor_spawned":[3,5,6,10,13,18,22,27,30,33,36,37,42,47],"ascension_level":20}