{"gold_per_floor":[15,29,29,29,41,41,74,74,74,74,74,401,401,401,401,480,480,491,491,508,522,541,568,593,605,617,629,675,687,733,745,757,842,854,886,913,339,350,350,350,385,399,422,372,387,387,387],"floor_reached":47,"playtime":3773,"items_purged":["Unload","Pain"],"score":1317,"play_id":"1146cd55-f131-48e1-9356-77158bee3e93","local_time":"20210117222029","is_ascension_mode":true,"campfire_choices":[{"data":"Blade Dance","floor":6.0,"key":"SMITH"},{"data":"Finisher","floor":11.0,"key":"SMITH"},{"data":"Noxious Fumes","floor":13.0,"key":"SMITH"},{"floor":15.0,"key":"REST"},{"data":"Leg Sweep","floor":25,"key":"SMITH"},{"floor":27,"key":"REST"},{"data":"Tools of the Trade","floor":29,"key":"SMITH"},{"data":"PiercingWail","floor":32,"key":"SMITH"},{"data":"Bullet Time","floor":40,"key":"SMITH"}],"neow_cost":"NO_GOLD","seed_source_timestamp":330444646689700,"circlet_count":0,"master_deck":["AscendersBane","Survivor","Neutralize+1","Dagger Throw","Finisher+1","Sucker Punch","Blade Dance+1","Noxious Fumes+1","Corpse Explosion","Acrobatics","Concentrate","Masterful Stab","Venomology+1","Dagger Throw","Slice","Infinite Blades","Deflect+1","Leg Sweep+1","Blade Dance+1","Tools of the Trade+1","PiercingWail+1","Bullet Time+1","Footwork","Prepared","Backflip","Acrobatics"],"special_seed":0,"relics":["Ring of the Snake","Dead Branch","Ginger","FossilizedHelix","Mango","Old Coin","Pandora\u0027s Box","MawBank","Mercury Hourglass","Smiling Mask","Bottled Tornado","SacredBark","Torii","Oddly Smooth Stone","WarpedTongs","Toy Ornithopter"],"potions_floor_usage":[18,20,21,22,23,23,28,28,33,33,38,38,38,45,47,47,47],"damage_taken":[{"damage":0.0,"enemies":"2 Louse","floor":1.0,"turns":3.0},{"damage":1.0,"enemies":"Cultist","floor":2.0,"turns":4.0},{"damage":0.0,"enemies":"Small Slimes","floor":5.0,"turns":3.0},{"damage":22.0,"enemies":"Lagavulin","floor":7.0,"turns":4.0},{"damage":0.0,"enemies":"Gremlin Nob","floor":12.0,"turns":3.0},{"damage":11,"enemies":"The Guardian","floor":16,"turns":10},{"damage":8,"enemies":"Shell Parasite","floor":18,"turns":3},{"damage":0,"enemies":"Spheric Guardian","floor":20,"turns":1},{"damage":0,"enemies":"Snecko","floor":21,"turns":2},{"damage":6,"enemies":"Shelled Parasite and Fungi","floor":22,"turns":3},{"damage":0,"enemies":"Book of Stabbing","floor":23,"turns":1},{"damage":0,"enemies":"3 Cultists","floor":24,"turns":2},{"damage":0,"enemies":"Gremlin Leader","floor":28,"turns":3},{"damage":8,"enemies":"Book of Stabbing","floor":30,"turns":5},{"damage":34,"enemies":"Automaton","floor":33,"turns":8},{"damage":0,"enemies":"3 Darklings","floor":35,"turns":3},{"damage":0,"enemies":"Orb Walker","floor":36,"turns":1},{"damage":9,"enemies":"Transient","floor":38,"turns":6},{"damage":24,"enemies":"Reptomancer","floor":41,"turns":3},{"damage":0,"enemies":"3 Darklings","floor":42,"turns":2},{"damage":0,"enemies":"Sphere and 2 Shapes","floor":45,"turns":4},{"damage":66,"enemies":"Giant Head","floor":47,"turns":7}],"seed_played":"5645173372874548981","potions_obtained":[{"floor":2.0,"key":"BlessingOfTheForge"},{"floor":7.0,"key":"CunningPotion"},{"floor":12.0,"key":"SteroidPotion"},{"floor":21,"key":"Fire Potion"},{"floor":22,"key":"CunningPotion"},{"floor":24,"key":"Regen Potion"},{"floor":41,"key":"LiquidMemories"}],"is_trial":false,"path_per_floor":["M","M","?","$","M","R","E","?","T","T","R","E","R","?","R","B",null,"M","?","M","M","M","E","M","R","T","R","E","R","E","?","R","B",null,"M","M","$","M","?","R","E","M","T","$","M","?","E"],"character_chosen":"THE_SILENT","items_purchased":["Torii","Oddly Smooth Stone","Backflip"],"campfire_rested":2,"item_purchase_floors":[37,37,37],"current_hp_per_floor":[59,58,58,58,58,58,36,25,25,39,39,39,39,15,39,28,67,59,59,59,59,53,53,53,53,53,77,77,77,69,69,69,49,72,72,72,72,63,63,63,39,39,39,39,44,44,0],"gold":387,"neow_bonus":"REMOVE_TWO","is_prod":false,"is_daily":false,"chose_seed":false,"campfire_upgraded":7,"win_rate":0,"timestamp":1610950829,"path_taken":["M","M","?","?","M","R","E","?","T","?","R","E","R","?","R","BOSS","M","?","M","M","?","E","?","R","T","R","E","R","E","?","R","BOSS","M","M","$","M","?","R","E","M","T","$","?","?","E"],"build_version":"2020-12-18","purchased_purges":2,"victory":false,"max_hp_per_floor":[66,66,66,66,66,66,66,66,66,80,80,80,80,80,80,80,80,80,80,80,80,80,80,80,80,80,80,80,80,80,80,80,80,80,80,80,80,80,80,80,80,80,80,80,80,80,80],"card_choices":[{"not_picked":["Cloak And Dagger","Backflip"],"picked":"Dagger Throw","floor":1.0},{"not_picked":["Blur","Endless Agony"],"picked":"Finisher","floor":2.0},{"not_picked":["Endless Agony","Dagger Spray"],"picked":"Blade Dance","floor":5.0},{"not_picked":["Envenom","Prepared","Sucker Punch"],"picked":"SKIP","floor":7.0},{"not_picked":["Prepared","Crippling Poison"],"picked":"Noxious Fumes","floor":12.0},{"not_picked":["Tools of the Trade","Glass Knife"],"picked":"Corpse Explosion","floor":16},{"not_picked":["Dagger Spray","Blur"],"picked":"Infinite Blades","floor":18},{"not_picked":["Tactician","Bane"],"picked":"Deflect+1","floor":20},{"not_picked":["Bane","Noxious Fumes","Prepared"],"picked":"SKIP","floor":21},{"not_picked":["Backflip","Endless Agony"],"picked":"Leg Sweep","floor":22},{"not_picked":["Slice","Noxious Fumes"],"picked":"Blade Dance+1","floor":23},{"not_picked":["Caltrops","Heel Hook","Prepared"],"picked":"SKIP","floor":24},{"not_picked":["Dodge and Roll","Backstab"],"picked":"Tools of the Trade","floor":28},{"not_picked":["Escape Plan","Choke","Deflect"],"picked":"SKIP","floor":30},{"not_picked":["Die Die Die","Unload"],"picked":"Bullet Time","floor":33},{"not_picked":["Deflect","Blade Dance"],"picked":"Footwork","floor":35},{"not_picked":["Predator","Tactician"],"picked":"Prepared","floor":36},{"not_picked":["Dagger Spray+1","Deflect"],"picked":"Acrobatics","floor":38},{"not_picked":["Blade Dance","Glass Knife","Sucker Punch+1"],"picked":"SKIP","floor":41},{"not_picked":["Quick Slash+1","Dagger Throw+1","Expertise"],"picked":"SKIP","floor":42},{"not_picked":["Outmaneuver","Crippling Poison","Blade Dance"],"picked":"SKIP","floor":45}],"player_experience":3105335,"relics_obtained":[{"floor":7.0,"key":"Dead Branch"},{"floor":9.0,"key":"FossilizedHelix"},{"floor":10.0,"key":"Mango"},{"floor":12.0,"key":"Old Coin"},{"floor":23,"key":"MawBank"},{"floor":26,"key":"Mercury Hourglass"},{"floor":28,"key":"Smiling Mask"},{"floor":30,"key":"Bottled Tornado"},{"floor":41,"key":"Toy Ornithopter"}],"event_choices":[{"damage_healed":0.0,"max_hp_gain":0.0,"max_hp_loss":0.0,"gold_gain":0.0,"cards_transformed":["Strike_G"],"event_name":"Transmorgrifier","player_choice":"Transformed","floor":3.0,"gold_loss":0.0,"damage_taken":0.0,"cards_obtained":["Sucker Punch"]},{"damage_healed":0.0,"max_hp_gain":0.0,"max_hp_loss":0.0,"gold_gain":0.0,"event_name":"Scrap Ooze","player_choice":"Success","floor":8.0,"gold_loss":0.0,"damage_taken":11.0,"relics_obtained":["Ginger"]},{"damage_healed":0.0,"max_hp_gain":0.0,"max_hp_loss":0.0,"gold_gain":0.0,"event_name":"Shining Light","player_choice":"Entered Light","floor":14.0,"gold_loss":0.0,"damage_taken":24.0,"cards_upgraded":["Defend_G","Neutralize"]},{"damage_healed":0,"gold_gain":0,"player_choice":"Upgraded","damage_taken":0,"max_hp_gain":0,"max_hp_loss":0,"event_name":"Upgrade Shrine","floor":19,"gold_loss":0,"cards_upgraded":["Venomology"]},{"damage_healed":0,"gold_gain":0,"player_choice":"Read","damage_taken":0,"max_hp_gain":0,"max_hp_loss":0,"event_name":"The Library","floor":31,"gold_loss":0,"cards_obtained":["PiercingWail"]},{"damage_healed":0,"gold_gain":0,"player_choice":"Rummage","damage_taken":0,"relics_obtained":["WarpedTongs"],"max_hp_gain":0,"max_hp_loss":0,"event_name":"Accursed Blacksmith","floor":39,"gold_loss":0,"cards_obtained":["Pain"]},{"damage_healed":0,"gold_gain":0,"player_choice":"Ignored","damage_taken":0,"max_hp_gain":0,"max_hp_loss":0,"event_name":"Tomb of Lord Red Mask","floor":46,"gold_loss":0}],"is_beta":true,"boss_relics":[{"not_picked":["Coffee Dripper","Runic Dome"],"picked":"Pandora\u0027s Box"},{"not_picked":["Tiny House","Empty Cage"],"picked":"SacredBark"}],"items_purged_floors":[37,44],"is_endless":false,"potions_floor_spawned":[2,7,12,20,21,22,24,36,41,42,45],"killed_by":"Giant Head","ascension_level":20}