{"gold_per_floor":[112,112,29,49,65,91,91,122,122,122,137,137,137,163,163,163],"floor_reached":16,"playtime":843,"items_purged":[],"score":216,"play_id":"4bf690c6-e083-49f0-b956-2a533e367530","local_time":"20210116210915","is_ascension_mode":true,"campfire_choices":[{"floor":7,"key":"REST"},{"data":"Underhanded Strike","floor":10,"key":"SMITH"},{"data":"Dagger Spray","floor":13,"key":"SMITH"},{"data":"Dash","floor":15,"key":"SMITH"}],"neow_cost":"NONE","seed_source_timestamp":242871680417000,"circlet_count":0,"master_deck":["AscendersBane","Strike_G","Strike_G","Strike_G","Strike_G","Defend_G","Defend_G","Defend_G","Defend_G","Defend_G","Survivor","Neutralize","Dash+1","Footwork","Terror","Underhanded Strike+1","Bouncing Flask","Leg Sweep","Dagger Spray+1"],"special_seed":0,"relics":["Sozu","Ice Cream","Letter Opener","Calipers","Odd Mushroom"],"potions_floor_usage":[],"damage_taken":[{"damage":1,"enemies":"Small Slimes","floor":1,"turns":5},{"damage":0,"enemies":"Cultist","floor":4,"turns":4},{"damage":1,"enemies":"2 Louse","floor":5,"turns":2},{"damage":40,"enemies":"Gremlin Nob","floor":6,"turns":5},{"damage":6,"enemies":"Lagavulin","floor":8,"turns":6},{"damage":1,"enemies":"Looter","floor":11,"turns":3},{"damage":6,"enemies":"The Mushroom Lair","floor":14,"turns":4},{"damage":24,"enemies":"Slime Boss","floor":16,"turns":6}],"seed_played":"6441437044066158239","potions_obtained":[],"is_trial":false,"path_per_floor":["M","?","$","M","M","E","R","E","T","R","M","?","R","?","R","B"],"character_chosen":"THE_SILENT","items_purchased":["Terror"],"campfire_rested":1,"item_purchase_floors":[3],"current_hp_per_floor":[58,58,58,58,57,17,36,30,30,30,29,29,29,23,23,0],"gold":163,"neow_bonus":"BOSS_RELIC","is_prod":false,"is_daily":false,"chose_seed":false,"campfire_upgraded":3,"win_rate":0,"timestamp":1610860155,"path_taken":["M","?","$","?","M","E","R","E","T","R","M","?","R","?","R","BOSS"],"build_version":"2020-12-18","purchased_purges":0,"victory":false,"max_hp_per_floor":[66,66,66,66,66,66,66,66,66,66,66,66,66,66,66,66],"card_choices":[{"not_picked":["Blade Dance","Slice"],"picked":"Dash","floor":1},{"not_picked":["Outmaneuver","Escape Plan"],"picked":"Underhanded Strike","floor":4},{"not_picked":["Poisoned Stab","Prepared"],"picked":"Bouncing Flask","floor":5},{"not_picked":["Bullet Time","Setup"],"picked":"Leg Sweep","floor":6},{"not_picked":["Blade Dance","Eviscerate","Finisher"],"picked":"SKIP","floor":8},{"not_picked":["Choke","Dodge and Roll"],"picked":"Dagger Spray","floor":11}],"player_experience":3088145,"relics_obtained":[{"floor":6,"key":"Ice Cream"},{"floor":8,"key":"Letter Opener"},{"floor":9,"key":"Calipers"},{"floor":14,"key":"Odd Mushroom"}],"event_choices":[{"damage_healed":0,"gold_gain":0,"cards_transformed":["Strike_G"],"player_choice":"Transformed","damage_taken":0,"max_hp_gain":0,"max_hp_loss":0,"event_name":"Transmorgrifier","floor":2,"gold_loss":0,"cards_obtained":["Footwork"]},{"damage_healed":0,"gold_gain":0,"player_choice":"Ignored","damage_taken":0,"max_hp_gain":0,"max_hp_loss":0,"event_name":"Liars Game","floor":12,"gold_loss":0},{"damage_healed":0,"gold_gain":0,"player_choice":"Fought Mushrooms","damage_taken":0,"max_hp_gain":0,"max_hp_loss":0,"event_name":"Mushrooms","floor":14,"gold_loss":0}],"is_beta":true,"boss_relics":[],"items_purged_floors":[],"is_endless":false,"potions_floor_spawned":[6,11],"killed_by":"Slime Boss","ascension_level":20}