{"gold_per_floor":[112,112,127,137,151,178,178,197,270,30,30,49,49,49,49,123,123,136,150,165,37,37,37,70,70,119,119,137,157,157,190,190,190],"floor_reached":33,"playtime":1732,"items_purged":["Strike_G"],"score":649,"play_id":"4845d06b-326f-4415-8efb-cc94a31b69c7","local_time":"20210110165719","is_ascension_mode":true,"campfire_choices":[{"data":"Noxious Fumes","floor":11,"key":"SMITH"},{"data":"Glass Knife","floor":13,"key":"SMITH"},{"floor":15,"key":"DIG"},{"floor":23,"key":"DIG"},{"floor":25,"key":"DIG"},{"floor":32,"key":"DIG"}],"neow_cost":"NONE","seed_source_timestamp":857458786675900,"circlet_count":0,"master_deck":["AscendersBane","Defend_G","Defend_G","Defend_G","Defend_G","Defend_G","Survivor","Neutralize","Quick Slash","Finisher+1","Blade Dance","Leg Sweep","Noxious Fumes+1","Glass Knife+1","Corpse Explosion","Tools of the Trade+1","Backstab+1","Dash+1","Poisoned Stab+1","Crippling Poison","Terror","Bite","Bite","Bite","Bite","Bite","Reflex","Backflip","PiercingWail+1"],"relics":["Coffee Dripper","Shovel","Mummified Hand","Toy Ornithopter","StoneCalendar","Astrolabe","Ancient Tea Set","Torii","Bag of Preparation","Vajra","Anchor","Bottled Lightning"],"potions_floor_usage":[6,16,16,24,24,29,31,31,33],"damage_taken":[{"damage":9,"enemies":"Jaw Worm","floor":1,"turns":7},{"damage":0,"enemies":"Cultist","floor":3,"turns":3},{"damage":0,"enemies":"Small Slimes","floor":4,"turns":3},{"damage":0,"enemies":"Blue Slaver","floor":5,"turns":2},{"damage":37,"enemies":"Gremlin Nob","floor":6,"turns":5},{"damage":5,"enemies":"Gremlin Gang","floor":8,"turns":5},{"damage":0,"enemies":"Red Slaver","floor":12,"turns":5},{"damage":10,"enemies":"The Guardian","floor":16,"turns":8},{"damage":13,"enemies":"Chosen","floor":18,"turns":4},{"damage":11,"enemies":"2 Thieves","floor":19,"turns":4},{"damage":22,"enemies":"Cultist and Chosen","floor":20,"turns":6},{"damage":15,"enemies":"Gremlin Leader","floor":24,"turns":6},{"damage":18,"enemies":"Snecko","floor":28,"turns":4},{"damage":7,"enemies":"Sentry and Sphere","floor":29,"turns":5},{"damage":0,"enemies":"Slavers","floor":31,"turns":1},{"damage":62,"enemies":"Automaton","floor":33,"turns":6}],"seed_played":"4524478506324859270","potions_obtained":[{"floor":4,"key":"Swift Potion"},{"floor":6,"key":"CultistPotion"},{"floor":8,"key":"Energy Potion"},{"floor":12,"key":"Strength Potion"},{"floor":20,"key":"BlessingOfTheForge"},{"floor":24,"key":"SteroidPotion"},{"floor":27,"key":"DuplicationPotion"},{"floor":29,"key":"Regen Potion"},{"floor":31,"key":"Energy Potion"}],"is_trial":false,"path_per_floor":["M","?","M","M","M","E","?","M","T","$","R","M","R","?","R","B",null,"M","M","M","$","?","R","E","R","T","?","M","M","?","E","R","B"],"character_chosen":"THE_SILENT","items_purchased":["Toy Ornithopter","Noxious Fumes","FearPotion"],"campfire_rested":0,"item_purchase_floors":[10,10,21],"current_hp_per_floor":[50,50,50,50,50,13,13,8,8,8,8,8,8,8,8,8,52,39,28,6,6,6,6,17,17,17,17,7,15,15,25,25,0],"gold":190,"neow_bonus":"BOSS_RELIC","is_prod":false,"is_daily":false,"chose_seed":false,"campfire_upgraded":2,"win_rate":0,"timestamp":1610326639,"path_taken":["M","?","M","?","M","E","?","M","T","$","R","M","R","?","R","BOSS","M","?","M","$","?","R","E","R","T","?","M","?","?","E","R","BOSS"],"build_version":"2020-12-18","purchased_purges":1,"victory":false,"max_hp_per_floor":[66,66,66,66,66,66,66,66,66,66,66,66,66,66,66,66,66,66,66,66,66,46,46,46,46,46,46,46,46,46,46,46,46],"card_choices":[{"not_picked":["Bane","Underhanded Strike"],"picked":"Quick Slash","floor":1},{"not_picked":["Bane","Dodge and Roll","Underhanded Strike"],"picked":"SKIP","floor":3},{"not_picked":["Reflex","Cloak And Dagger"],"picked":"Blade Dance","floor":4},{"not_picked":["Backflip","Quick Slash"],"picked":"Leg Sweep","floor":5},{"not_picked":["Dagger Throw","Leg Sweep","Sucker Punch"],"picked":"SKIP","floor":6},{"not_picked":["Slice","Catalyst","Sucker Punch"],"picked":"SKIP","floor":8},{"not_picked":["Reflex","Bane"],"picked":"Glass Knife","floor":12},{"not_picked":["After Image","A Thousand Cuts"],"picked":"Corpse Explosion","floor":16},{"not_picked":["Backflip","Flying Knee"],"picked":"Poisoned Stab+1","floor":18},{"not_picked":["Flechettes+1","Reflex"],"picked":"Crippling Poison","floor":19},{"not_picked":["Underhanded Strike","Outmaneuver"],"picked":"Terror","floor":20},{"not_picked":["Riddle With Holes","Finisher"],"picked":"Reflex","floor":24},{"not_picked":["Underhanded Strike","Sucker Punch","Deflect"],"picked":"SKIP","floor":28},{"not_picked":["Calculated Gamble","Reflex"],"picked":"Backflip","floor":29},{"not_picked":["Deflect","Dagger Throw"],"picked":"PiercingWail+1","floor":31}],"player_experience":3049741,"relics_obtained":[{"floor":6,"key":"Shovel"},{"floor":9,"key":"Mummified Hand"},{"floor":15,"key":"StoneCalendar"},{"floor":23,"key":"Ancient Tea Set"},{"floor":24,"key":"Torii"},{"floor":25,"key":"Bag of Preparation"},{"floor":26,"key":"Vajra"},{"floor":31,"key":"Anchor"},{"floor":32,"key":"Bottled Lightning"}],"event_choices":[{"damage_healed":0,"gold_gain":0,"player_choice":"1 cards matched","damage_taken":0,"max_hp_gain":0,"max_hp_loss":0,"event_name":"Match and Keep!","floor":2,"gold_loss":0,"cards_obtained":["Finisher"]},{"damage_healed":0,"gold_gain":0,"player_choice":"Searched \u00270\u0027 times","damage_taken":0,"max_hp_gain":0,"max_hp_loss":0,"event_name":"Dead Adventurer","floor":7,"gold_loss":0},{"damage_healed":0,"gold_gain":0,"player_choice":"Forge","damage_taken":0,"max_hp_gain":0,"max_hp_loss":0,"event_name":"Accursed Blacksmith","floor":14,"gold_loss":0,"cards_upgraded":["Finisher"]},{"damage_healed":0,"gold_gain":0,"player_choice":"Became a vampire","damage_taken":0,"max_hp_gain":0,"max_hp_loss":20,"event_name":"Vampires","floor":22,"gold_loss":0,"cards_obtained":["Bite","Bite","Bite","Bite","Bite"]},{"damage_healed":0,"gold_gain":0,"player_choice":"Got Potions","damage_taken":0,"max_hp_gain":0,"max_hp_loss":0,"event_name":"Lab","floor":27,"gold_loss":0},{"damage_healed":0,"gold_gain":0,"player_choice":"Ignored","damage_taken":0,"max_hp_gain":0,"max_hp_loss":0,"event_name":"N\u0027loth","floor":30,"gold_loss":0}],"is_beta":true,"boss_relics":[{"not_picked":["Cursed Key","Runic Dome"],"picked":"Astrolabe"}],"items_purged_floors":[21],"is_endless":false,"potions_floor_spawned":[4,6,8,12,20,24,29,31],"killed_by":"Automaton","ascension_level":20}