{"gold_per_floor":[109,34,34,50,63,63,99,99,99,99,134,155,176,199,199,295,295,319,339,339,360,360,394,394,433,433,433,472,472,79,103,103,192,192,216,229,253,128,152,152,176,210,236,255,286,329,674,701,713,725,737,749,761,125,159,159],"floor_reached":56,"playtime":11382,"items_purged":["Storm of Steel","Envenom","Flechettes","Masterful Stab"],"score":2218,"play_id":"3dbd17d2-27e3-42ff-8898-99c1042c8b94","local_time":"20210112160629","is_ascension_mode":true,"campfire_choices":[{"data":"Underhanded Strike","floor":6,"key":"SMITH"},{"data":"Glass Knife","floor":8,"key":"SMITH"},{"data":"1","floor":15,"key":"LIFT"},{"floor":24,"key":"REST"},{"data":"2","floor":27,"key":"LIFT"},{"floor":29,"key":"REST"},{"floor":32,"key":"REST"},{"floor":40,"key":"RECALL"},{"floor":49,"key":"REST"},{"floor":53,"key":"REST"}],"neow_cost":"NONE","seed_source_timestamp":1017554589601300,"circlet_count":0,"master_deck":["AscendersBane","Survivor","Neutralize","Night Terror","Dagger Throw","Blade Dance+1","Escape Plan","Corpse Explosion","Dagger Throw","Underhanded Strike","Underhanded Strike+1","Glass Knife+1","Calculated Gamble+1","Escape Plan","Dagger Spray","Wraith Form v2","CurseOfTheBell","Underhanded Strike+1","Backflip","PiercingWail","Eviscerate","Necronomicurse","Prepared+1","Reflex","Predator","Leg Sweep","PiercingWail","Choke+1","Backflip+1","Prepared+1","Malaise","Well Laid Plans+1","Backflip","Calculated Gamble+1","Footwork+1","Wraith Form v2","Tactician","Secret Weapon","Leg Sweep+1"],"relics":["Pandora\u0027s Box","StrikeDummy","Vajra","Girya","Calling Bell","Prayer Wheel","Potion Belt","Pear","Necronomicon","Akabeko","War Paint","White Beast Statue","Red Mask","Bag of Preparation","Fusion Hammer","HornCleat","Torii","MawBank","Centennial Puzzle"],"potions_floor_usage":[7,21,23,23,25,33,42,50,51,51,55,56,56,56,56,56,56],"damage_taken":[{"damage":12,"enemies":"Jaw Worm","floor":1,"turns":2},{"damage":6,"enemies":"2 Louse","floor":4,"turns":2},{"damage":0,"enemies":"Cultist","floor":5,"turns":2},{"damage":0,"enemies":"Lagavulin","floor":7,"turns":3},{"damage":0,"enemies":"Gremlin Nob","floor":11,"turns":2},{"damage":1,"enemies":"Exordium Wildlife","floor":12,"turns":3},{"damage":0,"enemies":"Large Slime","floor":13,"turns":3},{"damage":13,"enemies":"Blue Slaver","floor":14,"turns":2},{"damage":8,"enemies":"Slime Boss","floor":16,"turns":5},{"damage":0,"enemies":"Chosen","floor":18,"turns":3},{"damage":6,"enemies":"3 Byrds","floor":19,"turns":2},{"damage":21,"enemies":"Snecko","floor":21,"turns":4},{"damage":11,"enemies":"Slavers","floor":23,"turns":4},{"damage":3,"enemies":"Book of Stabbing","floor":25,"turns":3},{"damage":12,"enemies":"Masked Bandits","floor":28,"turns":2},{"damage":0,"enemies":"3 Cultists","floor":31,"turns":2},{"damage":0,"enemies":"Collector","floor":33,"turns":4},{"damage":0,"enemies":"3 Shapes","floor":35,"turns":1},{"damage":0,"enemies":"3 Darklings","floor":36,"turns":1},{"damage":5,"enemies":"Maw","floor":37,"turns":4},{"damage":1,"enemies":"4 Shapes","floor":39,"turns":7},{"damage":6,"enemies":"Sphere and 2 Shapes","floor":41,"turns":7},{"damage":1,"enemies":"Giant Head","floor":42,"turns":4},{"damage":4,"enemies":"Transient","floor":44,"turns":6},{"damage":3,"enemies":"Mind Bloom Boss Battle","floor":45,"turns":7},{"damage":0,"enemies":"Nemesis","floor":46,"turns":3},{"damage":10,"enemies":"Maw","floor":48,"turns":3},{"damage":13,"enemies":"Awakened One","floor":50,"turns":15},{"damage":30,"enemies":"Time Eater","floor":51,"turns":11},{"damage":26,"enemies":"Shield and Spear","floor":55,"turns":3},{"damage":45,"enemies":"The Heart","floor":56,"turns":11}],"seed_played":"8364604848023853991","potions_obtained":[{"floor":1,"key":"ColorlessPotion"},{"floor":4,"key":"Ancient Potion"},{"floor":13,"key":"Ancient Potion"},{"floor":16,"key":"GamblersBrew"},{"floor":18,"key":"AttackPotion"},{"floor":21,"key":"PowerPotion"},{"floor":23,"key":"SkillPotion"},{"floor":28,"key":"CultistPotion"},{"floor":31,"key":"Swift Potion"},{"floor":33,"key":"Weak Potion"},{"floor":35,"key":"SteroidPotion"},{"floor":36,"key":"CultistPotion"},{"floor":42,"key":"Poison Potion"},{"floor":44,"key":"Dexterity Potion"},{"floor":55,"key":"DistilledChaos"}],"is_trial":false,"path_per_floor":["M","$","?","M","M","R","E","R","T","?","E","M","M","M","R","B",null,"M","M","?","M","?","E","R","E","T","R","?","R","$","M","R","B",null,"M","M","M","$","M","R","M","E","T","M","?","E","?","M","R","B","B",null,"R","$","E","B"],"character_chosen":"THE_SILENT","items_purchased":["Reflex","Bag of Preparation","Predator","Tactician","GamblersBrew","Block Potion","EntropicBrew","Secret Weapon"],"campfire_rested":5,"item_purchase_floors":[30,30,30,54,54,54,54,54],"current_hp_per_floor":[47,47,47,41,41,41,41,41,41,41,41,40,40,27,27,19,60,60,54,54,33,12,1,22,19,19,19,7,28,28,28,49,49,65,65,65,60,60,59,59,53,52,52,48,45,45,45,35,56,43,13,56,70,70,44,0],"gold":159,"neow_bonus":"BOSS_RELIC","is_prod":false,"is_daily":false,"chose_seed":false,"campfire_upgraded":2,"win_rate":0,"timestamp":1610496389,"path_taken":["M","$","?","M","M","R","E","R","T","?","E","?","M","M","R","BOSS","M","M","?","M","?","E","R","E","T","R","?","R","$","M","R","BOSS","M","M","M","$","M","R","M","E","T","M","?","E","?","M","R","BOSS","BOSS","R","$","E","BOSS"],"build_version":"2020-12-18","purchased_purges":4,"victory":false,"max_hp_per_floor":[66,66,60,60,60,60,60,60,60,60,60,60,60,60,60,60,70,70,70,70,70,70,70,70,70,70,70,70,70,70,70,70,70,70,70,70,70,70,70,70,70,70,70,70,70,70,70,70,70,70,70,70,70,70,70,70],"card_choices":[{"not_picked":["Outmaneuver","Endless Agony"],"picked":"Underhanded Strike","floor":1},{"not_picked":["Quick Slash","Poisoned Stab","Masterful Stab"],"picked":"SKIP","floor":4},{"not_picked":["Dagger Spray","Noxious Fumes"],"picked":"Underhanded Strike","floor":5},{"not_picked":["Unload","Crippling Poison"],"picked":"Glass Knife","floor":7},{"not_picked":["Bane","Catalyst"],"picked":"Calculated Gamble","floor":11},{"not_picked":["Expertise","Outmaneuver"],"picked":"Escape Plan","floor":12},{"not_picked":["Dodge and Roll","Deadly Poison","Slice"],"picked":"SKIP","floor":13},{"not_picked":["Outmaneuver","Deadly Poison"],"picked":"Dagger Spray","floor":14},{"not_picked":["Die Die Die","Envenom"],"picked":"Wraith Form v2","floor":16},{"not_picked":["Sucker Punch","Choke"],"picked":"Underhanded Strike+1","floor":18},{"not_picked":["Distraction","Night Terror"],"picked":"Backflip","floor":18},{"not_picked":["Sucker Punch","Flying Knee"],"picked":"PiercingWail","floor":19},{"not_picked":["Bane","Catalyst","Distraction"],"picked":"SKIP","floor":19},{"not_picked":["Skewer","Heel Hook","Quick Slash"],"picked":"SKIP","floor":21},{"not_picked":["Bane","Outmaneuver","Dodge and Roll"],"picked":"SKIP","floor":21},{"not_picked":["Blade Dance","Terror"],"picked":"Prepared+1","floor":23},{"not_picked":["Blade Dance","Flechettes","Quick Slash"],"picked":"SKIP","floor":25},{"not_picked":["Poisoned Stab","Reflex"],"picked":"Leg Sweep","floor":31},{"not_picked":["Accuracy+1","Dagger Spray","Underhanded Strike+1"],"picked":"SKIP","floor":31},{"not_picked":["Heel Hook","Cloak And Dagger+1"],"picked":"PiercingWail","floor":35},{"not_picked":["Catalyst","Escape Plan","Prepared"],"picked":"SKIP","floor":35},{"not_picked":["Quick Slash","Prepared"],"picked":"Choke+1","floor":36},{"not_picked":["Dagger Throw","Deadly Poison","Dash"],"picked":"SKIP","floor":36},{"not_picked":["PiercingWail+1","Bane"],"picked":"Backflip+1","floor":37},{"not_picked":["Cloak And Dagger","Outmaneuver"],"picked":"Prepared+1","floor":37},{"not_picked":["Dagger Spray","Slice+1"],"picked":"Malaise","floor":39},{"not_picked":["Catalyst","Underhanded Strike","Deflect"],"picked":"SKIP","floor":39},{"not_picked":["Poisoned Stab","Deflect"],"picked":"Well Laid Plans+1","floor":41},{"not_picked":["Predator","Dagger Spray"],"picked":"Backflip","floor":41},{"not_picked":["Dodge and Roll","Outmaneuver","Well Laid Plans"],"picked":"SKIP","floor":42},{"not_picked":["Bane","Deflect"],"picked":"Calculated Gamble+1","floor":44},{"not_picked":["Poisoned Stab","Dodge and Roll","Riddle With Holes"],"picked":"SKIP","floor":44},{"not_picked":["Catalyst","Dagger Spray"],"picked":"Footwork+1","floor":45},{"not_picked":["Riddle With Holes","Poisoned Stab+1","Flying Knee+1"],"picked":"SKIP","floor":46},{"not_picked":["Poisoned Stab","Dagger Spray"],"picked":"Wraith Form v2","floor":48},{"not_picked":["Dodge and Roll","Finisher","Deadly Poison"],"picked":"SKIP","floor":48},{"not_picked":["Slice","Dagger Throw"],"picked":"Leg Sweep+1","floor":55}],"player_experience":3060263,"relics_obtained":[{"floor":7,"key":"StrikeDummy"},{"floor":9,"key":"Vajra"},{"floor":11,"key":"Girya"},{"floor":17,"key":"Prayer Wheel"},{"floor":17,"key":"Potion Belt"},{"floor":17,"key":"Pear"},{"floor":22,"key":"Necronomicon"},{"floor":23,"key":"Akabeko"},{"floor":25,"key":"War Paint"},{"floor":26,"key":"White Beast Statue"},{"floor":28,"key":"Red Mask"},{"floor":42,"key":"HornCleat"},{"floor":45,"key":"Torii"},{"floor":46,"key":"MawBank"},{"floor":55,"key":"Centennial Puzzle"}],"event_choices":[{"damage_healed":0,"gold_gain":0,"player_choice":"Lose Max HP","damage_taken":0,"relics_obtained":["Golden Idol"],"max_hp_gain":0,"max_hp_loss":6,"event_name":"Golden Idol","floor":3,"gold_loss":0},{"damage_healed":0,"gold_gain":0,"player_choice":"0 cards matched","damage_taken":0,"max_hp_gain":0,"max_hp_loss":0,"event_name":"Match and Keep!","floor":10,"gold_loss":0,"cards_obtained":[]},{"damage_healed":0,"gold_gain":0,"player_choice":"Read","damage_taken":0,"max_hp_gain":0,"max_hp_loss":0,"event_name":"The Library","floor":20,"gold_loss":0,"cards_obtained":["Eviscerate"]},{"damage_healed":0,"gold_gain":0,"player_choice":"Obtained Book","damage_taken":21,"max_hp_gain":0,"max_hp_loss":0,"event_name":"Cursed Tome","floor":22,"gold_loss":0},{"damage_healed":0,"gold_gain":0,"player_choice":"Fought Bandits","damage_taken":0,"max_hp_gain":0,"max_hp_loss":0,"event_name":"Masked Bandits","floor":28,"gold_loss":0},{"damage_healed":0,"gold_gain":0,"player_choice":"Fight","damage_taken":0,"max_hp_gain":0,"max_hp_loss":0,"event_name":"MindBloom","floor":45,"gold_loss":0},{"damage_healed":0,"gold_gain":333,"player_choice":"Gave Idol","damage_taken":0,"max_hp_gain":0,"max_hp_loss":0,"event_name":"The Moai Head","floor":47,"relics_lost":["Golden Idol"],"gold_loss":0}],"is_beta":true,"boss_relics":[{"not_picked":["SacredBark","Busted Crown"],"picked":"Calling Bell"},{"not_picked":["Runic Pyramid","Empty Cage"],"picked":"Fusion Hammer"}],"items_purged_floors":[2,30,38,54],"is_endless":false,"potions_floor_spawned":[1,4,13,14,16,18,21,23,28,31,33,35,36,37,39,41,42,44,45,46,48,55],"killed_by":"The Heart","ascension_level":20}