{"gold_per_floor":[117,117,37,55,1,1,26,37,37,37,69,69,126,48,48,48],"floor_reached":16,"playtime":762,"items_purged":[],"score":212,"play_id":"dd5acedc-5e00-4d39-9d5d-f72467af7faf","local_time":"20210111205232","is_ascension_mode":true,"campfire_choices":[{"data":"Cloak And Dagger","floor":6,"key":"SMITH"},{"data":"Neutralize","floor":10,"key":"SMITH"},{"data":"Cloak And Dagger","floor":15,"key":"SMITH"}],"neow_cost":"NONE","seed_source_timestamp":958942294291400,"circlet_count":0,"master_deck":["AscendersBane","Strike_G+1","Strike_G+1","Strike_G","Strike_G","Strike_G","Defend_G","Defend_G","Defend_G","Defend_G","Defend_G","Survivor","Neutralize+1","Infinite Blades+1","Cloak And Dagger+1","Dagger Spray","Riddle With Holes","Cloak And Dagger+1","Well Laid Plans+1"],"relics":["Ring of the Snake","Boot","Frozen Egg 2","Pantograph","Omamori","Whetstone","Bottled Tornado"],"potions_floor_usage":[11],"damage_taken":[{"damage":1,"enemies":"Cultist","floor":1,"turns":4},{"damage":1,"enemies":"2 Louse","floor":4,"turns":3},{"damage":16,"enemies":"3 Sentries","floor":7,"turns":7},{"damage":0,"enemies":"Jaw Worm","floor":8,"turns":3},{"damage":6,"enemies":"Gremlin Nob","floor":11,"turns":3},{"damage":22,"enemies":"Gremlin Nob","floor":13,"turns":4},{"damage":45,"enemies":"Hexaghost","floor":16,"turns":10}],"seed_played":"3569375345766842788","potions_obtained":[{"floor":1,"key":"FearPotion"}],"is_trial":false,"path_per_floor":["M","?","$","M","$","R","E","M","T","R","E","$","?","$","R","B"],"character_chosen":"THE_SILENT","items_purchased":["Infinite Blades+1","Dagger Spray","Well Laid Plans+1"],"campfire_rested":0,"item_purchase_floors":[3,5,14],"current_hp_per_floor":[58,58,58,57,57,57,41,41,41,41,35,35,13,13,13,0],"gold":48,"neow_bonus":"RANDOM_COMMON_RELIC","is_prod":false,"is_daily":false,"chose_seed":false,"campfire_upgraded":3,"win_rate":0,"timestamp":1610427152,"path_taken":["M","?","$","M","?","R","E","?","T","R","E","$","?","$","R","BOSS"],"build_version":"2020-12-18","purchased_purges":0,"victory":false,"max_hp_per_floor":[66,66,66,66,66,66,66,66,66,66,66,66,66,66,66,66],"card_choices":[{"not_picked":["Setup","Backflip","Escape Plan"],"picked":"SKIP","floor":1},{"not_picked":["Slice","Backflip"],"picked":"Cloak And Dagger","floor":4},{"not_picked":["Underhanded Strike","All Out Attack"],"picked":"Riddle With Holes","floor":7},{"not_picked":["Masterful Stab","Deflect","All Out Attack"],"picked":"SKIP","floor":8},{"not_picked":["Setup","All Out Attack","Catalyst"],"picked":"SKIP","floor":11},{"not_picked":["Distraction","Acrobatics"],"picked":"Cloak And Dagger","floor":13}],"player_experience":3052070,"relics_obtained":[{"floor":2,"key":"Frozen Egg 2"},{"floor":7,"key":"Pantograph"},{"floor":9,"key":"Omamori"},{"floor":11,"key":"Whetstone"},{"floor":13,"key":"Bottled Tornado"}],"event_choices":[{"damage_healed":0,"gold_gain":0,"player_choice":"Relic","damage_taken":0,"max_hp_gain":0,"max_hp_loss":0,"event_name":"Wheel of Change","floor":2,"gold_loss":0},{"damage_healed":0,"gold_gain":0,"player_choice":"Searched \u00271\u0027 times","damage_taken":0,"max_hp_gain":0,"max_hp_loss":0,"event_name":"Dead Adventurer","floor":13,"gold_loss":0}],"is_beta":true,"boss_relics":[],"items_purged_floors":[],"is_endless":false,"potions_floor_spawned":[1],"killed_by":"Hexaghost","ascension_level":20}