{"gold_per_floor":[210,228,228,303,55,55,89,107,107,134,134,134,149,169,169,246,246,256,256,275,275],"floor_reached":21,"playtime":1411,"items_purged":["Strike_G"],"score":378,"play_id":"1349c8b5-cf08-4e5e-b581-a5ce6a941054","local_time":"20210110121447","is_ascension_mode":true,"campfire_choices":[{"data":"Dagger Throw","floor":6,"key":"SMITH"},{"data":"Calculated Gamble","floor":12,"key":"SMITH"},{"data":"Well Laid Plans","floor":15,"key":"SMITH"}],"neow_cost":"NONE","seed_source_timestamp":840827495246900,"circlet_count":0,"master_deck":["AscendersBane","Strike_G","Defend_G","Defend_G","Defend_G","Defend_G","Defend_G","Survivor","Neutralize","Poisoned Stab+1","Dagger Throw+1","Poisoned Stab","Calculated Gamble+1","Flechettes","Well Laid Plans+1","Wraith Form v2","Outmaneuver+1","Deadly Poison+1","Dagger Throw+1","Leg Sweep","Necronomicurse"],"relics":["Ring of the Snake","Bag of Marbles","Du-Vu Doll","Peace Pipe","Tingsha","Astrolabe","Necronomicon"],"potions_floor_usage":[7,10],"damage_taken":[{"damage":3,"enemies":"2 Louse","floor":1,"turns":5},{"damage":4,"enemies":"Small Slimes","floor":2,"turns":3},{"damage":6,"enemies":"Gremlin Nob","floor":7,"turns":3},{"damage":2,"enemies":"Jaw Worm","floor":8,"turns":3},{"damage":17,"enemies":"3 Sentries","floor":10,"turns":7},{"damage":0,"enemies":"Looter","floor":13,"turns":1},{"damage":0,"enemies":"Red Slaver","floor":14,"turns":1},{"damage":29,"enemies":"Hexaghost","floor":16,"turns":9},{"damage":14,"enemies":"3 Byrds","floor":18,"turns":5},{"damage":10,"enemies":"2 Thieves","floor":20,"turns":5}],"seed_played":"2529639335936858971","potions_obtained":[{"floor":2,"key":"Explosive Potion"},{"floor":8,"key":"PowerPotion"},{"floor":16,"key":"SkillPotion"},{"floor":20,"key":"Poison Potion"}],"is_trial":false,"path_per_floor":["M","M","?","?","$","R","E","M","T","E","?","R","M","M","R","B",null,"M","?","M","?"],"character_chosen":"THE_SILENT","items_purchased":["Bag of Marbles"],"campfire_rested":0,"item_purchase_floors":[5],"current_hp_per_floor":[56,52,52,41,41,41,35,33,33,16,38,38,38,38,38,9,52,38,17,7,0],"gold":275,"neow_bonus":"HUNDRED_GOLD","is_prod":false,"is_daily":false,"chose_seed":false,"campfire_upgraded":3,"win_rate":0,"timestamp":1610309687,"path_taken":["M","M","?","?","$","R","E","M","T","E","?","R","M","M","R","BOSS","M","?","M","?"],"build_version":"2020-12-18","purchased_purges":1,"victory":false,"max_hp_per_floor":[66,66,66,66,66,66,66,66,66,66,66,66,66,66,66,66,66,66,66,66,66],"card_choices":[{"not_picked":["Outmaneuver","Flying Knee"],"picked":"Poisoned Stab","floor":1},{"not_picked":["Cloak And Dagger","Backflip"],"picked":"Dagger Throw","floor":2},{"not_picked":["PiercingWail","Distraction"],"picked":"Poisoned Stab","floor":7},{"not_picked":["Slice","Sucker Punch","Masterful Stab"],"picked":"SKIP","floor":8},{"not_picked":["All Out Attack","Deflect"],"picked":"Calculated Gamble","floor":10},{"not_picked":["Quick Slash","Sucker Punch"],"picked":"Flechettes","floor":13},{"not_picked":["Concentrate","Sucker Punch"],"picked":"Well Laid Plans","floor":14},{"not_picked":["Adrenaline","Unload"],"picked":"Wraith Form v2","floor":16},{"not_picked":["Backflip","Deflect"],"picked":"Leg Sweep","floor":18},{"not_picked":["Slice","Well Laid Plans","Flying Knee"],"picked":"SKIP","floor":20}],"player_experience":3047268,"relics_obtained":[{"floor":7,"key":"Du-Vu Doll"},{"floor":9,"key":"Peace Pipe"},{"floor":10,"key":"Tingsha"},{"floor":19,"key":"Necronomicon"}],"event_choices":[{"damage_healed":0,"gold_gain":0,"player_choice":"Grow","damage_taken":0,"max_hp_gain":0,"max_hp_loss":0,"event_name":"Living Wall","floor":3,"gold_loss":0,"cards_upgraded":["Poisoned Stab"]},{"damage_healed":0,"gold_gain":75,"player_choice":"Gather Gold","damage_taken":11,"max_hp_gain":0,"max_hp_loss":0,"event_name":"World of Goop","floor":4,"gold_loss":0},{"damage_healed":22,"gold_gain":0,"player_choice":"Banana","damage_taken":0,"max_hp_gain":0,"max_hp_loss":0,"event_name":"Big Fish","floor":11,"gold_loss":0},{"damage_healed":0,"gold_gain":0,"player_choice":"Obtained Book","damage_taken":21,"max_hp_gain":0,"max_hp_loss":0,"event_name":"Cursed Tome","floor":19,"gold_loss":0}],"is_beta":true,"boss_relics":[{"not_picked":["Black Star","Busted Crown"],"picked":"Astrolabe"}],"items_purged_floors":[5],"is_endless":false,"potions_floor_spawned":[2,8,16,20],"ascension_level":20}