{"gold_per_floor":[112,82,98,108,128,128,154,154,154,167,167,182,215,42,42,117,117,137,137,137,153,97,97,135,135,135,461,461,495,495,495,495,578,578,597,597,616,566,566,566],"floor_reached":40,"playtime":2403,"items_purged":["Strike_G"],"score":1000,"play_id":"b4abc317-2961-4547-b6aa-bff7c4f08b1c","local_time":"20210110113801","is_ascension_mode":true,"campfire_choices":[{"data":"All Out Attack","floor":6.0,"key":"SMITH"},{"data":"Underhanded Strike","floor":8.0,"key":"SMITH"},{"floor":11.0,"key":"REST"},{"floor":15.0,"key":"REST"},{"data":"Glass Knife","floor":23.0,"key":"SMITH"},{"data":"Reflex","floor":25.0,"key":"SMITH"},{"data":"Terror","floor":28.0,"key":"SMITH"},{"floor":32.0,"key":"REST"}],"neow_cost":"NONE","seed_source_timestamp":0,"circlet_count":0,"master_deck":["AscendersBane","Survivor","Neutralize","All Out Attack+1","Underhanded Strike+1","Well Laid Plans","Footwork","PiercingWail","Tools of the Trade","Reflex+1","Tactician","Underhanded Strike","A Thousand Cuts+1","Glass Knife+1","Tactician","Grand Finale","Leg Sweep","Dagger Spray","Outmaneuver","Predator","Calculated Gamble+1","Backflip","Dagger Throw","Terror+1","Dash","Tools of the Trade","PiercingWail"],"special_seed":0,"relics":["Ring of the Snake","Juzu Bracelet","Torii","StoneCalendar","Du-Vu Doll","Pandora\u0027s Box","Meat on the Bone","CeramicFish","Pantograph","Old Coin","Bottled Tornado","Toy Ornithopter","Coffee Dripper","White Beast Statue"],"potions_floor_usage":[40],"damage_taken":[{"damage":4.0,"enemies":"Small Slimes","floor":1.0,"turns":5.0},{"damage":1.0,"enemies":"Cultist","floor":3.0,"turns":3.0},{"damage":9.0,"enemies":"Jaw Worm","floor":4.0,"turns":5.0},{"damage":7.0,"enemies":"Exordium Thugs","floor":5.0,"turns":5.0},{"damage":18.0,"enemies":"Lagavulin","floor":7.0,"turns":10.0},{"damage":0.0,"enemies":"3 Louse","floor":10.0,"turns":1.0},{"damage":8.0,"enemies":"Lots of Slimes","floor":12.0,"turns":4.0},{"damage":31.0,"enemies":"3 Sentries","floor":13.0,"turns":7.0},{"damage":0.0,"enemies":"Slime Boss","floor":16.0,"turns":7.0},{"damage":24.0,"enemies":"Shell Parasite","floor":18.0,"turns":6.0},{"damage":1.0,"enemies":"Chosen","floor":21.0,"turns":5.0},{"damage":14.0,"enemies":"Book of Stabbing","floor":24.0,"turns":6.0},{"damage":21.0,"enemies":"Slavers","floor":27.0,"turns":6.0},{"damage":12.0,"enemies":"Gremlin Leader","floor":29.0,"turns":3.0},{"damage":30.0,"enemies":"Collector","floor":33.0,"turns":7.0},{"damage":37,"enemies":"3 Darklings","floor":35,"turns":6},{"damage":16,"enemies":"Orb Walker","floor":37,"turns":3},{"damage":65,"enemies":"Giant Head","floor":40,"turns":6}],"seed_played":"5769184707055036031","potions_obtained":[{"floor":2.0,"key":"SpeedPotion"},{"floor":2.0,"key":"FearPotion"},{"floor":4.0,"key":"GhostInAJar"},{"floor":7.0,"key":"Fruit Juice"},{"floor":16.0,"key":"SteroidPotion"},{"floor":21.0,"key":"Dexterity Potion"},{"floor":24.0,"key":"AttackPotion"},{"floor":27.0,"key":"CunningPotion"},{"floor":30.0,"key":"CunningPotion"},{"floor":30.0,"key":"CunningPotion"},{"floor":33.0,"key":"EssenceOfSteel"},{"floor":37,"key":"Fire Potion"}],"is_trial":false,"path_per_floor":["M","?","M","M","M","R","E","R","T","M","R","M","E","$","R","B",null,"M","?","?","M","$","R","E","R","T","E","R","E","?","?","R","B",null,"M","?","M","?","?","E"],"character_chosen":"THE_SILENT","items_purchased":["Tactician","Underhanded Strike","Dagger Throw"],"campfire_rested":3,"item_purchase_floors":[14,14,22],"current_hp_per_floor":[55,55,54,45,38,38,20,20,20,20,39,31,5,5,26,26,60,36,36,36,47,47,47,45,45,45,36,36,36,36,36,57,41,64,39,39,35,35,35,0],"gold":566,"neow_bonus":"RANDOM_COMMON_RELIC","is_prod":false,"is_daily":false,"chose_seed":false,"campfire_upgraded":5,"win_rate":0,"timestamp":1610307481,"path_taken":["M","?","M","M","M","R","E","R","T","M","R","M","E","$","R","BOSS","M","?","?","M","?","R","E","R","T","E","R","E","?","?","R","BOSS","M","?","M","?","?","E"],"build_version":"2020-12-18","purchased_purges":1,"victory":false,"max_hp_per_floor":[66,66,66,66,66,66,66,66,66,66,66,66,71,71,71,71,71,71,71,71,71,71,71,71,71,71,71,71,71,71,71,71,71,71,71,71,71,71,71,71],"card_choices":[{"not_picked":["Slice","Sucker Punch"],"picked":"All Out Attack","floor":1.0},{"not_picked":["Expertise","Sucker Punch"],"picked":"Underhanded Strike","floor":3.0},{"not_picked":["Flying Knee","Bane"],"picked":"Well Laid Plans","floor":4.0},{"not_picked":["Blur","Underhanded Strike"],"picked":"Footwork","floor":5.0},{"not_picked":["Finisher","Prepared","Caltrops"],"picked":"SKIP","floor":7.0},{"not_picked":["Well Laid Plans","Sucker Punch"],"picked":"PiercingWail","floor":10.0},{"not_picked":["Deflect","Calculated Gamble"],"picked":"Tools of the Trade","floor":12.0},{"not_picked":["Dagger Throw","Phantasmal Killer"],"picked":"Reflex","floor":13.0},{"not_picked":["Quick Slash+1","Bane"],"picked":"Calculated Gamble+1","floor":18.0},{"not_picked":["Leg Sweep","Bane"],"picked":"Backflip","floor":21.0},{"not_picked":["Caltrops","Quick Slash"],"picked":"Terror","floor":24.0},{"not_picked":["Concentrate","Flying Knee","Dagger Throw"],"picked":"SKIP","floor":27.0},{"not_picked":["Infinite Blades","Flechettes"],"picked":"Dash","floor":29.0},{"not_picked":["Doppelganger","Wraith Form v2"],"picked":"Tools of the Trade","floor":33.0},{"not_picked":["Endless Agony","Sucker Punch+1"],"picked":"PiercingWail","floor":35},{"not_picked":["Dagger Throw","Bane+1","Slice"],"picked":"SKIP","floor":37}],"player_experience":3044120,"relics_obtained":[{"floor":7.0,"key":"Torii"},{"floor":9.0,"key":"StoneCalendar"},{"floor":13.0,"key":"Du-Vu Doll"},{"floor":24.0,"key":"CeramicFish"},{"floor":26.0,"key":"Pantograph"},{"floor":27.0,"key":"Old Coin"},{"floor":29.0,"key":"Bottled Tornado"},{"floor":31.0,"key":"Toy Ornithopter"}],"event_choices":[{"damage_healed":0.0,"max_hp_gain":0.0,"max_hp_loss":0.0,"gold_gain":0.0,"event_name":"The Woman in Blue","player_choice":"Bought 2 Potions","floor":2.0,"gold_loss":0.0,"damage_taken":0.0},{"damage_healed":0.0,"max_hp_gain":0.0,"max_hp_loss":0.0,"gold_gain":0.0,"event_name":"The Mausoleum","player_choice":"Opened","floor":19.0,"gold_loss":0.0,"damage_taken":0.0,"relics_obtained":["Meat on the Bone"],"cards_obtained":["Writhe"]},{"cards_removed":["Writhe"],"damage_healed":0.0,"max_hp_gain":0.0,"max_hp_loss":0.0,"gold_gain":0.0,"event_name":"Purifier","player_choice":"Purged","floor":20.0,"gold_loss":0.0,"damage_taken":0.0},{"damage_healed":0.0,"max_hp_gain":0.0,"max_hp_loss":0.0,"gold_gain":0.0,"event_name":"Lab","player_choice":"Got Potions","floor":30.0,"gold_loss":0.0,"damage_taken":0.0},{"damage_healed":0.0,"max_hp_gain":0.0,"max_hp_loss":0.0,"gold_gain":0.0,"event_name":"Wheel of Change","player_choice":"Relic","floor":31.0,"gold_loss":0.0,"damage_taken":0.0},{"damage_healed":0,"gold_gain":0,"player_choice":"Gave Potion","damage_taken":0,"relics_obtained":["White Beast Statue"],"max_hp_gain":0,"max_hp_loss":0,"event_name":"WeMeetAgain","floor":36,"gold_loss":0},{"damage_healed":0,"gold_gain":0,"player_choice":"Upgrade","damage_taken":0,"max_hp_gain":0,"max_hp_loss":0,"event_name":"Designer","floor":38,"gold_loss":50,"cards_upgraded":["A Thousand Cuts"]},{"cards_removed":["Dash"],"damage_healed":0,"gold_gain":0,"player_choice":"Removed Attack","damage_taken":0,"max_hp_gain":0,"max_hp_loss":0,"event_name":"Falling","floor":39,"gold_loss":0}],"is_beta":true,"boss_relics":[{"not_picked":["Black Star","Cursed Key"],"picked":"Pandora\u0027s Box"},{"not_picked":["SacredBark","Tiny House"],"picked":"Coffee Dripper"}],"items_purged_floors":[14],"is_endless":false,"potions_floor_spawned":[4,7,16,21,24,27,33,37],"killed_by":"Giant Head","ascension_level":20}