{"gold_per_floor":[115,127,127,127,47,47,88,13,36,52,70,70,110,125,125,218,218,237,250,300,300,325,325,361,361,388,402,327,368,393,409,409,505,505,525,525,544,544,558,100,160,193,193,193],"floor_reached":44,"playtime":3347,"items_purged":["Strike_G","Strike_G"],"score":1122,"play_id":"3b729b48-ce5b-43b8-a47d-ccc998bbe61e","local_time":"20210112223302","is_ascension_mode":true,"campfire_choices":[{"data":"Glass Knife","floor":6,"key":"SMITH"},{"data":"Cloak And Dagger","floor":12,"key":"SMITH"},{"data":"Venomology","floor":15,"key":"SMITH"},{"floor":23,"key":"REST"},{"data":"Footwork","floor":25,"key":"SMITH"},{"floor":32,"key":"REST"}],"neow_cost":"NONE","seed_source_timestamp":1048752306293899,"circlet_count":0,"master_deck":["AscendersBane","Strike_G+1","Defend_G+1","Defend_G","Defend_G+1","Defend_G","Defend_G+1","Survivor","Neutralize","Dagger Throw","Cloak And Dagger+1","Glass Knife+1","Footwork+1","Venomology+1","Terror","Backstab","Phantasmal Killer","Calculated Gamble+1","Backflip","Dagger Throw","Underhanded Strike+1","Eviscerate","Deflect","Night Terror","Noxious Fumes+1","Thinking Ahead","Acrobatics+1","Blur"],"special_seed":0,"relics":["Ring of the Snake","NeowsBlessing","Golden Idol","Boot","MealTicket","War Paint","Black Star","Gambling Chip","Mango","Happy Flower","Meat on the Bone","Torii","PreservedInsect","SacredBark","Bronze Scales","Toolbox","StoneCalendar","StrikeDummy","Oddly Smooth Stone"],"potions_floor_usage":[11,16,16,16,18,18,24,29,31,31,33,35,35,39,41,41,44,44,44],"damage_taken":[{"damage":0,"enemies":"Jaw Worm","floor":1,"turns":1},{"damage":0,"enemies":"2 Louse","floor":2,"turns":1},{"damage":0,"enemies":"Gremlin Nob","floor":7,"turns":1},{"damage":0,"enemies":"Small Slimes","floor":10,"turns":2},{"damage":4,"enemies":"Red Slaver","floor":11,"turns":5},{"damage":0,"enemies":"Lagavulin","floor":13,"turns":7},{"damage":1,"enemies":"3 Louse","floor":14,"turns":3},{"damage":2,"enemies":"Slime Boss","floor":16,"turns":5},{"damage":3,"enemies":"Spheric Guardian","floor":18,"turns":3},{"damage":18,"enemies":"Shell Parasite","floor":19,"turns":4},{"damage":14,"enemies":"Snake Plant","floor":22,"turns":5},{"damage":2,"enemies":"Gremlin Leader","floor":24,"turns":6},{"damage":0,"enemies":"Snecko","floor":27,"turns":2},{"damage":25,"enemies":"Slavers","floor":29,"turns":10},{"damage":10,"enemies":"Cultist and Chosen","floor":31,"turns":6},{"damage":55,"enemies":"Collector","floor":33,"turns":10},{"damage":63,"enemies":"3 Darklings","floor":35,"turns":23},{"damage":14,"enemies":"Orb Walker","floor":37,"turns":3},{"damage":17,"enemies":"Transient","floor":39,"turns":6},{"damage":25,"enemies":"2 Orb Walkers","floor":41,"turns":4},{"damage":0,"enemies":"Nemesis","floor":42,"turns":3},{"damage":50,"enemies":"Giant Head","floor":44,"turns":6}],"seed_played":"1123743488919815726","potions_obtained":[{"floor":2,"key":"LiquidMemories"},{"floor":7,"key":"Energy Potion"},{"floor":10,"key":"Regen Potion"},{"floor":14,"key":"EntropicBrew"},{"floor":16,"key":"Swift Potion"},{"floor":31,"key":"Ancient Potion"},{"floor":39,"key":"AttackPotion"}],"is_trial":false,"path_per_floor":["M","M","?","?","$","R","E","$","T","M","M","R","E","M","R","B",null,"M","M","?","?","M","R","E","R","T","M","?","E","T","M","R","B",null,"M","?","M","T","M","$","?","E","T","E"],"character_chosen":"THE_SILENT","items_purchased":["Glass Knife","Toolbox","Thinking Ahead"],"campfire_rested":2,"item_purchase_floors":[5,40,40],"current_hp_per_floor":[59,59,59,41,41,41,41,41,41,41,49,49,49,48,48,46,57,54,36,36,36,22,40,52,52,52,52,52,27,27,41,63,20,61,45,45,43,43,38,53,40,40,40,0],"gold":193,"neow_bonus":"THREE_ENEMY_KILL","is_prod":false,"is_daily":false,"chose_seed":false,"campfire_upgraded":4,"win_rate":0,"timestamp":1610519582,"path_taken":["M","M","?","?","$","R","E","?","T","M","M","R","E","M","R","BOSS","M","M","?","?","?","R","E","R","T","M","?","E","?","M","R","BOSS","M","?","M","?","?","$","?","E","T","E"],"build_version":"2020-12-18","purchased_purges":2,"victory":false,"max_hp_per_floor":[66,66,60,60,60,60,60,60,60,60,60,60,60,60,60,60,60,60,60,60,60,60,60,74,74,74,74,74,74,74,74,74,74,74,74,70,70,70,70,70,70,70,70,70],"card_choices":[{"not_picked":["Slice","Cloak And Dagger"],"picked":"Dagger Throw","floor":1},{"not_picked":["Backflip","Eviscerate"],"picked":"Cloak And Dagger","floor":2},{"not_picked":["Poisoned Stab","Eviscerate"],"picked":"Footwork","floor":7},{"not_picked":["Dagger Throw","Calculated Gamble"],"picked":"Venomology","floor":10},{"not_picked":["Skewer","Sucker Punch"],"picked":"Terror","floor":11},{"not_picked":["Slice","Skewer"],"picked":"Backstab","floor":13},{"not_picked":["Sucker Punch","Caltrops","Cloak And Dagger"],"picked":"SKIP","floor":14},{"not_picked":["Corpse Explosion","Burst"],"picked":"Phantasmal Killer","floor":16},{"not_picked":["Flying Knee+1","Cloak And Dagger"],"picked":"Calculated Gamble+1","floor":18},{"not_picked":["Dagger Spray","Outmaneuver"],"picked":"Backflip","floor":19},{"not_picked":["Dodge and Roll","Blade Dance"],"picked":"Underhanded Strike+1","floor":22},{"not_picked":["Expertise","Noxious Fumes"],"picked":"Eviscerate","floor":24},{"not_picked":["Bane","Riddle With Holes"],"picked":"Deflect","floor":27},{"not_picked":["Masterful Stab","Accuracy+1","Slice"],"picked":"SKIP","floor":29},{"not_picked":["Underhanded Strike","Dagger Throw","Endless Agony+1"],"picked":"SKIP","floor":31},{"not_picked":["Venomology","A Thousand Cuts"],"picked":"Night Terror","floor":33},{"not_picked":["Terror","Dagger Throw","Prepared"],"picked":"SKIP","floor":35},{"not_picked":["Prepared","Slice"],"picked":"Noxious Fumes+1","floor":37},{"not_picked":["Riddle With Holes","Slice","Dagger Throw"],"picked":"SKIP","floor":39},{"not_picked":["Outmaneuver","Poisoned Stab+1"],"picked":"Acrobatics+1","floor":41},{"not_picked":["Deflect+1","Bane"],"picked":"Blur","floor":42}],"player_experience":3072423,"relics_obtained":[{"floor":7,"key":"Boot"},{"floor":9,"key":"MealTicket"},{"floor":13,"key":"War Paint"},{"floor":24,"key":"Gambling Chip"},{"floor":24,"key":"Mango"},{"floor":26,"key":"Happy Flower"},{"floor":29,"key":"Meat on the Bone"},{"floor":29,"key":"Torii"},{"floor":30,"key":"PreservedInsect"},{"floor":38,"key":"Bronze Scales"},{"floor":41,"key":"StoneCalendar"},{"floor":42,"key":"StrikeDummy"},{"floor":42,"key":"Oddly Smooth Stone"}],"event_choices":[{"damage_healed":0,"gold_gain":0,"player_choice":"Lose Max HP","damage_taken":0,"relics_obtained":["Golden Idol"],"max_hp_gain":0,"max_hp_loss":6,"event_name":"Golden Idol","floor":3,"gold_loss":0},{"damage_healed":0,"gold_gain":0,"player_choice":"Entered Light","damage_taken":18,"max_hp_gain":0,"max_hp_loss":0,"event_name":"Shining Light","floor":4,"gold_loss":0,"cards_upgraded":["Defend_G","Strike_G"]},{"damage_healed":0,"gold_gain":50,"player_choice":"Stole From Cult","damage_taken":0,"max_hp_gain":0,"max_hp_loss":0,"event_name":"Nest","floor":20,"gold_loss":0},{"damage_healed":0,"gold_gain":0,"cards_transformed":["Strike_G"],"player_choice":"Transformed","damage_taken":0,"max_hp_gain":0,"max_hp_loss":0,"event_name":"Transmorgrifier","floor":21,"gold_loss":0,"cards_obtained":["Dagger Throw"]},{"cards_removed":["Strike_G"],"damage_healed":0,"gold_gain":0,"player_choice":"Gave Gold","damage_taken":0,"max_hp_gain":0,"max_hp_loss":0,"event_name":"Beggar","floor":28,"gold_loss":75},{"damage_healed":0,"gold_gain":0,"player_choice":"Max HP","damage_taken":0,"max_hp_gain":0,"max_hp_loss":4,"event_name":"Winding Halls","floor":36,"gold_loss":0},{"damage_healed":0,"gold_gain":0,"player_choice":"Fight","damage_taken":0,"max_hp_gain":0,"max_hp_loss":0,"event_name":"Mysterious Sphere","floor":41,"gold_loss":0}],"is_beta":true,"boss_relics":[{"not_picked":["WristBlade","Busted Crown"],"picked":"Black Star"},{"not_picked":["Velvet Choker","Pandora\u0027s Box"],"picked":"SacredBark"}],"items_purged_floors":[8,40],"is_endless":false,"potions_floor_spawned":[2,7,10,11,14,16,19,27,31,39],"killed_by":"Giant Head","ascension_level":20}