{"gold_per_floor":[209,284,300,313,72,72,106,106,106,106,106,142,142,165,165,165],"floor_reached":16,"playtime":831,"items_purged":["Strike_G"],"score":216,"play_id":"54bb62fc-b30c-4912-9d5b-cd2af3ff5992","local_time":"20210117091116","is_ascension_mode":true,"campfire_choices":[{"floor":6,"key":"REST"},{"floor":8,"key":"REST"},{"data":"Dagger Spray","floor":11,"key":"SMITH"},{"data":"A Thousand Cuts","floor":15,"key":"SMITH"}],"neow_cost":"NONE","seed_source_timestamp":286225573868800,"circlet_count":0,"master_deck":["AscendersBane","Strike_G","Strike_G","Strike_G","Defend_G","Defend_G","Defend_G","Defend_G","Defend_G","Survivor","Neutralize","Dagger Spray","Underhanded Strike","Dagger Throw","Dagger Spray+1","A Thousand Cuts+1","Acrobatics","Escape Plan","Backstab"],"relics":["Ring of the Snake","Gremlin Horn","Darkstone Periapt","Golden Idol","Bronze Scales"],"potions_floor_usage":[7,7,14,16],"damage_taken":[{"damage":4,"enemies":"2 Louse","floor":1,"turns":4},{"damage":6,"enemies":"Cultist","floor":3,"turns":4},{"damage":13,"enemies":"Small Slimes","floor":4,"turns":3},{"damage":33,"enemies":"Lagavulin","floor":7,"turns":10},{"damage":5,"enemies":"3 Sentries","floor":12,"turns":4},{"damage":0,"enemies":"3 Louse","floor":14,"turns":1},{"damage":30,"enemies":"Hexaghost","floor":16,"turns":9}],"seed_played":"7276765700332792401","potions_obtained":[{"floor":12,"key":"Strength Potion"},{"floor":14,"key":"BlessingOfTheForge"}],"is_trial":false,"path_per_floor":["M","?","M","M","$","R","E","R","T","?","R","E","?","M","R","B"],"character_chosen":"THE_SILENT","items_purchased":["SteroidPotion","Dagger Spray","Weak Potion"],"campfire_rested":2,"item_purchase_floors":[5,5,5],"current_hp_per_floor":[55,44,38,25,25,44,11,30,30,30,30,25,25,25,25,0],"gold":165,"neow_bonus":"HUNDRED_GOLD","is_prod":false,"is_daily":false,"chose_seed":false,"campfire_upgraded":2,"win_rate":0,"timestamp":1610903476,"path_taken":["M","?","M","M","$","R","E","R","T","?","R","E","?","M","R","BOSS"],"build_version":"2020-12-18","purchased_purges":1,"victory":false,"max_hp_per_floor":[66,66,66,66,66,66,66,66,66,60,60,60,60,60,60,60],"card_choices":[{"not_picked":["Dodge and Roll","Underhanded Strike"],"picked":"Dagger Spray","floor":1},{"not_picked":["Acrobatics","Setup"],"picked":"Underhanded Strike","floor":3},{"not_picked":["Deflect","Prepared"],"picked":"Dagger Throw","floor":4},{"not_picked":["Blur","Flying Knee"],"picked":"A Thousand Cuts","floor":7},{"not_picked":["Expertise","Infinite Blades"],"picked":"Acrobatics","floor":12},{"not_picked":["Prepared","Masterful Stab"],"picked":"Backstab","floor":14}],"player_experience":3094715,"relics_obtained":[{"floor":7,"key":"Gremlin Horn"},{"floor":9,"key":"Darkstone Periapt"},{"floor":12,"key":"Bronze Scales"}],"event_choices":[{"damage_healed":0,"gold_gain":75,"player_choice":"Gather Gold","damage_taken":11,"max_hp_gain":0,"max_hp_loss":0,"event_name":"World of Goop","floor":2,"gold_loss":0},{"damage_healed":0,"gold_gain":0,"player_choice":"Lose Max HP","damage_taken":0,"relics_obtained":["Golden Idol"],"max_hp_gain":0,"max_hp_loss":6,"event_name":"Golden Idol","floor":10,"gold_loss":0},{"damage_healed":0,"gold_gain":0,"cards_transformed":["Strike_G"],"player_choice":"Transformed","damage_taken":0,"max_hp_gain":0,"max_hp_loss":0,"event_name":"Transmorgrifier","floor":13,"gold_loss":0,"cards_obtained":["Escape Plan"]}],"is_beta":true,"boss_relics":[],"items_purged_floors":[5],"is_endless":false,"potions_floor_spawned":[12,14],"killed_by":"Hexaghost","ascension_level":20}