{"gold_per_floor":[116,135,135,150,150,183,195,240,276,303,347,359,388,416,428,519,531,558,586,610,48,64,89,89,123,123,134,134,146,146,146,146,217,217,230,230,22,41,41,41,41],"floor_reached":41,"playtime":4631,"items_purged":["Pain"],"score":906,"play_id":"176e3a2b-bf74-4e67-8991-81dcb55a1e76","local_time":"20210112124720","is_ascension_mode":true,"campfire_choices":[{"data":"Dagger Spray","floor":7.0,"key":"SMITH"},{"floor":12.0,"key":"REST"},{"data":"Noxious Fumes","floor":15.0,"key":"SMITH"},{"floor":24.0,"key":"REST"},{"floor":28.0,"key":"REST"},{"floor":30.0,"key":"REST"},{"floor":32.0,"key":"REST"},{"floor":40,"key":"REST"}],"neow_cost":"NONE","seed_source_timestamp":0,"circlet_count":0,"master_deck":["AscendersBane","Strike_G","Strike_G","Strike_G","Defend_G","Defend_G","Defend_G","Defend_G","Survivor","Neutralize","Deadly Poison+1","Acrobatics+1","Riddle With Holes+1","Underhanded Strike","Dagger Spray+1","Bouncing Flask","Noxious Fumes+1","Dash","Footwork","Adrenaline","Crippling Poison","PiercingWail","Backflip","Grand Finale+1","PiercingWail","Blur","PiercingWail","After Image","Good Instincts","Sadistic Nature","Finesse"],"special_seed":0,"relics":["Astrolabe","WarpedTongs","MawBank","Lantern","Vajra","Bag of Preparation","Fusion Hammer","Molten Egg 2","Orrery","Centennial Puzzle","Tough Bandages","Philosopher\u0027s Stone","Membership Card"],"potions_floor_usage":[41],"damage_taken":[{"damage":1.0,"enemies":"Small Slimes","floor":1.0,"turns":3.0},{"damage":0.0,"enemies":"Cultist","floor":2.0,"turns":2.0},{"damage":1.0,"enemies":"Jaw Worm","floor":4.0,"turns":3.0},{"damage":9.0,"enemies":"Gremlin Nob","floor":6.0,"turns":3.0},{"damage":16.0,"enemies":"3 Sentries","floor":8.0,"turns":7.0},{"damage":20.0,"enemies":"Exordium Wildlife","floor":10.0,"turns":4.0},{"damage":11.0,"enemies":"Lagavulin","floor":11.0,"turns":4.0},{"damage":1.0,"enemies":"Looter","floor":13.0,"turns":2.0},{"damage":0.0,"enemies":"3 Louse","floor":14.0,"turns":2.0},{"damage":12.0,"enemies":"The Guardian","floor":16.0,"turns":8.0},{"damage":16.0,"enemies":"Chosen","floor":18.0,"turns":4.0},{"damage":11.0,"enemies":"2 Thieves","floor":19.0,"turns":3.0},{"damage":18.0,"enemies":"3 Cultists","floor":20.0,"turns":5.0},{"damage":1.0,"enemies":"Cultist and Chosen","floor":22.0,"turns":5.0},{"damage":2.0,"enemies":"Slavers","floor":23.0,"turns":4.0},{"damage":28.0,"enemies":"Gremlin Leader","floor":25.0,"turns":6.0},{"damage":0.0,"enemies":"Chosen and Byrds","floor":27.0,"turns":5.0},{"damage":8.0,"enemies":"Centurion and Healer","floor":29.0,"turns":8.0},{"damage":49.0,"enemies":"Collector","floor":33.0,"turns":9.0},{"damage":5,"enemies":"3 Darklings","floor":35,"turns":5},{"damage":0,"enemies":"3 Shapes","floor":38,"turns":5},{"damage":83,"enemies":"Giant Head","floor":41,"turns":8}],"seed_played":"-4828963557689260276","potions_obtained":[{"floor":6.0,"key":"Weak Potion"},{"floor":8.0,"key":"SteroidPotion"},{"floor":13.0,"key":"DuplicationPotion"},{"floor":16.0,"key":"Energy Potion"},{"floor":20.0,"key":"DistilledChaos"},{"floor":27.0,"key":"BlessingOfTheForge"},{"floor":29.0,"key":"DuplicationPotion"},{"floor":35,"key":"Swift Potion"}],"is_trial":false,"path_per_floor":["M","M","?","M","?","E","R","E","T","M","E","R","M","M","R","B",null,"M","M","M","$","M","E","R","E","T","M","R","M","R","?","R","B",null,"M","?","$","M","?","R","E"],"character_chosen":"THE_SILENT","items_purchased":["Molten Egg 2","Orrery","AttackPotion","Membership Card","Finesse"],"campfire_rested":6,"item_purchase_floors":[21,21,21,37,37],"current_hp_per_floor":[58,58,63,62,62,53,53,37,37,17,6,27,26,26,26,14,57,41,30,12,12,11,9,30,2,2,2,23,15,36,36,57,8,55,50,40,40,40,40,60,0],"gold":41,"neow_bonus":"BOSS_RELIC","is_prod":false,"is_daily":false,"chose_seed":false,"campfire_upgraded":2,"win_rate":0,"timestamp":1610484440,"path_taken":["M","M","?","M","?","E","R","E","T","M","E","R","?","M","R","BOSS","M","?","?","$","M","E","R","E","T","M","R","?","R","?","R","BOSS","M","?","$","M","?","R","E"],"build_version":"2020-12-18","purchased_purges":1,"victory":false,"max_hp_per_floor":[66,66,71,71,71,71,71,71,71,71,71,71,71,71,71,71,71,71,71,71,71,71,71,71,71,71,71,71,71,71,71,71,71,71,71,71,71,71,67,67,67],"card_choices":[{"not_picked":["Quick Slash","Dagger Spray"],"picked":"Underhanded Strike","floor":1.0},{"not_picked":["Outmaneuver","Choke"],"picked":"Dagger Spray","floor":2.0},{"not_picked":["PiercingWail","Underhanded Strike"],"picked":"Bouncing Flask","floor":4.0},{"not_picked":["Doppelganger","Acrobatics","Flying Knee"],"picked":"SKIP","floor":6.0},{"not_picked":["Poisoned Stab","Infinite Blades"],"picked":"Noxious Fumes","floor":8.0},{"not_picked":["Prepared","Cloak And Dagger","Phantasmal Killer"],"picked":"SKIP","floor":10.0},{"not_picked":["Slice","Dagger Spray","Skewer"],"picked":"SKIP","floor":11.0},{"not_picked":["Outmaneuver","Distraction"],"picked":"Dash","floor":13.0},{"not_picked":["Bouncing Flask","Deadly Poison"],"picked":"Footwork","floor":14.0},{"not_picked":["Bullet Time","Phantasmal Killer"],"picked":"Adrenaline","floor":16.0},{"not_picked":["Terror","Poisoned Stab"],"picked":"Crippling Poison","floor":18.0},{"not_picked":["Dash","Slice+1","Distraction"],"picked":"SKIP","floor":19.0},{"not_picked":["Masterful Stab","Terror","Slice"],"picked":"SKIP","floor":20.0},{"not_picked":["Prepared","Underhanded Strike+1"],"picked":"PiercingWail","floor":21.0},{"not_picked":["Terror","Choke+1"],"picked":"Backflip","floor":21.0},{"not_picked":["Night Terror","Cloak And Dagger"],"picked":"Grand Finale+1","floor":21.0},{"not_picked":["Finisher+1","Heel Hook+1"],"picked":"PiercingWail","floor":22.0},{"not_picked":["Deflect+1","A Thousand Cuts"],"picked":"Blur","floor":23.0},{"not_picked":["Blade Dance","Crippling Poison+1"],"picked":"PiercingWail","floor":25.0},{"not_picked":["PiercingWail","Blade Dance","Outmaneuver"],"picked":"SKIP","floor":27.0},{"not_picked":["Deflect","Acrobatics","Crippling Poison"],"picked":"SKIP","floor":29.0},{"not_picked":["Die Die Die+1","Venomology"],"picked":"After Image","floor":33.0},{"not_picked":["Deadly Poison","Underhanded Strike+1","Predator+1"],"picked":"SKIP","floor":35},{"not_picked":["Forethought","Blind"],"picked":"Good Instincts","floor":36},{"not_picked":["Chrysalis","Enlightenment"],"picked":"Sadistic Nature","floor":36},{"not_picked":["Infinite Blades","Slice+1","Underhanded Strike+1"],"picked":"SKIP","floor":38}],"player_experience":3055632,"relics_obtained":[{"floor":6.0,"key":"MawBank"},{"floor":8.0,"key":"Lantern"},{"floor":9.0,"key":"Vajra"},{"floor":11.0,"key":"Bag of Preparation"},{"floor":23.0,"key":"Centennial Puzzle"},{"floor":25.0,"key":"Tough Bandages"}],"event_choices":[{"damage_healed":0.0,"max_hp_gain":5.0,"max_hp_loss":0.0,"gold_gain":0.0,"event_name":"Big Fish","player_choice":"Donut","floor":3.0,"gold_loss":0.0,"damage_taken":0.0},{"damage_healed":0.0,"max_hp_gain":0.0,"max_hp_loss":0.0,"gold_gain":0.0,"event_name":"Accursed Blacksmith","player_choice":"Rummage","floor":5.0,"gold_loss":0.0,"damage_taken":0.0,"relics_obtained":["WarpedTongs"],"cards_obtained":["Pain"]},{"damage_healed":0.0,"max_hp_gain":0.0,"max_hp_loss":0.0,"gold_gain":0.0,"event_name":"The Mausoleum","player_choice":"Ignored","floor":31.0,"gold_loss":0.0,"damage_taken":0.0},{"damage_healed":0,"gold_gain":0,"player_choice":"Memory 3","damage_taken":10,"max_hp_gain":0,"max_hp_loss":0,"event_name":"SensoryStone","floor":36,"gold_loss":0},{"damage_healed":0,"gold_gain":0,"player_choice":"Max HP","damage_taken":0,"max_hp_gain":0,"max_hp_loss":4,"event_name":"Winding Halls","floor":39,"gold_loss":0}],"is_beta":true,"boss_relics":[{"not_picked":["Runic Dome","Ectoplasm"],"picked":"Fusion Hammer"},{"not_picked":["Sozu","Coffee Dripper"],"picked":"Philosopher\u0027s Stone"}],"items_purged_floors":[21],"is_endless":false,"potions_floor_spawned":[6,8,13,16,18,20,27,29,35],"killed_by":"Giant Head","ascension_level":20}