{"gold_per_floor":[110,110,110,126,142,142,157,157,157,157,21,47,59,90,90,164,164,181,181,23,23,23,23,43,72,84,107,119,161,184,196,208,297,309,339,369,398,428,390,402,449,461,525,567,92,122,122,149,149,149,149,149,149,16,48,48],"floor_reached":57,"playtime":5727,"items_purged":[],"score":2832,"play_id":"b46cdfca-bf9e-4d4a-8160-96bc5422f9c7","local_time":"20210116225002","is_ascension_mode":true,"campfire_choices":[{"data":"Underhanded Strike","floor":6.0,"key":"SMITH"},{"data":"Tools of the Trade","floor":8.0,"key":"SMITH"},{"floor":10.0,"key":"REST"},{"data":"Bouncing Flask","floor":15.0,"key":"SMITH"},{"floor":23.0,"key":"REST"},{"data":"Wraith Form v2","floor":28.0,"key":"SMITH"},{"floor":32.0,"key":"REST"},{"floor":40.0,"key":"RECALL"},{"floor":42.0,"key":"REST"},{"floor":49,"key":"DIG"},{"floor":53,"key":"DIG"}],"neow_cost":"NONE","seed_source_timestamp":243854485635700,"circlet_count":0,"master_deck":["AscendersBane","Survivor","Neutralize","Bouncing Flask+1","Wraith Form v2+1","Flying Knee","Eviscerate","Tools of the Trade+1","Blade Dance+1","Catalyst","PiercingWail","Reflex","Underhanded Strike+1","Blur","Leg Sweep","Die Die Die","Acrobatics","Calculated Gamble","Burst+1","Underhanded Strike","Necronomicurse","Venomology","Phantasmal Killer","Leg Sweep","Terror","PiercingWail+1","Malaise","Acrobatics","Reflex+1","Tactician"],"special_seed":0,"relics":["Pandora\u0027s Box","Ninja Scroll","Pear","White Beast Statue","Black Star","ClockworkSouvenir","Necronomicon","StrikeDummy","InkBottle","MawBank","Shovel","Strawberry","Paper Crane","Snecko Eye","Meat on the Bone","Omamori","Calipers","Torii","Tingsha","PreservedInsect","Letter Opener","Anchor","Eternal Feather","Regal Pillow","Boot","Bottled Lightning","Blue Candle","Bag of Marbles"],"potions_floor_usage":[48,48,50,51,51,51,55,56,56,56],"damage_taken":[{"damage":10.0,"enemies":"Small Slimes","floor":1.0,"turns":3.0},{"damage":0.0,"enemies":"2 Louse","floor":4.0,"turns":2.0},{"damage":2.0,"enemies":"Jaw Worm","floor":5.0,"turns":4.0},{"damage":14.0,"enemies":"Blue Slaver","floor":7.0,"turns":3.0},{"damage":0.0,"enemies":"3 Sentries","floor":12.0,"turns":6.0},{"damage":0.0,"enemies":"Looter","floor":13.0,"turns":2.0},{"damage":8.0,"enemies":"Gremlin Nob","floor":14.0,"turns":3.0},{"damage":6.0,"enemies":"Hexaghost","floor":16.0,"turns":6.0},{"damage":7.0,"enemies":"3 Byrds","floor":18.0,"turns":5.0},{"damage":0.0,"enemies":"Chosen","floor":24.0,"turns":3.0},{"damage":16.0,"enemies":"Slavers","floor":25.0,"turns":3.0},{"damage":1.0,"enemies":"Centurion and Healer","floor":27.0,"turns":2.0},{"damage":25.0,"enemies":"Book of Stabbing","floor":29.0,"turns":4.0},{"damage":2.0,"enemies":"Shelled Parasite and Fungi","floor":30.0,"turns":4.0},{"damage":32.0,"enemies":"Collector","floor":33.0,"turns":9.0},{"damage":0.0,"enemies":"3 Shapes","floor":35.0,"turns":6.0},{"damage":0.0,"enemies":"Orb Walker","floor":36.0,"turns":2.0},{"damage":10.0,"enemies":"4 Shapes","floor":37.0,"turns":5.0},{"damage":0.0,"enemies":"Spire Growth","floor":38.0,"turns":3.0},{"damage":7.0,"enemies":"Nemesis","floor":41.0,"turns":5.0},{"damage":28.0,"enemies":"Reptomancer","floor":44.0,"turns":6.0},{"damage":23.0,"enemies":"Nemesis","floor":46.0,"turns":7.0},{"damage":1,"enemies":"Reptomancer","floor":48,"turns":3},{"damage":34,"enemies":"Time Eater","floor":50,"turns":12},{"damage":38,"enemies":"Awakened One","floor":51,"turns":10},{"damage":9,"enemies":"Shield and Spear","floor":55,"turns":5},{"damage":9,"enemies":"The Heart","floor":56,"turns":9}],"seed_played":"-6850020444623804527","potions_obtained":[{"floor":12.0,"key":"BlessingOfTheForge"},{"floor":13.0,"key":"DistilledChaos"},{"floor":14.0,"key":"FearPotion"},{"floor":25.0,"key":"Weak Potion"},{"floor":27.0,"key":"Poison Potion"},{"floor":30.0,"key":"Ancient Potion"},{"floor":33.0,"key":"Fire Potion"},{"floor":41.0,"key":"DuplicationPotion"},{"floor":46.0,"key":"LiquidBronze"},{"floor":48,"key":"LiquidMemories"},{"floor":55,"key":"PowerPotion"}],"is_trial":false,"path_per_floor":["M","?","?","M","M","R","M","R","T","R","$","E","M","E","R","B",null,"M","?","$","?","T","R","M","E","T","M","R","E","M","?","R","B",null,"M","M","M","M","?","R","E","R","T","E","$","E","?","E","R","B","B",null,"R","$","E","B",null],"character_chosen":"THE_SILENT","items_purchased":["Fire Potion","Leg Sweep","ClockworkSouvenir","Tingsha","PreservedInsect","DuplicationPotion","SkillPotion"],"campfire_rested":4,"item_purchase_floors":[11,11,20,45,45,54,54],"current_hp_per_floor":[49,42,42,42,40,40,26,26,26,45,45,55,55,47,47,41,67,60,60,60,39,39,61,61,45,45,44,44,26,24,24,48,16,66,66,66,56,56,56,56,49,73,73,45,45,34,83,82,83,49,23,68,83,83,74,65],"gold":48,"neow_bonus":"BOSS_RELIC","is_prod":false,"is_daily":false,"chose_seed":false,"campfire_upgraded":4,"win_rate":0,"timestamp":1610866202,"path_taken":["M","?","?","M","M","R","M","R","T","R","$","E","M","E","R","BOSS","M","?","$","?","?","R","M","E","T","M","R","E","M","?","R","BOSS","M","M","?","M","?","R","E","R","T","E","?","E","?","E","R","BOSS","BOSS","R","$","E","BOSS"],"build_version":"2020-12-18","purchased_purges":0,"victory":true,"max_hp_per_floor":[66,66,66,66,66,66,66,66,66,66,66,76,76,76,76,76,76,76,76,76,76,76,76,76,76,76,76,76,83,83,83,83,83,83,83,83,83,83,83,83,83,83,83,83,83,83,83,83,83,83,83,83,83,83,83,83],"card_choices":[{"not_picked":["Acrobatics","Outmaneuver"],"picked":"PiercingWail","floor":1.0},{"not_picked":["Blade Dance","Outmaneuver"],"picked":"Reflex","floor":4.0},{"not_picked":["Backflip","Eviscerate"],"picked":"Underhanded Strike","floor":5.0},{"not_picked":["Quick Slash","Concentrate"],"picked":"Blur","floor":7.0},{"not_picked":["Bane","Accuracy"],"picked":"Die Die Die","floor":12.0},{"not_picked":["Quick Slash","Slice"],"picked":"Acrobatics","floor":13.0},{"not_picked":["Dodge and Roll","Slice"],"picked":"Calculated Gamble","floor":14.0},{"not_picked":["Unload","Doppelganger"],"picked":"Burst","floor":16.0},{"not_picked":["Outmaneuver","Choke"],"picked":"Underhanded Strike","floor":18.0},{"not_picked":["Blade Dance","Setup+1","Sucker Punch"],"picked":"SKIP","floor":24.0},{"not_picked":["Poisoned Stab","Expertise","Underhanded Strike"],"picked":"SKIP","floor":25.0},{"not_picked":["All Out Attack","Poisoned Stab","Outmaneuver"],"picked":"SKIP","floor":27.0},{"not_picked":["Cloak And Dagger","Sucker Punch","Flying Knee"],"picked":"SKIP","floor":29.0},{"not_picked":["Outmaneuver","Quick Slash"],"picked":"Venomology","floor":30.0},{"not_picked":["Glass Knife","Bullet Time"],"picked":"Phantasmal Killer","floor":33.0},{"not_picked":["Dagger Throw","Cloak And Dagger"],"picked":"Leg Sweep","floor":35.0},{"not_picked":["Setup","Slice"],"picked":"Terror","floor":36.0},{"not_picked":["Slice","Dagger Spray+1","Flying Knee"],"picked":"SKIP","floor":37.0},{"not_picked":["Dagger Throw","Distraction+1"],"picked":"PiercingWail+1","floor":38.0},{"not_picked":["PiercingWail","Footwork"],"picked":"Malaise","floor":41.0},{"not_picked":["Infinite Blades","Grand Finale"],"picked":"Acrobatics","floor":44.0},{"not_picked":["Blur+1","Dagger Spray"],"picked":"Reflex+1","floor":46.0},{"not_picked":["Blur","Prepared","All Out Attack+1"],"picked":"SKIP","floor":48},{"not_picked":["Reflex+1","Cloak And Dagger"],"picked":"Tactician","floor":55}],"player_experience":3088988,"relics_obtained":[{"floor":9.0,"key":"Ninja Scroll"},{"floor":12.0,"key":"Pear"},{"floor":14.0,"key":"White Beast Statue"},{"floor":21.0,"key":"Necronomicon"},{"floor":22.0,"key":"StrikeDummy"},{"floor":25.0,"key":"InkBottle"},{"floor":25.0,"key":"MawBank"},{"floor":26.0,"key":"Shovel"},{"floor":29.0,"key":"Strawberry"},{"floor":29.0,"key":"Paper Crane"},{"floor":41.0,"key":"Meat on the Bone"},{"floor":41.0,"key":"Omamori"},{"floor":44.0,"key":"Calipers"},{"floor":44.0,"key":"Torii"},{"floor":46.0,"key":"Letter Opener"},{"floor":46.0,"key":"Anchor"},{"floor":48,"key":"Eternal Feather"},{"floor":48,"key":"Regal Pillow"},{"floor":49,"key":"Boot"},{"floor":53,"key":"Bottled Lightning"},{"floor":55,"key":"Blue Candle"},{"floor":55,"key":"Bag of Marbles"}],"event_choices":[{"cards_removed":["Setup"],"damage_healed":0.0,"max_hp_gain":0.0,"max_hp_loss":0.0,"gold_gain":0.0,"event_name":"Golden Wing","player_choice":"Card Removal","floor":2.0,"gold_loss":0.0,"damage_taken":7.0},{"damage_healed":0.0,"max_hp_gain":0.0,"max_hp_loss":0.0,"gold_gain":0.0,"event_name":"Living Wall","player_choice":"Grow","floor":3.0,"gold_loss":0.0,"damage_taken":0.0,"cards_upgraded":["Blade Dance"]},{"damage_healed":0.0,"max_hp_gain":0.0,"max_hp_loss":0.0,"gold_gain":0.0,"event_name":"The Mausoleum","player_choice":"Ignored","floor":19.0,"gold_loss":0.0,"damage_taken":0.0},{"damage_healed":0.0,"max_hp_gain":0.0,"max_hp_loss":0.0,"gold_gain":0.0,"event_name":"Cursed Tome","player_choice":"Obtained Book","floor":21.0,"gold_loss":0.0,"damage_taken":21.0},{"cards_removed":["Riddle With Holes"],"damage_healed":0.0,"max_hp_gain":0.0,"max_hp_loss":0.0,"gold_gain":0.0,"event_name":"Wheel of Change","player_choice":"Card Removal","floor":31.0,"gold_loss":0.0,"damage_taken":0.0},{"damage_healed":0.0,"max_hp_gain":0.0,"max_hp_loss":0.0,"gold_gain":0.0,"event_name":"Designer","player_choice":"Upgrade","floor":39.0,"gold_loss":50.0,"damage_taken":0.0,"cards_upgraded":["Burst"]},{"cards_removed":["All Out Attack"],"damage_healed":49.0,"max_hp_gain":0.0,"max_hp_loss":0.0,"gold_gain":0.0,"event_name":"Bonfire Elementals","player_choice":"Offered Uncommon","floor":47.0,"gold_loss":0.0,"damage_taken":0.0}],"is_beta":true,"boss_relics":[{"not_picked":["Philosopher\u0027s Stone","Velvet Choker"],"picked":"Black Star"},{"not_picked":["Tiny House","Astrolabe"],"picked":"Snecko Eye"}],"items_purged_floors":[],"is_endless":false,"potions_floor_spawned":[12,13,14,16,18,24,25,27,30,33,35,36,37,38,41,44,46,48,55],"ascension_level":20}