{"gold_per_floor":[415,415,426,437,392,392,407,59,59,59,59,84,101,111,111,186,186,199,218,54,68,68,68,103,103,103,117,7,41,41,60,60,139,139,139,164,7,7,17,45,45,60,60,60,74,85,85,55,55,55,55,55,55,1,1],"floor_reached":55,"playtime":4130,"items_purged":["Strike_G","Strike_G"],"score":1878,"play_id":"cd1d257b-2c22-4f51-a411-66c12d3f7187","local_time":"20210117102202","is_ascension_mode":true,"campfire_choices":[{"floor":6.0,"key":"REST"},{"floor":11.0,"key":"REST"},{"data":"Finisher","floor":15.0,"key":"SMITH"},{"data":"Wraith Form v2","floor":23.0,"key":"SMITH"},{"data":"Neutralize","floor":25.0,"key":"SMITH"},{"data":"Ghostly","floor":32,"key":"SMITH"},{"data":"Ghostly","floor":41,"key":"SMITH"},{"floor":47,"key":"RECALL"},{"data":"Blade Dance","floor":49,"key":"SMITH"},{"data":"Ghostly","floor":53,"key":"SMITH"}],"neow_cost":"PERCENT_DAMAGE","seed_source_timestamp":287092811668400,"circlet_count":0,"master_deck":["AscendersBane","Defend_G","Defend_G","Defend_G","Defend_G","Defend_G","Survivor","Neutralize+1","PiercingWail","Poisoned Stab","Die Die Die","Dash","Dagger Throw","Endless Agony","Deflect","Finisher+1","Wraith Form v2+1","All Out Attack+1","Infinite Blades+1","Dagger Spray","Accuracy","Endless Agony","Endless Agony","Dodge and Roll","Dodge and Roll+1","Ghostly+1","Ghostly+1","Ghostly+1","Well Laid Plans","CurseOfTheBell","Endless Agony+1","Adrenaline","Terror","Escape Plan","Cloak And Dagger","Jack Of All Trades","Acrobatics","Blade Dance+1"],"special_seed":0,"relics":["Ring of the Snake","Old Coin","Bronze Scales","Kunai","NlothsMask","Shuriken","Astrolabe","Bag of Preparation","Pantograph","Calling Bell","Dream Catcher","White Beast Statue","Calipers","CaptainsWheel","Smiling Mask"],"potions_floor_usage":[29,33,35,40,42,42,46,50,55],"damage_taken":[{"damage":13.0,"enemies":"Jaw Worm","floor":1.0,"turns":7.0},{"damage":11.0,"enemies":"Cultist","floor":3.0,"turns":5.0},{"damage":0.0,"enemies":"Small Slimes","floor":4.0,"turns":4.0},{"damage":19.0,"enemies":"Exordium Thugs","floor":5.0,"turns":5.0},{"damage":0.0,"enemies":"3 Louse","floor":7.0,"turns":2.0},{"damage":0.0,"enemies":"Gremlin Nob","floor":12.0,"turns":3.0},{"damage":0.0,"enemies":"Looter","floor":13.0,"turns":3.0},{"damage":6.0,"enemies":"Exordium Thugs","floor":14.0,"turns":4.0},{"damage":6.0,"enemies":"Hexaghost","floor":16.0,"turns":8.0},{"damage":13.0,"enemies":"3 Byrds","floor":18.0,"turns":2.0},{"damage":14.0,"enemies":"2 Thieves","floor":19.0,"turns":4.0},{"damage":14.0,"enemies":"Cultist and Chosen","floor":21.0,"turns":6.0},{"damage":28.0,"enemies":"Book of Stabbing","floor":24.0,"turns":5.0},{"damage":9.0,"enemies":"Centurion and Healer","floor":27.0,"turns":3.0},{"damage":5,"enemies":"Gremlin Leader","floor":29,"turns":5},{"damage":3,"enemies":"Snake Plant","floor":31,"turns":2},{"damage":31,"enemies":"Automaton","floor":33,"turns":10},{"damage":0,"enemies":"3 Darklings","floor":35,"turns":2},{"damage":17,"enemies":"Mind Bloom Boss Battle","floor":36,"turns":10},{"damage":4,"enemies":"3 Shapes","floor":39,"turns":7},{"damage":3,"enemies":"Reptomancer","floor":40,"turns":11},{"damage":3,"enemies":"Transient","floor":42,"turns":6},{"damage":1,"enemies":"4 Shapes","floor":45,"turns":5},{"damage":5,"enemies":"Maw","floor":46,"turns":8},{"damage":8,"enemies":"Donu and Deca","floor":50,"turns":9},{"damage":28,"enemies":"Awakened One","floor":51,"turns":14},{"damage":32,"enemies":"Shield and Spear","floor":55,"turns":2}],"seed_played":"3456386827522984394","potions_obtained":[{"floor":7.0,"key":"Poison Potion"},{"floor":12.0,"key":"CultistPotion"},{"floor":14.0,"key":"FearPotion"},{"floor":18.0,"key":"FearPotion"},{"floor":27.0,"key":"Weak Potion"},{"floor":29,"key":"PowerPotion"},{"floor":33,"key":"SmokeBomb"},{"floor":36,"key":"Energy Potion"},{"floor":39,"key":"Block Potion"},{"floor":40,"key":"Energy Potion"},{"floor":42,"key":"ColorlessPotion"},{"floor":45,"key":"Poison Potion"},{"floor":46,"key":"SmokeBomb"},{"floor":48,"key":"ColorlessPotion"}],"is_trial":false,"path_per_floor":["M","?","M","M","M","R","M","$","T","?","R","E","M","M","R","B",null,"M","M","$","M","?","R","E","R","T","M","$","E","?","M","R","B",null,"M","?","$","?","M","E","R","M","T","?","M","M","R","?","R","B","B",null,"R","$","E"],"character_chosen":"THE_SILENT","items_purchased":["Bronze Scales","FearPotion","Dagger Throw","SteroidPotion","Dagger Spray","Accuracy","Endless Agony","Dodge and Roll","SpeedPotion","Strength Potion"],"campfire_rested":2,"item_purchase_floors":[8,8,8,20,20,20,28,28,37,54],"current_hp_per_floor":[31,31,20,20,1,20,20,20,20,20,39,39,39,33,33,27,56,43,29,29,15,76,76,48,48,48,39,39,34,34,31,31,7,30,30,21,21,21,17,14,14,11,11,11,10,5,5,5,5,22,10,31,31,31,0],"gold":1,"neow_bonus":"ONE_RARE_RELIC","is_prod":false,"is_daily":false,"chose_seed":false,"campfire_upgraded":7,"win_rate":0,"timestamp":1610907722,"path_taken":["M","?","M","M","M","R","M","$","T","?","R","E","M","M","R","BOSS","M","?","$","M","?","R","E","R","T","M","?","E","?","M","R","BOSS","M","?","$","?","?","E","R","?","T","?","M","M","R","?","R","BOSS","BOSS","R","$","E"],"build_version":"2020-12-18","purchased_purges":2,"victory":false,"max_hp_per_floor":[66,66,66,66,66,66,66,66,66,66,66,66,66,66,66,66,66,66,66,66,66,76,76,76,76,76,76,76,76,38,38,38,38,38,38,38,38,38,38,38,38,38,38,38,38,38,38,38,38,38,38,38,38,38,38],"card_choices":[{"not_picked":["Dodge and Roll","Backflip"],"picked":"PiercingWail","floor":1.0},{"not_picked":["PiercingWail","Well Laid Plans"],"picked":"Poisoned Stab","floor":3.0},{"not_picked":["Flying Knee","Dagger Spray"],"picked":"Die Die Die","floor":4.0},{"not_picked":["Escape Plan","Acrobatics"],"picked":"Dash","floor":5.0},{"not_picked":["Prepared","Acrobatics","Concentrate"],"picked":"SKIP","floor":7.0},{"not_picked":["Leg Sweep","Calculated Gamble"],"picked":"Endless Agony","floor":12.0},{"not_picked":["All Out Attack","Tactician"],"picked":"Deflect","floor":13.0},{"not_picked":["Reflex","Deflect"],"picked":"Finisher","floor":14.0},{"not_picked":["Die Die Die","Tools of the Trade"],"picked":"Wraith Form v2","floor":16.0},{"not_picked":["Dagger Throw","Outmaneuver","Deadly Poison"],"picked":"SKIP","floor":18.0},{"not_picked":["Predator","Bouncing Flask","Distraction"],"picked":"SKIP","floor":19.0},{"not_picked":["Deadly Poison","Outmaneuver","Poisoned Stab"],"picked":"SKIP","floor":21.0},{"not_picked":["All Out Attack","Die Die Die","Acrobatics"],"picked":"SKIP","floor":24.0},{"not_picked":["Deadly Poison","All Out Attack"],"picked":"Endless Agony","floor":27.0},{"not_picked":["Underhanded Strike","Bane"],"picked":"Dodge and Roll+1","floor":29},{"not_picked":["Expertise","Dagger Spray"],"picked":"Well Laid Plans","floor":31},{"not_picked":["Dagger Throw","Quick Slash"],"picked":"Endless Agony+1","floor":36},{"not_picked":["Dagger Throw+1","Underhanded Strike+1"],"picked":"Escape Plan","floor":39},{"not_picked":["Concentrate","Outmaneuver"],"picked":"Cloak And Dagger","floor":40},{"not_picked":["Crippling Poison","Catalyst","Predator+1"],"picked":"SKIP","floor":42},{"not_picked":["HandOfGreed","Dramatic Entrance"],"picked":"Jack Of All Trades","floor":44},{"not_picked":["Deadly Poison","Flechettes+1"],"picked":"Acrobatics","floor":45},{"not_picked":["Dagger Throw","Leg Sweep+1"],"picked":"Blade Dance","floor":46}],"player_experience":3095546,"relics_obtained":[{"floor":9.0,"key":"Kunai"},{"floor":12.0,"key":"Shuriken"},{"floor":24.0,"key":"Bag of Preparation"},{"floor":29,"key":"Pantograph"},{"floor":34,"key":"Dream Catcher"},{"floor":34,"key":"White Beast Statue"},{"floor":34,"key":"Calipers"},{"floor":36,"key":"CaptainsWheel"},{"floor":40,"key":"Smiling Mask"}],"event_choices":[{"damage_healed":0.0,"max_hp_gain":0.0,"max_hp_loss":0.0,"gold_gain":0.0,"event_name":"Liars Game","player_choice":"Ignored","floor":2.0,"gold_loss":0.0,"damage_taken":0.0},{"damage_healed":0.0,"max_hp_gain":0.0,"max_hp_loss":0.0,"gold_gain":0.0,"event_name":"FaceTrader","player_choice":"Trade","floor":10.0,"gold_loss":0.0,"damage_taken":0.0,"relics_obtained":["NlothsMask"]},{"cards_removed":["Burst"],"damage_healed":51.0,"max_hp_gain":10.0,"max_hp_loss":0.0,"gold_gain":0.0,"event_name":"Bonfire Elementals","player_choice":"Offered Rare","floor":22.0,"gold_loss":0.0,"damage_taken":0.0},{"damage_healed":0,"gold_gain":0,"player_choice":"Became a Ghost","damage_taken":0,"max_hp_gain":0,"max_hp_loss":38,"event_name":"Ghosts","floor":30,"gold_loss":0,"cards_obtained":["Ghostly","Ghostly","Ghostly"]},{"damage_healed":0,"gold_gain":0,"player_choice":"Fight","damage_taken":0,"max_hp_gain":0,"max_hp_loss":0,"event_name":"MindBloom","floor":36,"gold_loss":0},{"damage_healed":0,"gold_gain":0,"player_choice":"2 cards matched","damage_taken":0,"max_hp_gain":0,"max_hp_loss":0,"event_name":"Match and Keep!","floor":38,"gold_loss":0,"cards_obtained":["Adrenaline","Terror"]},{"damage_healed":0,"gold_gain":0,"player_choice":"Memory 1","damage_taken":0,"max_hp_gain":0,"max_hp_loss":0,"event_name":"SensoryStone","floor":44,"gold_loss":0},{"damage_healed":0,"gold_gain":0,"player_choice":"Bought 2 Potions","damage_taken":0,"max_hp_gain":0,"max_hp_loss":0,"event_name":"The Woman in Blue","floor":48,"gold_loss":0}],"is_beta":true,"boss_relics":[{"not_picked":["Cursed Key","Tiny House"],"picked":"Astrolabe"},{"not_picked":["Velvet Choker","Runic Pyramid"],"picked":"Calling Bell"}],"items_purged_floors":[8,37],"is_endless":false,"potions_floor_spawned":[7,12,13,14,18,21,27,29,33,35,36,39,40,42,45,46],"killed_by":"Shield and Spear","ascension_level":20}