{"gold_per_floor":[109,120,120,64,64,64,64],"floor_reached":7,"playtime":296,"items_purged":[],"score":78,"play_id":"eebba89b-6158-4103-920a-c5958497ed17","local_time":"20210128165614","is_ascension_mode":true,"campfire_choices":[{"floor":6.0,"key":"REST"}],"neow_cost":"NONE","seed_source_timestamp":1265016872079500,"circlet_count":0,"master_deck":["AscendersBane","Strike_G","Strike_G","Strike_G","Strike_G","Strike_G","Defend_G","Defend_G+1","Defend_G+1","Defend_G+1","Defend_G","Survivor+1","Neutralize","Blade Dance","Noxious Fumes"],"special_seed":0,"relics":["Runic Pyramid","War Paint"],"potions_floor_usage":[7,7],"damage_taken":[{"damage":0.0,"enemies":"Jaw Worm","floor":1.0,"turns":6.0},{"damage":3.0,"enemies":"Small Slimes","floor":2.0,"turns":4.0},{"damage":43,"enemies":"Gremlin Nob","floor":7,"turns":4}],"seed_played":"3293456976552652136","potions_obtained":[{"floor":2.0,"key":"EssenceOfSteel"}],"is_trial":false,"path_per_floor":["M","M","?","$","?","R","E"],"character_chosen":"THE_SILENT","items_purchased":["Explosive Potion"],"campfire_rested":1,"item_purchase_floors":[4],"current_hp_per_floor":[59,56,36,36,10,29,0],"gold":64,"neow_bonus":"BOSS_RELIC","is_prod":false,"is_daily":false,"chose_seed":false,"campfire_upgraded":0,"win_rate":0,"timestamp":1611881774,"path_taken":["M","M","?","$","?","R","E"],"build_version":"2020-12-18","purchased_purges":0,"victory":false,"max_hp_per_floor":[66,66,66,66,66,66,66],"relic_stats":{"counters":[3,14],"War Paint":["Defend_G","Defend_G"],"obtain_stats":[{"War Paint":5,"Ring of the Snake":0,"Runic Pyramid":0},{"War Paint":2,"Ring of the Snake":0,"Runic Pyramid":0},{"War Paint":10,"Ring of the Snake":0,"Runic Pyramid":0}]},"card_choices":[{"not_picked":["Backflip","Outmaneuver"],"picked":"Blade Dance","floor":1.0},{"not_picked":["Well Laid Plans","Expertise"],"picked":"Noxious Fumes","floor":2.0}],"player_experience":3200126,"relics_obtained":[],"event_choices":[{"damage_healed":0.0,"max_hp_gain":0.0,"max_hp_loss":0.0,"gold_gain":0.0,"event_name":"Shining Light","player_choice":"Entered Light","floor":3.0,"gold_loss":0.0,"damage_taken":20.0,"cards_upgraded":["Survivor","Defend_G"]},{"damage_healed":0.0,"max_hp_gain":0.0,"max_hp_loss":0.0,"gold_gain":0.0,"event_name":"Scrap Ooze","player_choice":"Success","floor":5.0,"gold_loss":0.0,"damage_taken":26.0,"relics_obtained":["War Paint"]}],"is_beta":true,"boss_relics":[],"items_purged_floors":[],"is_endless":false,"potions_floor_spawned":[2],"killed_by":"Gremlin Nob","ascension_level":20}