{"gold_per_floor":[10,24,43,60,60,60,104,125,125,125,275,275,349,372,372,372],"floor_reached":16,"playtime":699,"items_purged":[],"score":204,"play_id":"5ca4e387-7e9b-43a4-8f6d-a3f52c4a33f4","local_time":"20210121162627","is_ascension_mode":true,"campfire_choices":[{"data":"Flying Knee","floor":6,"key":"SMITH"},{"data":"Crippling Poison","floor":10,"key":"SMITH"},{"data":"Quick Slash","floor":12,"key":"SMITH"},{"data":"Phantasmal Killer","floor":15,"key":"SMITH"}],"neow_cost":"NO_GOLD","seed_source_timestamp":658063493955200,"circlet_count":0,"master_deck":["AscendersBane","Strike_G","Strike_G","Strike_G","Strike_G","Strike_G","Defend_G","Defend_G","Defend_G","Defend_G","Defend_G","Survivor","Neutralize","Flying Knee+1","Footwork","Crippling Poison+1","Acrobatics","Phantasmal Killer+1","Quick Slash+1","Doubt","Backflip"],"relics":["Ring of the Snake","Gambling Chip","Golden Idol","Boot","Anchor"],"potions_floor_usage":[7,8,16],"damage_taken":[{"damage":1,"enemies":"Cultist","floor":1,"turns":4},{"damage":0,"enemies":"2 Louse","floor":2,"turns":3},{"damage":2,"enemies":"Small Slimes","floor":3,"turns":4},{"damage":0,"enemies":"Blue Slaver","floor":4,"turns":5},{"damage":19,"enemies":"Gremlin Nob","floor":7,"turns":4},{"damage":3,"enemies":"Gremlin Gang","floor":8,"turns":4},{"damage":0,"enemies":"Looter","floor":14,"turns":3},{"damage":51,"enemies":"Slime Boss","floor":16,"turns":7}],"seed_played":"6440584090716056878","potions_obtained":[{"floor":2,"key":"Fire Potion"},{"floor":3,"key":"AttackPotion"},{"floor":8,"key":"Explosive Potion"}],"is_trial":false,"path_per_floor":["M","M","M","M","?","R","E","M","T","R","?","R","T","M","R","B"],"character_chosen":"THE_SILENT","items_purchased":[],"campfire_rested":0,"item_purchase_floors":[],"current_hp_per_floor":[58,58,56,56,56,56,37,34,34,34,34,34,34,34,34,0],"gold":372,"neow_bonus":"ONE_RARE_RELIC","is_prod":false,"is_daily":false,"chose_seed":false,"campfire_upgraded":4,"win_rate":0,"timestamp":1611275187,"path_taken":["M","M","?","M","?","R","E","M","T","R","?","R","?","M","R","BOSS"],"build_version":"2020-12-18","purchased_purges":0,"victory":false,"max_hp_per_floor":[66,66,66,66,60,60,60,60,60,60,60,60,60,60,60,60],"relic_stats":{"counters":[8,34],"Golden Idol":18,"Gambling Chip":[23],"Boot":[4],"obtain_stats":[{"Anchor":9,"Golden Idol":5,"Gambling Chip":0,"Boot":7,"Ring of the Snake":0},{"Anchor":6,"Golden Idol":4,"Gambling Chip":0,"Boot":5,"Ring of the Snake":0},{"Anchor":24,"Golden Idol":16,"Gambling Chip":0,"Boot":20,"Ring of the Snake":0}],"Ring of the Snake":[16]},"card_choices":[{"not_picked":["Cloak And Dagger","Dodge and Roll"],"picked":"Flying Knee","floor":1},{"not_picked":["Terror","Deadly Poison"],"picked":"Footwork","floor":2},{"not_picked":["Accuracy","Slice"],"picked":"Crippling Poison","floor":3},{"not_picked":["Finisher","Flying Knee"],"picked":"Acrobatics","floor":4},{"not_picked":["Burst","Finisher"],"picked":"Phantasmal Killer","floor":7},{"not_picked":["Bane","Deflect"],"picked":"Quick Slash","floor":8},{"not_picked":["Infinite Blades","Outmaneuver"],"picked":"Backflip","floor":14}],"player_experience":3132484,"relics_obtained":[{"floor":7,"key":"Boot"},{"floor":9,"key":"Anchor"}],"event_choices":[{"damage_healed":0,"gold_gain":0,"player_choice":"Lose Max HP","damage_taken":0,"relics_obtained":["Golden Idol"],"max_hp_gain":0,"max_hp_loss":6,"event_name":"Golden Idol","floor":5,"gold_loss":0},{"damage_healed":0,"gold_gain":150,"player_choice":"AGREE","damage_taken":0,"max_hp_gain":0,"max_hp_loss":0,"event_name":"Liars Game","floor":11,"gold_loss":0,"cards_obtained":["Doubt"]}],"is_beta":true,"boss_relics":[],"items_purged_floors":[],"is_endless":false,"potions_floor_spawned":[2,3,8],"killed_by":"Slime Boss","ascension_level":20}