{"gold_per_floor":[19,31,31,31,56,56,16,16,16,16,50,90,90,114,114,114],"floor_reached":16,"playtime":810,"items_purged":[],"score":200,"play_id":"82330900-e7e5-4098-b4d7-47f167547f4d","local_time":"20210123094317","is_ascension_mode":true,"campfire_choices":[{"data":"Dagger Spray","floor":6,"key":"SMITH"},{"data":"Dagger Spray","floor":8,"key":"SMITH"},{"data":"Neutralize","floor":10,"key":"SMITH"},{"data":"Cloak And Dagger","floor":13,"key":"SMITH"},{"floor":15,"key":"REST"}],"neow_cost":"NO_GOLD","seed_source_timestamp":806560513132800,"circlet_count":0,"master_deck":["AscendersBane","Strike_G","Strike_G","Strike_G","Defend_G","Defend_G","Defend_G","Defend_G","Defend_G","Survivor","Neutralize+1","Dodge and Roll","Leg Sweep","Dagger Spray+1","Dagger Spray+1","Footwork","Cloak And Dagger+1","Footwork+1"],"relics":["Ring of the Snake","Golden Idol","CeramicFish","Frozen Egg 2"],"potions_floor_usage":[12],"damage_taken":[{"damage":0,"enemies":"Small Slimes","floor":1,"turns":7},{"damage":11,"enemies":"Jaw Worm","floor":2,"turns":10},{"damage":0,"enemies":"2 Louse","floor":5,"turns":4},{"damage":0,"enemies":"Looter","floor":7,"turns":4},{"damage":5,"enemies":"Gremlin Gang","floor":11,"turns":4},{"damage":24,"enemies":"Lagavulin","floor":12,"turns":12},{"damage":0,"enemies":"Red Slaver","floor":14,"turns":4},{"damage":44,"enemies":"Slime Boss","floor":16,"turns":10}],"seed_played":"-7919364417227955051","potions_obtained":[{"floor":11,"key":"BlessingOfTheForge"}],"is_trial":false,"path_per_floor":["M","M","?","?","M","R","M","R","T","R","M","E","R","M","R","B"],"character_chosen":"THE_SILENT","items_purchased":[],"campfire_rested":1,"item_purchase_floors":[],"current_hp_per_floor":[59,48,48,53,53,53,53,53,53,53,48,24,24,24,43,0],"gold":114,"neow_bonus":"TRANSFORM_TWO_CARDS","is_prod":false,"is_daily":false,"chose_seed":false,"campfire_upgraded":4,"win_rate":0,"timestamp":1611423797,"path_taken":["M","M","?","?","M","R","M","R","T","R","M","E","R","M","R","BOSS"],"build_version":"2020-12-18","purchased_purges":0,"victory":false,"max_hp_per_floor":[66,66,60,65,65,65,65,65,65,65,65,65,65,65,65,65],"relic_stats":{"counters":[8,55],"Golden Idol":21,"CeramicFish":18,"obtain_stats":[{"Golden Idol":3,"CeramicFish":9,"Frozen Egg 2":12,"Ring of the Snake":0},{"Golden Idol":2,"CeramicFish":4,"Frozen Egg 2":6,"Ring of the Snake":0},{"Golden Idol":17,"CeramicFish":25,"Frozen Egg 2":41,"Ring of the Snake":0}],"Ring of the Snake":[16]},"card_choices":[{"not_picked":["PiercingWail","Dodge and Roll","Bane"],"picked":"SKIP","floor":1},{"not_picked":["Calculated Gamble","Underhanded Strike"],"picked":"Dagger Spray","floor":2},{"not_picked":["Distraction","Blur"],"picked":"Dagger Spray","floor":5},{"not_picked":["Dodge and Roll","Slice"],"picked":"Footwork","floor":7},{"not_picked":["Reflex","Setup"],"picked":"Cloak And Dagger","floor":11},{"not_picked":["Slice","Tactician","Concentrate"],"picked":"SKIP","floor":12},{"not_picked":["Slice","Terror"],"picked":"Footwork+1","floor":14}],"player_experience":3146763,"relics_obtained":[{"floor":9,"key":"CeramicFish"},{"floor":12,"key":"Frozen Egg 2"}],"event_choices":[{"damage_healed":0,"gold_gain":0,"player_choice":"Lose Max HP","damage_taken":0,"relics_obtained":["Golden Idol"],"max_hp_gain":0,"max_hp_loss":6,"event_name":"Golden Idol","floor":3,"gold_loss":0},{"damage_healed":0,"gold_gain":0,"player_choice":"Donut","damage_taken":0,"max_hp_gain":5,"max_hp_loss":0,"event_name":"Big Fish","floor":4,"gold_loss":0}],"is_beta":true,"boss_relics":[],"items_purged_floors":[],"is_endless":false,"potions_floor_spawned":[11],"killed_by":"Slime Boss","ascension_level":20}