{"gold_per_floor":[115,115,16,30,30,43,43,61,61,92,106,106,119,151,151,223,223,234,234,54,67,79,107,107,107,154,181,181,181,192,4,4,82,82,92,92,103,116,132,132,165,165,165,195,195,195,195,195,195,195,195],"floor_reached":51,"playtime":3119,"items_purged":["Strike_G","Strike_G"],"score":1406,"play_id":"b6501bea-03b9-4332-aa83-33741081d1ac","local_time":"20210126201454","is_ascension_mode":true,"campfire_choices":[{"data":"Dagger Spray","floor":7,"key":"SMITH"},{"floor":12,"key":"REST"},{"data":"Finisher","floor":15,"key":"SMITH"},{"floor":25,"key":"REST"},{"data":"Apotheosis","floor":29,"key":"SMITH"},{"floor":32,"key":"REST"},{"floor":40,"key":"REST"},{"floor":42,"key":"RECALL"},{"floor":47,"key":"REST"},{"floor":49,"key":"REST"}],"neow_cost":"NONE","seed_source_timestamp":1101343151381400,"circlet_count":0,"master_deck":["AscendersBane","Defend_G+1","Defend_G","Defend_G","Defend_G","Survivor+1","Neutralize","Quick Slash+1","Dagger Spray+1","Well Laid Plans","Blade Dance","Finisher+1","Envenom","Blade Dance","Corpse Explosion","Backstab","Apotheosis+1","Calculated Gamble+1","Dodge and Roll+1","After Image","Dodge and Roll+1","Dagger Spray+1","Accuracy","Wraith Form v2","Predator+1","PiercingWail+1","Noxious Fumes","Deflect+1","Caltrops"],"relics":["Ring of the Snake","NeowsBlessing","Happy Flower","Singing Bowl","Boot","Sozu","PreservedInsect","Blood Vial","War Paint","Astrolabe","Kunai","Orichalcum","Gremlin Horn"],"potions_floor_usage":[10,18,51],"damage_taken":[{"damage":0,"enemies":"Cultist","floor":1,"turns":1},{"damage":0,"enemies":"Jaw Worm","floor":4,"turns":1},{"damage":0,"enemies":"2 Louse","floor":6,"turns":1},{"damage":0,"enemies":"2 Fungi Beasts","floor":8,"turns":3},{"damage":26,"enemies":"Gremlin Nob","floor":10,"turns":4},{"damage":10,"enemies":"Large Slime","floor":11,"turns":5},{"damage":14,"enemies":"Exordium Thugs","floor":13,"turns":4},{"damage":12,"enemies":"Lagavulin","floor":14,"turns":6},{"damage":16,"enemies":"Hexaghost","floor":16,"turns":8},{"damage":0,"enemies":"3 Byrds","floor":18,"turns":3},{"damage":15,"enemies":"Shell Parasite","floor":21,"turns":4},{"damage":0,"enemies":"3 Cultists","floor":22,"turns":2},{"damage":22,"enemies":"Gremlin Leader","floor":23,"turns":5},{"damage":6,"enemies":"Slavers","floor":27,"turns":2},{"damage":12,"enemies":"Cultist and Chosen","floor":30,"turns":4},{"damage":46,"enemies":"Collector","floor":33,"turns":7},{"damage":8,"enemies":"3 Shapes","floor":35,"turns":9},{"damage":9,"enemies":"3 Darklings","floor":37,"turns":4},{"damage":1,"enemies":"4 Shapes","floor":38,"turns":8},{"damage":19,"enemies":"Sphere and 2 Shapes","floor":39,"turns":8},{"damage":7,"enemies":"Nemesis","floor":41,"turns":6},{"damage":13,"enemies":"Giant Head","floor":44,"turns":8},{"damage":62,"enemies":"Time Eater","floor":50,"turns":15},{"damage":26,"enemies":"Awakened One","floor":51,"turns":4}],"seed_played":"7270176059011119074","potions_obtained":[{"floor":6,"key":"AttackPotion"},{"floor":13,"key":"GhostInAJar"},{"floor":14,"key":"Explosive Potion"}],"is_trial":false,"path_per_floor":["M","?","$","M","?","M","R","M","T","E","M","R","M","E","R","B",null,"M","?","$","M","M","E","?","R","T","E","?","R","M","$","R","B",null,"M","?","M","M","M","R","E","R","T","E","T","?","R","?","R","B","B"],"character_chosen":"THE_SILENT","items_purchased":["Dagger Spray","Apotheosis","Accuracy"],"campfire_rested":6,"item_purchase_floors":[3,20,31],"current_hp_per_floor":[59,59,59,59,59,59,59,59,59,33,23,42,28,18,18,2,52,54,54,54,39,39,17,17,38,38,34,34,34,24,24,45,1,53,49,49,42,45,28,50,47,47,47,38,38,38,61,61,78,16,0],"gold":195,"neow_bonus":"THREE_ENEMY_KILL","is_prod":false,"is_daily":false,"chose_seed":false,"campfire_upgraded":3,"win_rate":0,"timestamp":1611720894,"path_taken":["M","?","$","?","?","M","R","?","T","E","M","R","M","E","R","BOSS","M","?","$","M","M","E","?","R","T","E","?","R","?","$","R","BOSS","M","?","M","?","M","R","E","R","T","E","?","?","R","?","R","BOSS","BOSS"],"build_version":"2020-12-18","purchased_purges":2,"victory":false,"max_hp_per_floor":[66,66,66,66,66,66,66,66,66,66,66,66,66,68,68,68,68,70,70,70,70,70,70,70,70,70,70,70,70,70,70,70,70,70,72,72,72,74,74,74,76,76,76,78,78,78,78,78,78,78,78],"relic_stats":{"Happy Flower":[38],"Singing Bowl":12,"Gremlin Horn":[2,2],"counters":[24,122],"Astrolabe":["Eviscerate","Predator","PiercingWail"],"PreservedInsect":221,"War Paint":["Survivor","Defend_G"],"Orichalcum":[0],"Boot":[192],"Sozu":5,"Blood Vial":20,"Kunai":[16],"obtain_stats":[{"NeowsBlessing":0,"Happy Flower":9,"Singing Bowl":10,"Gremlin Horn":45,"Astrolabe":34,"PreservedInsect":23,"War Paint":27,"Orichalcum":44,"Boot":14,"Sozu":17,"Blood Vial":26,"Kunai":41,"Ring of the Snake":0},{"NeowsBlessing":0,"Happy Flower":4,"Singing Bowl":5,"Gremlin Horn":22,"Astrolabe":16,"PreservedInsect":13,"War Paint":14,"Orichalcum":22,"Boot":8,"Sozu":9,"Blood Vial":13,"Kunai":21,"Ring of the Snake":0},{"NeowsBlessing":0,"Happy Flower":6,"Singing Bowl":10,"Gremlin Horn":103,"Astrolabe":60,"PreservedInsect":47,"War Paint":49,"Orichalcum":103,"Boot":25,"Sozu":33,"Blood Vial":47,"Kunai":95,"Ring of the Snake":0}],"Ring of the Snake":[48]},"card_choices":[{"not_picked":["Dodge and Roll","Deadly Poison"],"picked":"Quick Slash","floor":1},{"not_picked":["Quick Slash","Finisher"],"picked":"Well Laid Plans","floor":4},{"not_picked":["Flying Knee","Deadly Poison"],"picked":"Blade Dance","floor":6},{"not_picked":["Prepared","Acrobatics","Catalyst"],"picked":"SKIP","floor":8},{"not_picked":["Dagger Spray","Eviscerate"],"picked":"Finisher","floor":10},{"not_picked":["Bouncing Flask","Dagger Throw"],"picked":"Envenom","floor":11},{"not_picked":["Terror","Deflect"],"picked":"Blade Dance","floor":13},{"not_picked":["Blade Dance","Dagger Spray","Slice"],"picked":"Singing Bowl","floor":14},{"not_picked":["Tools of the Trade","Bullet Time"],"picked":"Corpse Explosion","floor":16},{"not_picked":["Sucker Punch","Poisoned Stab","Expertise"],"picked":"Singing Bowl","floor":18},{"not_picked":["Underhanded Strike","Outmaneuver"],"picked":"Calculated Gamble+1","floor":21},{"not_picked":["Poisoned Stab+1","Infinite Blades"],"picked":"Dodge and Roll+1","floor":22},{"not_picked":["Backflip","Tactician"],"picked":"After Image","floor":23},{"not_picked":["Dagger Spray","Slice"],"picked":"Dodge and Roll+1","floor":27},{"not_picked":["Dodge and Roll","Sucker Punch"],"picked":"Dagger Spray+1","floor":30},{"not_picked":["Phantasmal Killer","Malaise"],"picked":"Wraith Form v2","floor":33},{"not_picked":["Deflect","Eviscerate","All Out Attack+1"],"picked":"Singing Bowl","floor":35},{"not_picked":["Bane+1","Flying Knee"],"picked":"Noxious Fumes","floor":37},{"not_picked":["Outmaneuver+1","Flying Knee","Tactician"],"picked":"Singing Bowl","floor":38},{"not_picked":["Endless Agony","Prepared"],"picked":"Deflect+1","floor":39},{"not_picked":["Calculated Gamble","Poisoned Stab+1","Riddle With Holes"],"picked":"Singing Bowl","floor":41},{"not_picked":["Riddle With Holes+1","Deadly Poison","Prepared"],"picked":"Singing Bowl","floor":44}],"player_experience":3175744,"relics_obtained":[{"floor":9,"key":"Happy Flower"},{"floor":10,"key":"Singing Bowl"},{"floor":14,"key":"Boot"},{"floor":23,"key":"PreservedInsect"},{"floor":26,"key":"Blood Vial"},{"floor":27,"key":"War Paint"},{"floor":41,"key":"Kunai"},{"floor":44,"key":"Orichalcum"},{"floor":45,"key":"Gremlin Horn"}],"event_choices":[{"damage_healed":0,"gold_gain":0,"player_choice":"Upgraded","damage_taken":0,"max_hp_gain":0,"max_hp_loss":0,"event_name":"Upgrade Shrine","floor":2,"gold_loss":0,"cards_upgraded":["Quick Slash"]},{"damage_healed":0,"gold_gain":0,"cards_transformed":["Strike_G"],"player_choice":"Transformed","damage_taken":0,"max_hp_gain":0,"max_hp_loss":0,"event_name":"Transmorgrifier","floor":5,"gold_loss":0,"cards_obtained":["Bullet Time"]},{"damage_healed":0,"gold_gain":0,"cards_transformed":["Bullet Time","Strike_G"],"player_choice":"Became Test Subject","damage_taken":0,"max_hp_gain":0,"max_hp_loss":0,"event_name":"Drug Dealer","floor":19,"gold_loss":0,"cards_obtained":["Prepared","Backstab"]},{"damage_healed":0,"gold_gain":0,"player_choice":"Smashed Altar","damage_taken":0,"max_hp_gain":0,"max_hp_loss":0,"event_name":"Forgotten Altar","floor":24,"gold_loss":0,"cards_obtained":["Decay"]},{"cards_removed":["Decay"],"damage_healed":0,"gold_gain":0,"player_choice":"Removed Curses","damage_taken":0,"max_hp_gain":0,"max_hp_loss":0,"event_name":"Fountain of Cleansing","floor":28,"gold_loss":0},{"damage_healed":0,"gold_gain":0,"player_choice":"Ignored","damage_taken":0,"max_hp_gain":0,"max_hp_loss":0,"event_name":"SecretPortal","floor":36,"gold_loss":0},{"damage_healed":0,"gold_gain":0,"player_choice":"Ignored","damage_taken":0,"max_hp_gain":0,"max_hp_loss":0,"event_name":"Tomb of Lord Red Mask","floor":46,"gold_loss":0},{"damage_healed":0,"gold_gain":0,"cards_transformed":["Eviscerate"],"player_choice":"Transformed","damage_taken":0,"max_hp_gain":0,"max_hp_loss":0,"event_name":"Transmorgrifier","floor":48,"gold_loss":0,"cards_obtained":["Caltrops"]}],"is_beta":true,"boss_relics":[{"not_picked":["HoveringKite","Coffee Dripper"],"picked":"Sozu"},{"not_picked":["Snecko Eye","Velvet Choker"],"picked":"Astrolabe"}],"items_purged_floors":[3,31],"is_endless":false,"potions_floor_spawned":[6,13,14,21,27,30,35,38],"killed_by":"Awakened One","ascension_level":20}