{"gold_per_floor":[112,129,147,147,112,112,147,147,147,147,161,175,175,175,175,175],"floor_reached":16,"playtime":944,"items_purged":[],"score":200,"play_id":"33b17c59-3a20-4959-963a-2810c5f9a8bd","local_time":"20210127214719","is_ascension_mode":true,"campfire_choices":[{"floor":6,"key":"REST"},{"data":"Quick Slash","floor":10,"key":"SMITH"},{"data":"Deadly Poison","floor":15,"key":"SMITH"}],"neow_cost":"NONE","seed_source_timestamp":1195463319956800,"circlet_count":0,"master_deck":["AscendersBane","Strike_G","Strike_G","Strike_G","Strike_G","Strike_G","Defend_G","Defend_G","Defend_G","Defend_G","Defend_G","Survivor","Neutralize","Cloak And Dagger","Flying Knee","Quick Slash+1","Deadly Poison+1","Masterful Stab","Injury"],"relics":["Ring of the Snake","MealTicket","Darkstone Periapt","Pen Nib","Blood Vial","Ninja Scroll","Golden Idol"],"potions_floor_usage":[7,7],"damage_taken":[{"damage":4,"enemies":"Small Slimes","floor":1,"turns":5},{"damage":0,"enemies":"Jaw Worm","floor":2,"turns":5},{"damage":1,"enemies":"Cultist","floor":3,"turns":4},{"damage":45,"enemies":"3 Sentries","floor":7,"turns":15},{"damage":2,"enemies":"Large Slime","floor":11,"turns":6},{"damage":2,"enemies":"Looter","floor":12,"turns":2},{"damage":29,"enemies":"Hexaghost","floor":16,"turns":9}],"seed_played":"5816959903831794911","potions_obtained":[{"floor":1,"key":"Regen Potion"},{"floor":2,"key":"ColorlessPotion"},{"floor":7,"key":"Dexterity Potion"}],"is_trial":false,"path_per_floor":["M","M","M","?","?","R","E","?","T","R","M","M","?","?","R","B"],"character_chosen":"THE_SILENT","items_purchased":[],"campfire_rested":1,"item_purchase_floors":[],"current_hp_per_floor":[55,55,54,9,25,44,14,14,14,14,14,14,20,25,25,0],"gold":175,"neow_bonus":"RANDOM_COMMON_RELIC","is_prod":false,"is_daily":false,"chose_seed":false,"campfire_upgraded":2,"win_rate":0,"timestamp":1611812839,"path_taken":["M","M","M","?","?","R","E","?","T","R","M","?","?","?","R","BOSS"],"build_version":"2020-12-18","purchased_purges":0,"victory":false,"max_hp_per_floor":[66,66,66,66,66,66,66,66,66,66,66,66,72,77,77,77],"relic_stats":{"Darkstone Periapt":6,"Blood Vial":6,"counters":[7,46],"Golden Idol":0,"MealTicket":0,"Pen Nib":[4],"obtain_stats":[{"Darkstone Periapt":4,"Blood Vial":8,"Ninja Scroll":9,"Golden Idol":13,"MealTicket":0,"Pen Nib":7,"Ring of the Snake":0},{"Darkstone Periapt":3,"Blood Vial":4,"Ninja Scroll":4,"Golden Idol":6,"MealTicket":0,"Pen Nib":4,"Ring of the Snake":0},{"Darkstone Periapt":14,"Blood Vial":29,"Ninja Scroll":29,"Golden Idol":37,"MealTicket":0,"Pen Nib":29,"Ring of the Snake":0}],"Ring of the Snake":[14]},"card_choices":[{"not_picked":["Footwork","Outmaneuver"],"picked":"Cloak And Dagger","floor":1},{"not_picked":["Setup","Underhanded Strike"],"picked":"Flying Knee","floor":2},{"not_picked":["Cloak And Dagger","PiercingWail"],"picked":"Quick Slash","floor":3},{"not_picked":["Night Terror","Flying Knee"],"picked":"Deadly Poison","floor":7},{"not_picked":["Tactician","Slice","Prepared"],"picked":"SKIP","floor":11},{"not_picked":["Quick Slash","Flying Knee"],"picked":"Masterful Stab","floor":12}],"player_experience":3194780,"relics_obtained":[{"floor":7,"key":"Pen Nib"},{"floor":9,"key":"Ninja Scroll"}],"event_choices":[{"damage_healed":0,"gold_gain":0,"player_choice":"Success","damage_taken":45,"relics_obtained":["Darkstone Periapt"],"max_hp_gain":0,"max_hp_loss":0,"event_name":"Scrap Ooze","floor":4,"gold_loss":0},{"damage_healed":16,"gold_gain":0,"player_choice":"Healed","damage_taken":0,"max_hp_gain":0,"max_hp_loss":0,"event_name":"The Cleric","floor":5,"gold_loss":35},{"damage_healed":0,"gold_gain":0,"player_choice":"Gave Potion","damage_taken":0,"relics_obtained":["Blood Vial"],"max_hp_gain":0,"max_hp_loss":0,"event_name":"WeMeetAgain","floor":8,"gold_loss":0},{"damage_healed":0,"gold_gain":0,"player_choice":"Take Wound","damage_taken":0,"relics_obtained":["Golden Idol"],"max_hp_gain":0,"max_hp_loss":0,"event_name":"Golden Idol","floor":13,"gold_loss":0,"cards_obtained":["Injury"]},{"damage_healed":0,"gold_gain":0,"player_choice":"Donut","damage_taken":0,"max_hp_gain":5,"max_hp_loss":0,"event_name":"Big Fish","floor":14,"gold_loss":0}],"is_beta":true,"boss_relics":[],"items_purged_floors":[],"is_endless":false,"potions_floor_spawned":[1,2,7],"killed_by":"Hexaghost","ascension_level":20}