{"gold_per_floor":[113,113,188,188,203,230,230,258,283,293,293,293,293,318,318,408,408,428,452,452,67,87,87,126,41,41,74,349,364,9,45,45,136,136,159,159,174,205,102,19,42,77,102,102,102,121,121,180,180,180,180,180,180,18,56,56],"floor_reached":57,"playtime":4106,"items_purged":["Strike_G","Regret","Strike_G"],"score":2763,"play_id":"d001749f-98b5-40fa-b14d-d4083a71f297","local_time":"20210120205933","is_ascension_mode":true,"campfire_choices":[{"data":"A Thousand Cuts","floor":7.0,"key":"SMITH"},{"floor":13.0,"key":"REST"},{"data":"Blade Dance","floor":15.0,"key":"SMITH"},{"floor":23.0,"key":"REST"},{"floor":32.0,"key":"REST"},{"floor":45.0,"key":"RECALL"},{"floor":47.0,"key":"DIG"},{"floor":49.0,"key":"REST"},{"floor":53.0,"key":"DIG"}],"neow_cost":"NONE","seed_source_timestamp":584574067231100,"circlet_count":0,"master_deck":["AscendersBane","Defend_G","Defend_G","Defend_G","Defend_G","Defend_G","Survivor","Neutralize","Quick Slash+1","Reflex","A Thousand Cuts+1","Noxious Fumes","Blade Dance+1","A Thousand Cuts","Backflip+1","Die Die Die","Deflect","Apotheosis","Cloak And Dagger","Dagger Spray","After Image","Dash","Footwork","After Image","Blade Dance+1","Well Laid Plans","Tools of the Trade","PiercingWail","Cloak And Dagger+1","Acrobatics","Acrobatics","Cloak And Dagger","Regret","Finisher+1","Deflect","Adrenaline","Footwork","Blind"],"special_seed":0,"relics":["Ring of the Snake","NeowsBlessing","Vajra","Pen Nib","Happy Flower","Mummified Hand","Golden Idol","Cursed Key","Anchor","Art of War","Shovel","Membership Card","Nunchaku","Orichalcum","Fusion Hammer","Incense Burner","Orrery","Bronze Scales","Lizard Tail","Unceasing Top","Mercury Hourglass","Thread and Needle"],"potions_floor_usage":[56,56],"damage_taken":[{"damage":0.0,"enemies":"Small Slimes","floor":1.0,"turns":1.0},{"damage":0.0,"enemies":"2 Louse","floor":5.0,"turns":1.0},{"damage":0.0,"enemies":"Lagavulin","floor":6.0,"turns":1.0},{"damage":34.0,"enemies":"Gremlin Nob","floor":8.0,"turns":5.0},{"damage":0.0,"enemies":"Cultist","floor":10.0,"turns":3.0},{"damage":6.0,"enemies":"Exordium Wildlife","floor":14.0,"turns":4.0},{"damage":28.0,"enemies":"Slime Boss","floor":16.0,"turns":7.0},{"damage":12.0,"enemies":"Chosen","floor":18.0,"turns":4.0},{"damage":10.0,"enemies":"2 Thieves","floor":19.0,"turns":3.0},{"damage":1.0,"enemies":"Sentry and Sphere","floor":22.0,"turns":5.0},{"damage":17.0,"enemies":"Gremlin Leader","floor":24.0,"turns":4.0},{"damage":10.0,"enemies":"Slavers","floor":27.0,"turns":4.0},{"damage":0.0,"enemies":"3 Cultists","floor":29.0,"turns":2.0},{"damage":12.0,"enemies":"Gremlin Leader","floor":31.0,"turns":5.0},{"damage":11.0,"enemies":"Champ","floor":33.0,"turns":9.0},{"damage":0.0,"enemies":"3 Shapes","floor":35.0,"turns":5.0},{"damage":0.0,"enemies":"3 Darklings","floor":37.0,"turns":4.0},{"damage":13.0,"enemies":"Mind Bloom Boss Battle","floor":38.0,"turns":7.0},{"damage":0.0,"enemies":"Transient","floor":41.0,"turns":6.0},{"damage":0.0,"enemies":"Giant Head","floor":42.0,"turns":7.0},{"damage":2.0,"enemies":"4 Shapes","floor":46.0,"turns":6.0},{"damage":11.0,"enemies":"2 Orb Walkers","floor":48.0,"turns":4.0},{"damage":40.0,"enemies":"Time Eater","floor":50.0,"turns":11.0},{"damage":8.0,"enemies":"Awakened One","floor":51.0,"turns":12.0},{"damage":1,"enemies":"Shield and Spear","floor":55,"turns":6},{"damage":20,"enemies":"The Heart","floor":56,"turns":9}],"seed_played":"9022584757503005054","potions_obtained":[{"floor":5.0,"key":"Block Potion"},{"floor":8.0,"key":"FearPotion"},{"floor":10.0,"key":"EntropicBrew"},{"floor":14.0,"key":"Fruit Juice"},{"floor":19.0,"key":"Strength Potion"},{"floor":27.0,"key":"Fire Potion"},{"floor":29.0,"key":"CunningPotion"},{"floor":31.0,"key":"BlessingOfTheForge"},{"floor":35.0,"key":"Ancient Potion"},{"floor":38.0,"key":"AttackPotion"},{"floor":42.0,"key":"Energy Potion"},{"floor":55,"key":"GamblersBrew"}],"is_trial":false,"path_per_floor":["M","?","?","?","M","E","R","E","T","M","T","?","R","M","R","B",null,"M","M","?","$","M","R","E","?","T","E","?","M","$","E","R","B",null,"M","?","M","?","$","$","M","E","T","?","R","M","R","?","R","B","B",null,"R","$","E","B",null],"character_chosen":"THE_SILENT","items_purchased":["Apotheosis","Cloak And Dagger","Dagger Spray","Membership Card","Nunchaku","Footwork","Well Laid Plans","Orrery","Adrenaline","Footwork","Blind"],"campfire_rested":4,"item_purchase_floors":[21,21,21,30,30,30,39,40,54,54,54],"current_hp_per_floor":[59,59,48,48,48,48,48,14,14,14,14,14,32,26,26,3,50,38,28,28,28,27,46,29,29,29,19,19,19,19,7,26,15,53,53,53,53,40,40,40,40,40,40,40,40,38,38,27,46,6,32,57,57,57,56,36],"gold":56,"neow_bonus":"THREE_ENEMY_KILL","is_prod":false,"is_daily":false,"chose_seed":false,"campfire_upgraded":2,"win_rate":0,"timestamp":1611205173,"path_taken":["M","?","?","?","M","E","R","E","T","?","?","?","R","M","R","BOSS","M","M","?","$","M","R","E","?","T","E","?","?","$","E","R","BOSS","M","?","M","?","?","$","M","E","T","?","R","M","R","?","R","BOSS","BOSS","R","$","E","BOSS"],"build_version":"2020-12-18","purchased_purges":3,"victory":true,"max_hp_per_floor":[66,66,66,66,66,66,66,66,66,66,66,60,60,60,60,65,65,65,65,65,65,65,65,65,65,65,65,65,65,65,65,65,65,65,65,65,65,65,65,65,65,65,65,65,65,65,65,65,65,65,65,65,65,65,65,65],"relic_stats":{"Happy Flower":[42],"counters":[26,135],"Golden Idol":189,"Pen Nib":[42],"Orichalcum":[6],"Cursed Key":1,"Mercury Hourglass":[48],"Nunchaku":[32],"Lizard Tail":32,"Shovel":2,"Mummified Hand":[115],"Bronze Scales":[273],"Art of War":[12],"obtain_stats":[{"NeowsBlessing":0,"Happy Flower":9,"Golden Idol":12,"Vajra":6,"Thread and Needle":55,"Pen Nib":8,"Incense Burner":38,"Orichalcum":31,"Cursed Key":17,"Mercury Hourglass":53,"Anchor":24,"Nunchaku":30,"Lizard Tail":47,"Shovel":27,"Mummified Hand":11,"Bronze Scales":42,"Orrery":40,"Fusion Hammer":34,"Art of War":25,"Membership Card":30,"Unceasing Top":48,"Ring of the Snake":0},{"NeowsBlessing":0,"Happy Flower":4,"Golden Idol":5,"Vajra":3,"Thread and Needle":25,"Pen Nib":4,"Incense Burner":18,"Orichalcum":14,"Cursed Key":7,"Mercury Hourglass":24,"Anchor":11,"Nunchaku":13,"Lizard Tail":21,"Shovel":12,"Mummified Hand":5,"Bronze Scales":20,"Orrery":18,"Fusion Hammer":15,"Art of War":11,"Membership Card":13,"Unceasing Top":22,"Ring of the Snake":0},{"NeowsBlessing":0,"Happy Flower":8,"Golden Idol":11,"Vajra":3,"Thread and Needle":126,"Pen Nib":8,"Incense Burner":74,"Orichalcum":49,"Cursed Key":22,"Mercury Hourglass":120,"Anchor":38,"Nunchaku":44,"Lizard Tail":93,"Shovel":42,"Mummified Hand":11,"Bronze Scales":87,"Orrery":74,"Fusion Hammer":58,"Art of War":38,"Membership Card":44,"Unceasing Top":97,"Ring of the Snake":0}],"Unceasing Top":[9],"Ring of the Snake":[52]},"card_choices":[{"not_picked":["Backflip","Tactician"],"picked":"Quick Slash","floor":1.0},{"not_picked":["Outmaneuver","Sucker Punch"],"picked":"Reflex","floor":5.0},{"not_picked":["Escape Plan","Bane"],"picked":"A Thousand Cuts","floor":6.0},{"not_picked":["Masterful Stab","Quick Slash"],"picked":"Noxious Fumes","floor":8.0},{"not_picked":["Dash","Footwork"],"picked":"Blade Dance","floor":10.0},{"not_picked":["Setup","Poisoned Stab","Prepared"],"picked":"SKIP","floor":14.0},{"not_picked":["Storm of Steel","Tools of the Trade"],"picked":"A Thousand Cuts","floor":16.0},{"not_picked":["All Out Attack","Terror"],"picked":"Backflip+1","floor":18.0},{"not_picked":["Flying Knee","Eviscerate","Distraction"],"picked":"SKIP","floor":19.0},{"not_picked":["Outmaneuver","Predator+1","Quick Slash"],"picked":"SKIP","floor":22.0},{"not_picked":["Dagger Spray","Outmaneuver"],"picked":"After Image","floor":24.0},{"not_picked":["Slice","Bane"],"picked":"Dash","floor":27.0},{"not_picked":["Sucker Punch","Dagger Throw","Slice"],"picked":"SKIP","floor":29.0},{"not_picked":["Quick Slash","Poisoned Stab","Prepared"],"picked":"SKIP","floor":31.0},{"not_picked":["Die Die Die","Tools of the Trade"],"picked":"After Image","floor":33.0},{"not_picked":["Sucker Punch","Bane","Caltrops"],"picked":"SKIP","floor":35.0},{"not_picked":["Calculated Gamble","Expertise"],"picked":"Blade Dance+1","floor":37.0},{"not_picked":["Acrobatics","Flechettes"],"picked":"Tools of the Trade","floor":40.0},{"not_picked":["Masterful Stab","Poisoned Stab"],"picked":"PiercingWail","floor":40.0},{"not_picked":["Sucker Punch","Underhanded Strike"],"picked":"Cloak And Dagger+1","floor":40.0},{"not_picked":["All Out Attack","Concentrate"],"picked":"Acrobatics","floor":40.0},{"not_picked":["Finisher+1","Well Laid Plans+1"],"picked":"Acrobatics","floor":41.0},{"not_picked":["Dagger Throw","Catalyst"],"picked":"Cloak And Dagger","floor":42.0},{"not_picked":["Reflex","Distraction"],"picked":"Finisher+1","floor":46.0},{"not_picked":["Dagger Throw+1","Dagger Spray"],"picked":"Deflect","floor":48.0},{"not_picked":["Prepared","Dagger Spray","Doppelganger"],"picked":"SKIP","floor":55}],"player_experience":3127734,"relics_obtained":[{"floor":6.0,"key":"Vajra"},{"floor":8.0,"key":"Pen Nib"},{"floor":9.0,"key":"Happy Flower"},{"floor":11.0,"key":"Mummified Hand"},{"floor":24.0,"key":"Anchor"},{"floor":27.0,"key":"Shovel"},{"floor":31.0,"key":"Orichalcum"},{"floor":38.0,"key":"Incense Burner"},{"floor":42.0,"key":"Bronze Scales"},{"floor":47.0,"key":"Lizard Tail"},{"floor":48.0,"key":"Unceasing Top"},{"floor":53.0,"key":"Mercury Hourglass"},{"floor":55,"key":"Thread and Needle"}],"event_choices":[{"damage_healed":0.0,"max_hp_gain":0.0,"max_hp_loss":0.0,"gold_gain":0.0,"event_name":"The Cleric","player_choice":"Leave","floor":2.0,"gold_loss":0.0,"damage_taken":0.0},{"damage_healed":0.0,"max_hp_gain":0.0,"max_hp_loss":0.0,"gold_gain":75.0,"event_name":"World of Goop","player_choice":"Gather Gold","floor":3.0,"gold_loss":0.0,"damage_taken":11.0},{"damage_healed":0.0,"max_hp_gain":0.0,"max_hp_loss":0.0,"gold_gain":0.0,"event_name":"Upgrade Shrine","player_choice":"Upgraded","floor":4.0,"gold_loss":0.0,"damage_taken":0.0,"cards_upgraded":["Quick Slash"]},{"damage_healed":0.0,"max_hp_gain":0.0,"max_hp_loss":6.0,"gold_gain":0.0,"event_name":"Golden Idol","player_choice":"Lose Max HP","floor":12.0,"gold_loss":0.0,"damage_taken":0.0,"relics_obtained":["Golden Idol"]},{"damage_healed":0.0,"max_hp_gain":0.0,"max_hp_loss":0.0,"gold_gain":0.0,"cards_transformed":["Strike_G","Strike_G"],"event_name":"Drug Dealer","player_choice":"Became Test Subject","floor":20.0,"gold_loss":0.0,"damage_taken":0.0,"cards_obtained":["Die Die Die","Deflect"]},{"damage_healed":0.0,"max_hp_gain":0.0,"max_hp_loss":0.0,"gold_gain":0.0,"event_name":"Addict","player_choice":"Obtained Relic","floor":25.0,"gold_loss":85.0,"damage_taken":0.0,"relics_obtained":["Art of War"]},{"damage_healed":0.0,"max_hp_gain":0.0,"max_hp_loss":0.0,"gold_gain":275.0,"event_name":"Golden Shrine","player_choice":"Desecrate","floor":28.0,"gold_loss":0.0,"damage_taken":0.0,"cards_obtained":["Regret"]},{"damage_healed":0.0,"max_hp_gain":0.0,"max_hp_loss":0.0,"gold_gain":0.0,"event_name":"Tomb of Lord Red Mask","player_choice":"Ignored","floor":36.0,"gold_loss":0.0,"damage_taken":0.0},{"damage_healed":0.0,"max_hp_gain":0.0,"max_hp_loss":0.0,"gold_gain":0.0,"event_name":"MindBloom","player_choice":"Fight","floor":38.0,"gold_loss":0.0,"damage_taken":0.0},{"cards_removed":["Strike_G"],"damage_healed":0.0,"max_hp_gain":0.0,"max_hp_loss":0.0,"gold_gain":0.0,"event_name":"Falling","player_choice":"Removed Attack","floor":44.0,"gold_loss":0.0,"damage_taken":0.0},{"damage_healed":0.0,"max_hp_gain":0.0,"max_hp_loss":0.0,"gold_gain":0.0,"event_name":"Mysterious Sphere","player_choice":"Fight","floor":48.0,"gold_loss":0.0,"damage_taken":0.0}],"is_beta":true,"boss_relics":[{"not_picked":["Runic Pyramid","Ectoplasm"],"picked":"Cursed Key"},{"not_picked":["Runic Dome","HoveringKite"],"picked":"Fusion Hammer"}],"items_purged_floors":[21,30,39],"is_endless":false,"potions_floor_spawned":[5,8,10,14,19,27,29,31,35,38,42,55],"ascension_level":20}