{"gold_per_floor":[116,128,148,148,158,158,193,213,288,47,64,96,96,111,111,188,188,205,205,205,215,215,130,144,144,144,162,194,194,222,233,233,305,305,320,33,43,43,56,56,86,86,157,157,192,192,192,220,220,220],"floor_reached":50,"playtime":10111,"items_purged":["Caltrops"],"score":1510,"play_id":"549acd6e-a1d3-408d-9002-45d413b9882e","local_time":"20210121201822","is_ascension_mode":true,"campfire_choices":[{"data":"Neutralize","floor":6.0,"key":"SMITH"},{"floor":13.0,"key":"REST"},{"data":"1","floor":15.0,"key":"LIFT"},{"floor":25.0,"key":"REST"},{"floor":29,"key":"REST"},{"floor":32,"key":"REST"},{"floor":40,"key":"REST"},{"floor":42,"key":"RECALL"},{"data":"Wraith Form v2","floor":44,"key":"SMITH"},{"data":"Footwork","floor":47,"key":"SMITH"},{"floor":49,"key":"REST"}],"neow_cost":"NONE","seed_source_timestamp":662486471706600,"circlet_count":0,"master_deck":["AscendersBane","Survivor","Neutralize+1","Heel Hook","Sucker Punch","Flying Knee","Die Die Die","Tactician+1","Backflip+1","Underhanded Strike","Phantasmal Killer+1","Acrobatics+1","Corpse Explosion+1","Blade Dance+1","Backflip+1","Cloak And Dagger+1","Prepared+1","Eviscerate","Wraith Form v2+1","Concentrate+1","Burst+1","Burst+1","Bouncing Flask+1","Burst+1","Leg Sweep+1","Masterful Stab","Tools of the Trade","Backstab","Calculated Gamble+1","PiercingWail+1","Footwork+1","Flash of Steel","Cloak And Dagger+1","Dodge and Roll+1","Noxious Fumes","Pain","Leg Sweep+1"],"special_seed":0,"relics":["Ring of the Snake","Toxic Egg 2","Girya","Kunai","Sling","Smiling Mask","Runic Dome","Pear","Boot","TungstenRod","Snake Skull","Bag of Marbles","Pandora\u0027s Box","Mummified Hand","Meat on the Bone","WarpedTongs","Lantern"],"potions_floor_usage":[31,33,39,45,50],"damage_taken":[{"damage":1.0,"enemies":"Cultist","floor":1.0,"turns":4.0},{"damage":0.0,"enemies":"2 Louse","floor":2.0,"turns":4.0},{"damage":0.0,"enemies":"Jaw Worm","floor":3.0,"turns":4.0},{"damage":5.0,"enemies":"Large Slime","floor":5.0,"turns":5.0},{"damage":43.0,"enemies":"Lagavulin","floor":7.0,"turns":9.0},{"damage":0.0,"enemies":"Looter","floor":8.0,"turns":3.0},{"damage":2.0,"enemies":"Exordium Thugs","floor":11.0,"turns":3.0},{"damage":0.0,"enemies":"Gremlin Nob","floor":12.0,"turns":3.0},{"damage":5.0,"enemies":"Red Slaver","floor":14.0,"turns":2.0},{"damage":0.0,"enemies":"Hexaghost","floor":16.0,"turns":7.0},{"damage":7.0,"enemies":"Chosen","floor":18.0,"turns":5.0},{"damage":11.0,"enemies":"2 Thieves","floor":21.0,"turns":3.0},{"damage":22.0,"enemies":"Shelled Parasite and Fungi","floor":24.0,"turns":3.0},{"damage":10.0,"enemies":"Centurion and Healer","floor":27.0,"turns":6.0},{"damage":5,"enemies":"Book of Stabbing","floor":28,"turns":5},{"damage":0,"enemies":"Slavers","floor":30,"turns":1},{"damage":0,"enemies":"Cultist and Chosen","floor":31,"turns":4},{"damage":59,"enemies":"Collector","floor":33,"turns":10},{"damage":7,"enemies":"3 Darklings","floor":35,"turns":3},{"damage":0,"enemies":"3 Shapes","floor":37,"turns":4},{"damage":23,"enemies":"Spire Growth","floor":39,"turns":4},{"damage":5,"enemies":"Giant Head","floor":41,"turns":5},{"damage":0,"enemies":"Reptomancer","floor":45,"turns":4},{"damage":0,"enemies":"Nemesis","floor":48,"turns":4},{"damage":96,"enemies":"Time Eater","floor":50,"turns":14}],"seed_played":"5438610160732227362","potions_obtained":[{"floor":1.0,"key":"Weak Potion"},{"floor":3.0,"key":"BlessingOfTheForge"},{"floor":5.0,"key":"CunningPotion"},{"floor":11.0,"key":"SkillPotion"},{"floor":12.0,"key":"Poison Potion"},{"floor":27.0,"key":"Fire Potion"},{"floor":28,"key":"Explosive Potion"},{"floor":31,"key":"CunningPotion"},{"floor":33,"key":"Fruit Juice"},{"floor":39,"key":"GhostInAJar"},{"floor":41,"key":"DuplicationPotion"}],"is_trial":false,"path_per_floor":["M","M","M","?","M","R","E","M","T","$","M","E","R","M","R","B",null,"M","?","?","M","T","?","M","R","T","M","E","R","E","M","R","B",null,"M","$","M","?","M","R","E","R","T","R","E","?","R","E","R","B"],"character_chosen":"THE_SILENT","items_purchased":["Sling","DistilledChaos","PiercingWail+1","Footwork","Flash of Steel"],"campfire_rested":6,"item_purchase_floors":[10,10,36,36,36],"current_hp_per_floor":[58,58,58,53,48,48,5,5,5,5,3,3,22,17,17,17,54,47,29,29,18,28,28,6,30,30,20,15,39,39,39,63,4,62,55,55,55,55,37,62,57,57,57,57,57,57,57,57,82,0],"gold":220,"neow_bonus":"TRANSFORM_CARD","is_prod":false,"is_daily":false,"chose_seed":false,"campfire_upgraded":3,"win_rate":0,"timestamp":1611289102,"path_taken":["M","M","?","?","M","R","E","M","T","$","M","E","R","M","R","BOSS","M","?","?","?","?","?","M","R","T","M","E","R","E","M","R","BOSS","M","$","M","?","M","R","E","R","T","R","E","?","R","E","R","BOSS"],"build_version":"2020-12-18","purchased_purges":1,"victory":false,"max_hp_per_floor":[66,66,66,66,66,66,66,66,66,66,66,66,66,66,66,66,66,66,71,71,71,81,81,81,81,81,81,81,81,81,81,81,81,81,81,81,81,81,86,86,86,86,86,86,86,86,86,86,86,86],"relic_stats":{"counters":[25,119],"Mummified Hand":[12],"Pandora\u0027s Box":["Caltrops","Burst","Bouncing Flask","Burst","Leg Sweep","Masterful Stab","Tools of the Trade","Caltrops","Backstab"],"Snake Skull":[51],"Kunai":[58],"Smiling Mask":25,"Boot":[61],"obtain_stats":[{"Girya":7,"Lantern":48,"Pear":22,"Snake Skull":28,"Sling":10,"Smiling Mask":12,"Boot":23,"WarpedTongs":46,"Runic Dome":17,"Mummified Hand":41,"Pandora\u0027s Box":34,"Bag of Marbles":30,"Kunai":9,"Toxic Egg 2":4,"TungstenRod":26,"Ring of the Snake":0,"Meat on the Bone":45},{"Girya":5,"Lantern":24,"Pear":12,"Snake Skull":15,"Sling":6,"Smiling Mask":8,"Boot":12,"WarpedTongs":23,"Runic Dome":10,"Mummified Hand":22,"Pandora\u0027s Box":18,"Bag of Marbles":16,"Kunai":6,"Toxic Egg 2":3,"TungstenRod":13,"Ring of the Snake":0,"Meat on the Bone":23},{"Girya":26,"Lantern":105,"Pear":52,"Snake Skull":66,"Sling":29,"Smiling Mask":35,"Boot":52,"WarpedTongs":101,"Runic Dome":44,"Mummified Hand":97,"Pandora\u0027s Box":81,"Bag of Marbles":67,"Kunai":29,"Toxic Egg 2":12,"TungstenRod":55,"Ring of the Snake":0,"Meat on the Bone":101}],"TungstenRod":29,"Ring of the Snake":[50],"Meat on the Bone":0,"WarpedTongs":[11]},"card_choices":[{"not_picked":["Bouncing Flask","Bane"],"picked":"Sucker Punch","floor":1.0},{"not_picked":["Backflip","Footwork"],"picked":"Flying Knee","floor":2.0},{"not_picked":["Slice","Choke"],"picked":"Die Die Die","floor":3.0},{"not_picked":["Flying Knee","Sucker Punch"],"picked":"Tactician+1","floor":5.0},{"not_picked":["Endless Agony","Poisoned Stab"],"picked":"Backflip+1","floor":7.0},{"not_picked":["Footwork","Dodge and Roll+1"],"picked":"Underhanded Strike","floor":8.0},{"not_picked":["Flechettes","Slice","Catalyst+1"],"picked":"SKIP","floor":11.0},{"not_picked":["Cloak And Dagger+1","Prepared+1"],"picked":"Phantasmal Killer+1","floor":12.0},{"not_picked":["Riddle With Holes","Sucker Punch"],"picked":"Acrobatics+1","floor":14.0},{"not_picked":["Glass Knife","Wraith Form v2"],"picked":"Corpse Explosion+1","floor":16.0},{"not_picked":["Predator+1","Dodge and Roll+1"],"picked":"Blade Dance+1","floor":18.0},{"not_picked":["Well Laid Plans","Bane"],"picked":"Backflip+1","floor":21.0},{"not_picked":["Blade Dance+1","Backstab"],"picked":"Cloak And Dagger+1","floor":24.0},{"not_picked":["Poisoned Stab","Predator+1"],"picked":"Prepared+1","floor":27.0},{"not_picked":["Bouncing Flask+1","Setup+1"],"picked":"Eviscerate","floor":28},{"not_picked":["Sucker Punch","Endless Agony"],"picked":"Wraith Form v2","floor":30},{"not_picked":["PiercingWail+1","Bane"],"picked":"Concentrate+1","floor":31},{"not_picked":["Corpse Explosion+1","Die Die Die"],"picked":"Burst+1","floor":33},{"not_picked":["Dagger Spray","Backflip+1"],"picked":"Calculated Gamble+1","floor":35},{"not_picked":["Flechettes","Quick Slash","Sucker Punch"],"picked":"SKIP","floor":37},{"not_picked":["Slice+1","Tactician+1"],"picked":"Cloak And Dagger+1","floor":39},{"not_picked":["Night Terror+1","Cloak And Dagger+1"],"picked":"Dodge and Roll+1","floor":41},{"not_picked":["A Thousand Cuts","Setup+1"],"picked":"Noxious Fumes","floor":45},{"not_picked":["Prepared+1","Slice"],"picked":"Leg Sweep+1","floor":48}],"player_experience":3136652,"relics_obtained":[{"floor":7.0,"key":"Girya"},{"floor":9.0,"key":"Kunai"},{"floor":12.0,"key":"Smiling Mask"},{"floor":22.0,"key":"Pear"},{"floor":26.0,"key":"TungstenRod"},{"floor":28,"key":"Snake Skull"},{"floor":30,"key":"Bag of Marbles"},{"floor":41,"key":"Mummified Hand"},{"floor":45,"key":"Meat on the Bone"},{"floor":48,"key":"Lantern"}],"event_choices":[{"damage_healed":0.0,"max_hp_gain":0.0,"max_hp_loss":0.0,"gold_gain":0.0,"event_name":"Scrap Ooze","player_choice":"Success","floor":4.0,"gold_loss":0.0,"damage_taken":5.0,"relics_obtained":["Toxic Egg 2"]},{"damage_healed":0.0,"max_hp_gain":5.0,"max_hp_loss":0.0,"gold_gain":0.0,"event_name":"Forgotten Altar","player_choice":"Shed Blood","floor":19.0,"gold_loss":0.0,"damage_taken":23.0},{"damage_healed":0.0,"max_hp_gain":0.0,"max_hp_loss":0.0,"gold_gain":0.0,"event_name":"Match and Keep!","player_choice":"0 cards matched","floor":20.0,"gold_loss":0.0,"damage_taken":0.0,"cards_obtained":[]},{"damage_healed":0.0,"max_hp_gain":0.0,"max_hp_loss":0.0,"gold_gain":0.0,"event_name":"Addict","player_choice":"Obtained Relic","floor":23.0,"gold_loss":85.0,"damage_taken":0.0,"relics_obtained":["Boot"]},{"cards_removed":["Caltrops"],"damage_healed":0,"gold_gain":0,"player_choice":"Removed Power","damage_taken":0,"max_hp_gain":0,"max_hp_loss":0,"event_name":"Falling","floor":38,"gold_loss":0},{"damage_healed":0,"gold_gain":0,"player_choice":"Rummage","damage_taken":0,"relics_obtained":["WarpedTongs"],"max_hp_gain":0,"max_hp_loss":0,"event_name":"Accursed Blacksmith","floor":46,"gold_loss":0,"cards_obtained":["Pain"]}],"is_beta":true,"boss_relics":[{"not_picked":["Tiny House","Sozu"],"picked":"Runic Dome"},{"not_picked":["Snecko Eye","Calling Bell"],"picked":"Pandora\u0027s Box"}],"items_purged_floors":[36],"is_endless":false,"potions_floor_spawned":[1,3,5,11,12,27,28,31,33,39,41],"killed_by":"Time Eater","ascension_level":20}