{"gold_per_floor":[119,119,21,34,34,34,49,83,158,158,183,256,256,156,156,228,228,198,37,37,37,47,97,130,130,130,130,130,130,21,38,38,115,115,133,3,14,39,55,85,85,85,109,142,142,142,177,193,193,193,193,193,193,51,82,82],"floor_reached":56,"playtime":4847,"items_purged":["Strike_G","Strike_G"],"score":1915,"play_id":"941b4a7d-8872-4132-a24d-756de172b222","local_time":"20210129213523","is_ascension_mode":true,"campfire_choices":[{"data":"Underhanded Strike","floor":6,"key":"SMITH"},{"data":"Dagger Throw","floor":10,"key":"SMITH"},{"data":"Deadly Poison","floor":13,"key":"SMITH"},{"data":"Dagger Throw","floor":15,"key":"SMITH"},{"data":"Predator","floor":25,"key":"SMITH"},{"floor":27,"key":"REST"},{"data":"Malaise","floor":29,"key":"SMITH"},{"floor":32,"key":"REST"},{"floor":41,"key":"RECALL"},{"data":"Calculated Gamble","floor":45,"key":"SMITH"},{"floor":49,"key":"REST"},{"data":"Neutralize","floor":53,"key":"SMITH"}],"neow_cost":"NONE","seed_source_timestamp":1363617321039800,"circlet_count":0,"master_deck":["AscendersBane","Strike_G+1","Defend_G","Defend_G","Defend_G","Defend_G+1","Defend_G","Survivor","Neutralize+1","Underhanded Strike+1","Footwork+1","Blur","Deadly Poison+1","Dagger Throw+1","Dodge and Roll","Dagger Throw+1","Malaise+1","Backflip","Backflip+1","Predator+1","Deadly Poison","Distraction","Adrenaline","Phantasmal Killer","PiercingWail","Underhanded Strike+1","Regret","Calculated Gamble+1","Footwork","PiercingWail"],"special_seed":0,"relics":["Runic Dome","Juzu Bracelet","StrikeDummy","Odd Mushroom","Runic Pyramid","Omamori","Ancient Tea Set","Necronomicon","Ginger","Question Card","Cursed Key","Tough Bandages","Matryoshka","Blood Vial","CaptainsWheel","Mango","Tingsha"],"potions_floor_usage":[8,8,8,11,16,21,24,39,40,51,55,56],"damage_taken":[{"damage":0.0,"enemies":"Jaw Worm","floor":1.0,"turns":7.0},{"damage":0,"enemies":"2 Louse","floor":4,"turns":3},{"damage":1,"enemies":"Cultist","floor":7,"turns":5},{"damage":10,"enemies":"Lagavulin","floor":8,"turns":6},{"damage":11,"enemies":"The Mushroom Lair","floor":11,"turns":3},{"damage":18,"enemies":"Hexaghost","floor":16,"turns":12},{"damage":13,"enemies":"2 Thieves","floor":18,"turns":4},{"damage":0,"enemies":"Chosen","floor":22,"turns":4},{"damage":16,"enemies":"Book of Stabbing","floor":24,"turns":6},{"damage":14,"enemies":"Snake Plant","floor":31,"turns":3},{"damage":26,"enemies":"Collector","floor":33,"turns":8},{"damage":3,"enemies":"3 Darklings","floor":35,"turns":3},{"damage":0,"enemies":"3 Shapes","floor":37,"turns":5},{"damage":0,"enemies":"Mind Bloom Boss Battle","floor":38,"turns":5},{"damage":3,"enemies":"3 Darklings","floor":39,"turns":4},{"damage":17,"enemies":"Reptomancer","floor":40,"turns":7},{"damage":0,"enemies":"Giant Head","floor":44,"turns":6},{"damage":13,"enemies":"Reptomancer","floor":47,"turns":5},{"damage":0,"enemies":"4 Shapes","floor":48,"turns":5},{"damage":49,"enemies":"Time Eater","floor":50,"turns":14},{"damage":14,"enemies":"Donu and Deca","floor":51,"turns":8},{"damage":24,"enemies":"Shield and Spear","floor":55,"turns":7},{"damage":50,"enemies":"The Heart","floor":56,"turns":11}],"seed_played":"-1439639636083962331","potions_obtained":[{"floor":1.0,"key":"GamblersBrew"},{"floor":4,"key":"EntropicBrew"},{"floor":11,"key":"Weak Potion"},{"floor":18,"key":"Fruit Juice"},{"floor":22,"key":"SneckoOil"},{"floor":33,"key":"SkillPotion"},{"floor":37,"key":"Energy Potion"},{"floor":44,"key":"Explosive Potion"},{"floor":48,"key":"Poison Potion"}],"is_trial":false,"path_per_floor":["M","?","$","M","?","R","M","E","T","R","?","?","R","$","R","B",null,"M","$","?","?","M","?","E","R","T","R","?","R","?","M","R","B",null,"M","$","M","?","M","E","R","?","T","E","R","?","E","M","R","B","B",null,"R","$","E","B"],"character_chosen":"THE_SILENT","items_purchased":["Strength Potion","Footwork","Dagger Throw","Omamori","PiercingWail","Footwork","SkillPotion"],"campfire_rested":3,"item_purchase_floors":[3,3,14,19,36,54,54],"current_hp_per_floor":[59,39,39,39,44,44,43,33,33,33,22,22,22,22,22,4,54,41,41,41,25,25,25,9,9,9,31,31,31,31,17,39,13,60,57,57,57,57,54,37,37,37,37,39,39,39,42,44,69,22,10,67,67,67,45,0],"gold":82,"neow_bonus":"BOSS_RELIC","is_prod":false,"is_daily":false,"chose_seed":false,"campfire_upgraded":8,"win_rate":0,"timestamp":1611984923,"path_taken":["M","?","$","M","?","R","M","E","T","R","?","?","R","?","R","BOSS","M","$","?","?","M","?","E","R","T","R","?","R","?","M","R","BOSS","M","$","M","?","M","E","R","?","T","E","R","?","E","M","R","BOSS","BOSS","R","$","E","BOSS"],"build_version":"2020-12-18","purchased_purges":2,"victory":false,"max_hp_per_floor":[66,66,66,66,71,71,71,71,71,71,71,71,71,71,71,71,71,71,71,71,76,76,76,76,76,76,76,76,76,76,76,76,76,76,76,76,76,76,76,76,76,76,76,76,76,72,86,86,86,86,86,86,86,86,86,86],"relic_stats":{"Blood Vial":14,"Tough Bandages":[366],"counters":[23,141],"Tingsha":[78],"Juzu Bracelet":2,"Necronomicon":[55],"Ginger":[16],"Question Card":11,"Cursed Key":1,"obtain_stats":[{"Mango":47,"Tingsha":55,"Juzu Bracelet":8,"Omamori":19,"Ginger":26,"Odd Mushroom":11,"Ancient Tea Set":20,"Question Card":30,"Cursed Key":34,"Blood Vial":43,"Runic Dome":0,"Tough Bandages":38,"CaptainsWheel":44,"Matryoshka":40,"Necronomicon":21,"StrikeDummy":9,"Ring of the Snake":0,"Runic Pyramid":17},{"Mango":18,"Tingsha":22,"Juzu Bracelet":4,"Omamori":7,"Ginger":9,"Odd Mushroom":5,"Ancient Tea Set":7,"Question Card":9,"Cursed Key":11,"Blood Vial":16,"Runic Dome":0,"Tough Bandages":14,"CaptainsWheel":17,"Matryoshka":16,"Necronomicon":7,"StrikeDummy":4,"Ring of the Snake":0,"Runic Pyramid":6},{"Mango":96,"Tingsha":130,"Juzu Bracelet":21,"Omamori":40,"Ginger":50,"Odd Mushroom":24,"Ancient Tea Set":40,"Question Card":50,"Cursed Key":61,"Blood Vial":85,"Runic Dome":0,"Tough Bandages":74,"CaptainsWheel":91,"Matryoshka":85,"Necronomicon":40,"StrikeDummy":21,"Ring of the Snake":0,"Runic Pyramid":36}]},"card_choices":[{"not_picked":["Concentrate","Outmaneuver"],"picked":"Underhanded Strike","floor":1.0},{"not_picked":["Escape Plan","Outmaneuver"],"picked":"Blur","floor":4},{"not_picked":["Outmaneuver","Underhanded Strike"],"picked":"Deadly Poison","floor":7},{"not_picked":["Deadly Poison","Underhanded Strike"],"picked":"Dagger Throw","floor":8},{"not_picked":["Choke","Backflip"],"picked":"Dodge and Roll","floor":11},{"not_picked":["Glass Knife","Venomology"],"picked":"Malaise","floor":16},{"not_picked":["Deflect","Poisoned Stab"],"picked":"Backflip","floor":18},{"not_picked":["Outmaneuver","Skewer"],"picked":"Backflip+1","floor":22},{"not_picked":["Deadly Poison","Finisher"],"picked":"Predator","floor":24},{"not_picked":["Acrobatics","Underhanded Strike","Bane"],"picked":"Adrenaline","floor":31},{"not_picked":["After Image","Burst","A Thousand Cuts"],"picked":"Phantasmal Killer","floor":33},{"not_picked":["Sucker Punch","Prepared","Outmaneuver","Dagger Spray"],"picked":"SKIP","floor":35},{"not_picked":["Concentrate","Slice+1","Bouncing Flask","Backflip"],"picked":"SKIP","floor":37},{"not_picked":["Infinite Blades","Deflect","Prepared"],"picked":"Underhanded Strike+1","floor":38},{"not_picked":["Well Laid Plans","Bane","Poisoned Stab","Phantasmal Killer"],"picked":"SKIP","floor":39},{"not_picked":["Dagger Spray","Sucker Punch","Noxious Fumes","Dagger Throw"],"picked":"SKIP","floor":40},{"not_picked":["Prepared","Outmaneuver","Heel Hook"],"picked":"Calculated Gamble","floor":44},{"not_picked":["A Thousand Cuts","Dagger Throw","Well Laid Plans","Bane"],"picked":"SKIP","floor":47},{"not_picked":["Infinite Blades","Quick Slash","Slice","Sucker Punch"],"picked":"SKIP","floor":48},{"not_picked":["Dodge and Roll+1","Flechettes","Dash+1"],"picked":"PiercingWail","floor":55}],"player_experience":3203675,"relics_obtained":[{"floor":8,"key":"Juzu Bracelet"},{"floor":9,"key":"StrikeDummy"},{"floor":11,"key":"Odd Mushroom"},{"floor":21,"key":"Necronomicon"},{"floor":26,"key":"Ginger"},{"floor":38,"key":"Tough Bandages"},{"floor":40,"key":"Matryoshka"},{"floor":43,"key":"Blood Vial"},{"floor":44,"key":"CaptainsWheel"},{"floor":47,"key":"Mango"},{"floor":55,"key":"Tingsha"}],"event_choices":[{"damage_healed":0,"gold_gain":0,"player_choice":"Entered Light","damage_taken":20,"max_hp_gain":0,"max_hp_loss":0,"event_name":"Shining Light","floor":2,"gold_loss":0,"cards_upgraded":["Strike_G","Defend_G"]},{"damage_healed":0,"gold_gain":0,"player_choice":"Donut","damage_taken":0,"max_hp_gain":5,"max_hp_loss":0,"event_name":"Big Fish","floor":5,"gold_loss":0},{"damage_healed":0,"gold_gain":0,"player_choice":"Fought Mushrooms","damage_taken":0,"max_hp_gain":0,"max_hp_loss":0,"event_name":"Mushrooms","floor":11,"gold_loss":0},{"damage_healed":0,"gold_gain":73,"player_choice":"Gained Gold","damage_taken":0,"max_hp_gain":0,"max_hp_loss":0,"event_name":"Golden Wing","floor":12,"gold_loss":0},{"damage_healed":0,"gold_gain":0,"player_choice":"Stole Relic","damage_taken":0,"relics_obtained":["Ancient Tea Set"],"max_hp_gain":0,"max_hp_loss":0,"event_name":"Addict","floor":20,"gold_loss":0,"cards_obtained":["Shame"]},{"damage_healed":0,"gold_gain":0,"player_choice":"Obtained Book","damage_taken":21,"max_hp_gain":0,"max_hp_loss":0,"event_name":"Cursed Tome","floor":21,"gold_loss":0},{"damage_healed":0,"gold_gain":50,"player_choice":"Stole From Cult","damage_taken":0,"max_hp_gain":0,"max_hp_loss":0,"event_name":"Nest","floor":23,"gold_loss":0},{"damage_healed":0,"gold_gain":0,"cards_transformed":["Strike_G","Strike_G"],"player_choice":"Became Test Subject","damage_taken":0,"max_hp_gain":0,"max_hp_loss":0,"event_name":"Drug Dealer","floor":28,"gold_loss":0,"cards_obtained":["Deadly Poison","Distraction"]},{"damage_healed":0,"gold_gain":0,"player_choice":"Paid Gold","damage_taken":0,"relics_obtained":["Question Card"],"max_hp_gain":0,"max_hp_loss":0,"event_name":"WeMeetAgain","floor":30,"gold_loss":109},{"damage_healed":0,"gold_gain":0,"player_choice":"Fight","damage_taken":0,"max_hp_gain":0,"max_hp_loss":0,"event_name":"MindBloom","floor":38,"gold_loss":0},{"damage_healed":0,"gold_gain":0,"player_choice":"Forge","damage_taken":0,"max_hp_gain":0,"max_hp_loss":0,"event_name":"Accursed Blacksmith","floor":42,"gold_loss":0,"cards_upgraded":["Footwork"]},{"damage_healed":0,"gold_gain":0,"player_choice":"Max HP","damage_taken":0,"max_hp_gain":0,"max_hp_loss":4,"event_name":"Winding Halls","floor":46,"gold_loss":0}],"is_beta":true,"boss_relics":[{"not_picked":["Coffee Dripper","WristBlade"],"picked":"Runic Pyramid"},{"not_picked":["Calling Bell","Black Star"],"picked":"Cursed Key"}],"items_purged_floors":[14,36],"is_endless":false,"potions_floor_spawned":[1,4,11,18,22,33,37,44,48],"killed_by":"The Heart","ascension_level":20}