{"gold_per_floor":[109,126,176,8,27,27,54,54,81,95,128,142,142,152,152,152],"floor_reached":16,"playtime":3579,"items_purged":[],"score":224,"play_id":"70fd8cbd-81bb-41af-847b-fdda68ef0e7a","local_time":"20210124182551","is_ascension_mode":true,"campfire_choices":[{"data":"Dagger Spray","floor":6,"key":"SMITH"},{"floor":8,"key":"REST"},{"data":"Predator","floor":13,"key":"SMITH"},{"data":"Dash","floor":15,"key":"SMITH"}],"neow_cost":"TEN_PERCENT_HP_LOSS","seed_source_timestamp":921541991634400,"circlet_count":0,"master_deck":["AscendersBane","Strike_G","Strike_G","Strike_G","Strike_G","Strike_G","Defend_G","Defend_G","Defend_G","Defend_G","Defend_G","Survivor","Neutralize","Dash+1","Dagger Spray+1","Blade Dance","PiercingWail","Die Die Die","Predator+1","Leg Sweep"],"relics":["Ring of the Snake","Prayer Wheel","TwistedFunnel","Happy Flower","PreservedInsect","The Courier"],"potions_floor_usage":[7,16],"damage_taken":[{"damage":0,"enemies":"2 Louse","floor":1,"turns":4},{"damage":0,"enemies":"Cultist","floor":2,"turns":3},{"damage":0,"enemies":"Small Slimes","floor":5,"turns":2},{"damage":27,"enemies":"Lagavulin","floor":7,"turns":8},{"damage":0,"enemies":"Exordium Wildlife","floor":10,"turns":2},{"damage":2,"enemies":"3 Sentries","floor":11,"turns":3},{"damage":0,"enemies":"Blue Slaver","floor":12,"turns":2},{"damage":0,"enemies":"3 Louse","floor":14,"turns":2},{"damage":43,"enemies":"Slime Boss","floor":16,"turns":8}],"seed_played":"-7189447204917096939","potions_obtained":[{"floor":2,"key":"AttackPotion"},{"floor":5,"key":"SpeedPotion"}],"is_trial":false,"path_per_floor":["M","M","?","$","M","R","E","R","T","M","E","M","R","M","R","B"],"character_chosen":"THE_SILENT","items_purchased":["TwistedFunnel"],"campfire_rested":1,"item_purchase_floors":[4],"current_hp_per_floor":[59,59,53,53,53,53,26,44,44,44,42,42,42,42,42,0],"gold":152,"neow_bonus":"ONE_RARE_RELIC","is_prod":false,"is_daily":false,"chose_seed":false,"campfire_upgraded":3,"win_rate":0,"timestamp":1611541551,"path_taken":["M","M","?","$","M","R","E","R","T","?","E","M","R","M","R","BOSS"],"build_version":"2020-12-18","purchased_purges":0,"victory":false,"max_hp_per_floor":[60,60,60,60,60,60,60,60,60,60,60,60,60,60,60,60],"relic_stats":{"Happy Flower":[5],"counters":[9,34],"Prayer Wheel":6,"PreservedInsect":33,"obtain_stats":[{"TwistedFunnel":4,"Happy Flower":7,"Prayer Wheel":0,"PreservedInsect":9,"The Courier":11,"Ring of the Snake":0},{"TwistedFunnel":2,"Happy Flower":4,"Prayer Wheel":0,"PreservedInsect":4,"The Courier":6,"Ring of the Snake":0},{"TwistedFunnel":7,"Happy Flower":17,"Prayer Wheel":0,"PreservedInsect":17,"The Courier":22,"Ring of the Snake":0}],"Ring of the Snake":[18]},"card_choices":[{"not_picked":["Crippling Poison","Flying Knee"],"picked":"Dash","floor":1},{"not_picked":["Poisoned Stab","Slice"],"picked":"Dagger Spray","floor":1},{"not_picked":["Bane","Expertise"],"picked":"Blade Dance","floor":2},{"not_picked":["Setup","Quick Slash","Outmaneuver"],"picked":"SKIP","floor":2},{"not_picked":["Dodge and Roll","Skewer"],"picked":"PiercingWail","floor":5},{"not_picked":["Sucker Punch","Poisoned Stab"],"picked":"Die Die Die","floor":5},{"not_picked":["Quick Slash","Acrobatics","Blade Dance"],"picked":"SKIP","floor":7},{"not_picked":["Terror","Dodge and Roll"],"picked":"Predator","floor":10},{"not_picked":["Infinite Blades","Dagger Throw","Dagger Spray"],"picked":"SKIP","floor":10},{"not_picked":["All Out Attack","Outmaneuver","Blade Dance"],"picked":"SKIP","floor":11},{"not_picked":["Acrobatics","Die Die Die"],"picked":"Leg Sweep","floor":12},{"not_picked":["Backflip","Dagger Spray","Prepared"],"picked":"SKIP","floor":12},{"not_picked":["Tactician","Reflex","Setup"],"picked":"SKIP","floor":14},{"not_picked":["Endless Agony","Outmaneuver","Dagger Spray"],"picked":"SKIP","floor":14}],"player_experience":3160525,"relics_obtained":[{"floor":7,"key":"Happy Flower"},{"floor":9,"key":"PreservedInsect"},{"floor":11,"key":"The Courier"}],"event_choices":[{"damage_healed":0,"gold_gain":50,"player_choice":"Touch","damage_taken":6,"max_hp_gain":0,"max_hp_loss":0,"event_name":"FaceTrader","floor":3,"gold_loss":0}],"is_beta":true,"boss_relics":[],"items_purged_floors":[],"is_endless":false,"potions_floor_spawned":[2,5],"killed_by":"Slime Boss","ascension_level":20}