{"gold_per_floor":[113,127,127,140,9,9,43,43,70,111,130,143,143,162,162,252,252,265,289,289,72,97,133,133,156,181,181,215,215,340,283,283,372,372,391,169,187,211,53,86,86,129,129,129,154,168,212,212,212,212,212,212,212,1,44,44],"floor_reached":56,"playtime":5741,"items_purged":["Strike_G","Predator"],"score":2270,"play_id":"2aa0547a-99fd-4918-81c3-39c9c81ea02a","local_time":"20210123112026","is_ascension_mode":true,"campfire_choices":[{"data":"Predator","floor":6.0,"key":"SMITH"},{"data":"Dagger Spray","floor":8.0,"key":"SMITH"},{"data":"Caltrops","floor":15,"key":"SMITH"},{"floor":24,"key":"REST"},{"data":"Tactician","floor":27,"key":"SMITH"},{"floor":32,"key":"REST"},{"floor":41,"key":"RECALL"},{"floor":44,"key":"REST"},{"floor":49,"key":"REST"},{"floor":53,"key":"REST"}],"neow_cost":"NONE","seed_source_timestamp":807409950816300,"circlet_count":0,"master_deck":["AscendersBane","Survivor","Neutralize","Predator+1","Dagger Spray+1","Leg Sweep","Flying Knee","Finisher","Well Laid Plans","Acrobatics","Caltrops+1","Backstab","Backflip","Deflect","Dagger Spray","Malaise","Underhanded Strike","Burst","Distraction+1","PiercingWail","Tactician+1","Acrobatics","Escape Plan","Prepared","Adrenaline","Blade Dance+1","Backflip+1","Prepared","Escape Plan","Deflect+1","Tactician+1","Concentrate+1","PiercingWail+1","Wraith Form v2"],"special_seed":0,"relics":["Ring of the Snake","Bag of Marbles","Golden Idol","Bag of Preparation","Art of War","PreservedInsect","Pandora\u0027s Box","Strawberry","Shuriken","Happy Flower","Paper Crane","Unceasing Top","Letter Opener","Fusion Hammer","Orrery","DollysMirror","Mango","MealTicket","Gambling Chip","Toy Ornithopter"],"potions_floor_usage":[10,16,16,23,28,30,30,33,33,56,56,56,56],"damage_taken":[{"damage":0.0,"enemies":"2 Louse","floor":1.0,"turns":3.0},{"damage":0.0,"enemies":"Cultist","floor":2.0,"turns":2.0},{"damage":1.0,"enemies":"Small Slimes","floor":4.0,"turns":3.0},{"damage":26.0,"enemies":"Lagavulin","floor":7.0,"turns":9.0},{"damage":8,"enemies":"Gremlin Nob","floor":10,"turns":3},{"damage":0,"enemies":"2 Fungi Beasts","floor":11,"turns":2},{"damage":17,"enemies":"Exordium Thugs","floor":12,"turns":6},{"damage":0,"enemies":"Large Slime","floor":14,"turns":6},{"damage":1,"enemies":"Hexaghost","floor":16,"turns":9},{"damage":19,"enemies":"Spheric Guardian","floor":18,"turns":4},{"damage":1,"enemies":"3 Byrds","floor":19,"turns":2},{"damage":20,"enemies":"Cultist and Chosen","floor":22,"turns":9},{"damage":0,"enemies":"Gremlin Leader","floor":23,"turns":3},{"damage":1,"enemies":"Centurion and Healer","floor":25,"turns":3},{"damage":0,"enemies":"Slavers","floor":28,"turns":1},{"damage":0,"enemies":"Colosseum Slavers","floor":30,"turns":2},{"damage":1,"enemies":"Colosseum Nobs","floor":30,"turns":3},{"damage":4,"enemies":"Collector","floor":33,"turns":7},{"damage":0,"enemies":"3 Darklings","floor":35,"turns":2},{"damage":11,"enemies":"Orb Walker","floor":37,"turns":4},{"damage":0,"enemies":"Jaw Worm Horde","floor":38,"turns":1},{"damage":0,"enemies":"Giant Head","floor":40,"turns":3},{"damage":0,"enemies":"Reptomancer","floor":42,"turns":1},{"damage":0,"enemies":"Writhing Mass","floor":45,"turns":6},{"damage":0,"enemies":"Sphere and 2 Shapes","floor":46,"turns":3},{"damage":0,"enemies":"Nemesis","floor":47,"turns":3},{"damage":32,"enemies":"Donu and Deca","floor":50,"turns":7},{"damage":18,"enemies":"Awakened One","floor":51,"turns":9},{"damage":22,"enemies":"Shield and Spear","floor":55,"turns":7},{"damage":79,"enemies":"The Heart","floor":56,"turns":9}],"seed_played":"3383779569949031453","potions_obtained":[{"floor":1.0,"key":"GamblersBrew"},{"floor":2.0,"key":"GhostInAJar"},{"floor":7.0,"key":"LiquidMemories"},{"floor":14,"key":"LiquidBronze"},{"floor":16,"key":"Dexterity Potion"},{"floor":18,"key":"ColorlessPotion"},{"floor":22,"key":"DistilledChaos"},{"floor":23,"key":"EntropicBrew"},{"floor":30,"key":"Poison Potion"},{"floor":38,"key":"Ancient Potion"},{"floor":46,"key":"PowerPotion"}],"is_trial":false,"path_per_floor":["M","M","?","M","$","R","E","R","T","E","M","M","?","M","R","B",null,"M","M","?","$","M","E","R","M","T","R","E","$","?","$","R","B",null,"M","$","M","M","$","E","R","E","T","R","M","M","E","?","R","B","B",null,"R","$","E","B"],"character_chosen":"THE_SILENT","items_purchased":["Flying Knee","Strawberry","SteroidPotion","Prepared","Orrery","SteroidPotion","DollysMirror","EntropicBrew"],"campfire_rested":5,"item_purchase_floors":[5,21,21,31,36,36,39,54],"current_hp_per_floor":[59,59,59,58,58,58,32,32,32,24,24,7,7,7,7,6,47,28,27,27,34,14,14,34,33,33,33,33,33,32,32,52,48,62,62,62,51,51,51,65,65,65,65,81,81,81,81,81,81,49,31,69,81,81,59,0],"gold":44,"neow_bonus":"RANDOM_COMMON_RELIC","is_prod":false,"is_daily":false,"chose_seed":false,"campfire_upgraded":4,"win_rate":0,"timestamp":1611429626,"path_taken":["M","M","?","M","$","R","E","R","T","E","M","M","?","M","R","BOSS","M","M","?","$","M","E","R","M","T","R","E","?","?","$","R","BOSS","M","$","M","M","$","E","R","E","T","R","M","M","E","?","R","BOSS","BOSS","R","$","E","BOSS"],"build_version":"2020-12-18","purchased_purges":2,"victory":false,"max_hp_per_floor":[66,66,60,60,60,60,60,60,60,60,60,60,60,60,60,60,60,60,60,60,67,67,67,67,67,67,67,67,67,67,67,67,67,67,67,67,67,67,67,81,81,81,81,81,81,81,81,81,81,81,81,81,81,81,81,81],"relic_stats":{"Happy Flower":[22],"counters":[30,132],"Golden Idol":215,"PreservedInsect":444,"Bag of Preparation":[52],"Letter Opener":[661],"Shuriken":[62],"Gambling Chip":[9],"Pandora\u0027s Box":["Backstab","Backflip","Deflect","Accuracy","Predator","Dagger Spray","Malaise","Underhanded Strike","Burst"],"MealTicket":0,"Art of War":[12],"obtain_stats":[{"Happy Flower":26,"Golden Idol":3,"Mango":40,"PreservedInsect":10,"Bag of Preparation":7,"Letter Opener":30,"Paper Crane":28,"Shuriken":23,"DollysMirror":39,"Strawberry":21,"Gambling Chip":47,"Orrery":36,"Pandora\u0027s Box":17,"MealTicket":42,"Fusion Hammer":34,"Bag of Marbles":0,"Art of War":9,"Unceasing Top":30,"Toy Ornithopter":55,"Ring of the Snake":0},{"Happy Flower":14,"Golden Idol":2,"Mango":22,"PreservedInsect":5,"Bag of Preparation":4,"Letter Opener":17,"Paper Crane":15,"Shuriken":13,"DollysMirror":21,"Strawberry":11,"Gambling Chip":26,"Orrery":19,"Pandora\u0027s Box":9,"MealTicket":23,"Fusion Hammer":18,"Bag of Marbles":0,"Art of War":4,"Unceasing Top":17,"Toy Ornithopter":29,"Ring of the Snake":0},{"Happy Flower":64,"Golden Idol":5,"Mango":87,"PreservedInsect":20,"Bag of Preparation":17,"Letter Opener":70,"Paper Crane":65,"Shuriken":61,"DollysMirror":84,"Strawberry":49,"Gambling Chip":100,"Orrery":79,"Pandora\u0027s Box":43,"MealTicket":88,"Fusion Hammer":77,"Bag of Marbles":0,"Art of War":17,"Unceasing Top":70,"Toy Ornithopter":123,"Ring of the Snake":0}],"Unceasing Top":[28],"Toy Ornithopter":20,"Ring of the Snake":[60]},"card_choices":[{"not_picked":["Flechettes","Dagger Spray"],"picked":"Predator","floor":1.0},{"not_picked":["Slice","Blade Dance"],"picked":"Dagger Spray","floor":2.0},{"not_picked":["Acrobatics","Prepared"],"picked":"Leg Sweep","floor":4.0},{"not_picked":["Bane","Quick Slash","Prepared"],"picked":"SKIP","floor":7.0},{"not_picked":["Setup","Deadly Poison"],"picked":"Finisher","floor":10},{"not_picked":["Deflect","Riddle With Holes"],"picked":"Well Laid Plans","floor":11},{"not_picked":["Poisoned Stab","Underhanded Strike"],"picked":"Acrobatics","floor":12},{"not_picked":["Sucker Punch","Crippling Poison"],"picked":"Caltrops","floor":14},{"not_picked":["Outmaneuver","Prepared"],"picked":"Distraction+1","floor":18},{"not_picked":["Leg Sweep","Catalyst"],"picked":"PiercingWail","floor":19},{"not_picked":["Dodge and Roll","Deadly Poison","Masterful Stab"],"picked":"SKIP","floor":22},{"not_picked":["Predator","Doppelganger"],"picked":"Tactician","floor":23},{"not_picked":["Flechettes","Flying Knee","Sucker Punch+1"],"picked":"SKIP","floor":25},{"not_picked":["Infinite Blades","Flying Knee"],"picked":"Acrobatics","floor":28},{"not_picked":["Dodge and Roll","Noxious Fumes"],"picked":"Escape Plan","floor":30},{"not_picked":["Storm of Steel","Night Terror"],"picked":"Adrenaline","floor":33},{"not_picked":["Noxious Fumes","Backflip"],"picked":"Blade Dance+1","floor":35},{"not_picked":["Quick Slash","Backstab"],"picked":"Backflip+1","floor":36},{"not_picked":["Flechettes","Skewer"],"picked":"Prepared","floor":36},{"not_picked":["Cloak And Dagger","Bane"],"picked":"Escape Plan","floor":36},{"not_picked":["Poisoned Stab","Blur+1"],"picked":"Deflect+1","floor":37},{"not_picked":["Skewer","Slice"],"picked":"Adrenaline","floor":38},{"not_picked":["Outmaneuver","Footwork"],"picked":"Concentrate+1","floor":40},{"not_picked":["Dash","Prepared"],"picked":"PiercingWail+1","floor":42},{"not_picked":["Noxious Fumes","Unload","Sucker Punch"],"picked":"SKIP","floor":45},{"not_picked":["Deadly Poison","Bane","Prepared"],"picked":"SKIP","floor":46},{"not_picked":["Quick Slash+1","Calculated Gamble"],"picked":"Wraith Form v2","floor":47},{"not_picked":["Riddle With Holes","Dodge and Roll","Poisoned Stab"],"picked":"SKIP","floor":55}],"player_experience":3147573,"relics_obtained":[{"floor":7.0,"key":"Bag of Preparation"},{"floor":9.0,"key":"Art of War"},{"floor":10,"key":"PreservedInsect"},{"floor":23,"key":"Shuriken"},{"floor":26,"key":"Happy Flower"},{"floor":28,"key":"Paper Crane"},{"floor":30,"key":"Unceasing Top"},{"floor":30,"key":"Letter Opener"},{"floor":40,"key":"Mango"},{"floor":42,"key":"MealTicket"},{"floor":47,"key":"Gambling Chip"},{"floor":55,"key":"Toy Ornithopter"}],"event_choices":[{"damage_healed":0.0,"max_hp_gain":0.0,"max_hp_loss":6.0,"gold_gain":0.0,"event_name":"Golden Idol","player_choice":"Lose Max HP","floor":3.0,"gold_loss":0.0,"damage_taken":0.0,"relics_obtained":["Golden Idol"]},{"damage_healed":0,"gold_gain":0,"player_choice":"Fled","damage_taken":0,"max_hp_gain":0,"max_hp_loss":0,"event_name":"Scrap Ooze","floor":13,"gold_loss":0},{"cards_removed":["Accuracy"],"damage_healed":0,"gold_gain":0,"player_choice":"Card Removal","damage_taken":0,"max_hp_gain":0,"max_hp_loss":0,"event_name":"Wheel of Change","floor":20,"gold_loss":0},{"damage_healed":0,"gold_gain":0,"player_choice":"Fight","damage_taken":0,"max_hp_gain":0,"max_hp_loss":0,"event_name":"Colosseum","floor":30,"gold_loss":0},{"damage_healed":0,"gold_gain":0,"player_choice":"Fought Nobs","damage_taken":0,"max_hp_gain":0,"max_hp_loss":0,"event_name":"Colosseum","floor":30,"gold_loss":0},{"cards_removed":["Adrenaline"],"damage_healed":0,"gold_gain":0,"player_choice":"Removed Skill","damage_taken":0,"max_hp_gain":0,"max_hp_loss":0,"event_name":"Falling","floor":48,"gold_loss":0}],"is_beta":true,"boss_relics":[{"not_picked":["Cursed Key","Busted Crown"],"picked":"Pandora\u0027s Box"},{"not_picked":["SacredBark","Tiny House"],"picked":"Fusion Hammer"}],"items_purged_floors":[5,54],"is_endless":false,"potions_floor_spawned":[1,2,7,14,16,18,22,23,25,30,38,42,46,47],"killed_by":"The Heart","ascension_level":20}