{"gold_per_floor":[362,362,13,32,32,48,48,48,126,149,184,199,239,253,253,349,349,362,9,24,24,43,43,43,43,43,43,43,43,68,68,68,158,158,178,178,238,258,258,302,326,326,349,393,409,423,467,32,32,32,32],"floor_reached":51,"playtime":4402,"items_purged":["Regret","Strike_G"],"score":1415,"play_id":"e7fd2622-825f-483d-8c06-ef308792f41b","local_time":"20210127230119","is_ascension_mode":true,"campfire_choices":[{"data":"Terror","floor":7,"key":"SMITH"},{"floor":15,"key":"REST"},{"data":"Apotheosis","floor":23,"key":"SMITH"},{"data":"Ghostly","floor":25,"key":"SMITH"},{"data":"Ghostly","floor":29,"key":"SMITH"},{"floor":32,"key":"REST"},{"floor":42,"key":"RECALL"},{"data":"Tactician","floor":49,"key":"SMITH"}],"neow_cost":"CURSE","seed_source_timestamp":1196443508990600,"circlet_count":0,"master_deck":["AscendersBane","Strike_G","Strike_G","Defend_G","Defend_G","Defend_G","Defend_G","Defend_G","Survivor","Neutralize","Cloak And Dagger","Poisoned Stab","Poisoned Stab","Terror+1","Poisoned Stab","Dagger Throw","Bouncing Flask","Wraith Form v2","Blade Dance","Apotheosis+1","Ghostly+1","Ghostly","Ghostly+1","Calculated Gamble","Grand Finale","Backflip","Wraith Form v2","PiercingWail","Leg Sweep","Noxious Fumes+1","Tactician+1"],"relics":["Ring of the Snake","Golden Idol","Matryoshka","Strawberry","Paper Crane","Bird Faced Urn","Shuriken","Runic Pyramid","Medical Kit","Toy Ornithopter","White Beast Statue","NlothsMask","SacredBark","Ginger","Boot","Ice Cream","Bag of Marbles","Pantograph","Nunchaku","Orrery"],"potions_floor_usage":[13,16,20,22,33,35,37,44,45,46,47,50,50],"damage_taken":[{"damage":7,"enemies":"Jaw Worm","floor":1,"turns":9},{"damage":6,"enemies":"Small Slimes","floor":4,"turns":4},{"damage":0,"enemies":"Cultist","floor":6,"turns":3},{"damage":0,"enemies":"2 Fungi Beasts","floor":10,"turns":4},{"damage":27,"enemies":"3 Sentries","floor":11,"turns":10},{"damage":0,"enemies":"Blue Slaver","floor":12,"turns":4},{"damage":13,"enemies":"Lagavulin","floor":13,"turns":7},{"damage":0,"enemies":"Large Slime","floor":14,"turns":4},{"damage":9,"enemies":"Slime Boss","floor":16,"turns":7},{"damage":3,"enemies":"Spheric Guardian","floor":18,"turns":5},{"damage":44,"enemies":"2 Thieves","floor":20,"turns":5},{"damage":12,"enemies":"Cultist and Chosen","floor":22,"turns":7},{"damage":1,"enemies":"Shelled Parasite and Fungi","floor":30,"turns":5},{"damage":6,"enemies":"Automaton","floor":33,"turns":13},{"damage":2,"enemies":"Orb Walker","floor":35,"turns":5},{"damage":8,"enemies":"2 Orb Walkers","floor":37,"turns":9},{"damage":0,"enemies":"3 Shapes","floor":38,"turns":9},{"damage":17,"enemies":"Reptomancer","floor":40,"turns":9},{"damage":10,"enemies":"3 Darklings","floor":41,"turns":8},{"damage":6,"enemies":"Giant Head","floor":44,"turns":12},{"damage":8,"enemies":"4 Shapes","floor":45,"turns":7},{"damage":0,"enemies":"Maw","floor":46,"turns":7},{"damage":4,"enemies":"Reptomancer","floor":47,"turns":7},{"damage":29,"enemies":"Time Eater","floor":50,"turns":16},{"damage":46,"enemies":"Awakened One","floor":51,"turns":15}],"seed_played":"5710536843583665513","potions_obtained":[{"floor":11,"key":"SteroidPotion"},{"floor":12,"key":"Weak Potion"},{"floor":13,"key":"GhostInAJar"},{"floor":16,"key":"Fruit Juice"},{"floor":22,"key":"PowerPotion"},{"floor":30,"key":"Energy Potion"},{"floor":33,"key":"GamblersBrew"},{"floor":35,"key":"BlessingOfTheForge"},{"floor":37,"key":"Block Potion"},{"floor":40,"key":"DuplicationPotion"},{"floor":41,"key":"GhostInAJar"},{"floor":44,"key":"LiquidBronze"},{"floor":45,"key":"SteroidPotion"},{"floor":46,"key":"FearPotion"},{"floor":47,"key":"Explosive Potion"}],"is_trial":false,"path_per_floor":["M","?","$","M","?","M","R","$","T","M","E","M","E","M","R","B",null,"M","$","M","?","M","R","?","R","T","?","$","R","M","?","R","B",null,"M","?","?","M","?","E","M","R","T","E","M","M","E","$","R","B","B"],"character_chosen":"THE_SILENT","items_purchased":["Matryoshka","Medical Kit","Apotheosis","Nunchaku","Orrery"],"campfire_rested":2,"item_purchase_floors":[3,19,19,48,48],"current_hp_per_floor":[52,52,52,46,46,46,46,46,53,53,26,26,13,13,33,24,56,55,55,16,16,4,4,11,11,11,11,11,11,10,10,20,23,33,36,36,32,34,34,21,13,13,13,16,13,18,21,21,21,20,0],"gold":32,"neow_bonus":"TWO_FIFTY_GOLD","is_prod":false,"is_daily":false,"chose_seed":false,"campfire_upgraded":5,"win_rate":0,"timestamp":1611817279,"path_taken":["M","?","$","M","?","M","R","$","T","M","E","?","E","M","R","BOSS","M","$","M","?","M","R","?","R","T","?","$","R","M","?","R","BOSS","M","?","?","M","?","E","M","R","T","E","?","?","E","$","R","BOSS","BOSS"],"build_version":"2020-12-18","purchased_purges":2,"victory":false,"max_hp_per_floor":[66,60,60,60,60,60,60,60,67,67,67,67,67,67,67,67,67,67,67,72,36,36,36,36,36,36,36,36,36,36,36,36,36,36,36,36,36,36,36,36,36,36,36,36,36,36,36,36,36,36,36],"relic_stats":{"Nunchaku":[6],"counters":[25,191],"Golden Idol":163,"Shuriken":[57],"Bird Faced Urn":[35],"Pantograph":31,"Ginger":[18],"Medical Kit":[30],"Boot":[4],"obtain_stats":[{"Ice Cream":40,"Golden Idol":2,"SacredBark":34,"Ginger":37,"Paper Crane":9,"Medical Kit":19,"Boot":39,"White Beast Statue":26,"Nunchaku":48,"Matryoshka":3,"Shuriken":13,"Strawberry":9,"Bird Faced Urn":11,"Pantograph":47,"Orrery":48,"Bag of Marbles":44,"Toy Ornithopter":26,"Ring of the Snake":0,"Runic Pyramid":17,"NlothsMask":31},{"Ice Cream":18,"Golden Idol":1,"SacredBark":14,"Ginger":16,"Paper Crane":3,"Medical Kit":10,"Boot":17,"White Beast Statue":12,"Nunchaku":23,"Matryoshka":1,"Shuriken":7,"Strawberry":3,"Bird Faced Urn":5,"Pantograph":23,"Orrery":23,"Bag of Marbles":20,"Toy Ornithopter":12,"Ring of the Snake":0,"Runic Pyramid":9,"NlothsMask":13},{"Ice Cream":119,"Golden Idol":9,"SacredBark":87,"Ginger":101,"Paper Crane":16,"Medical Kit":57,"Boot":110,"White Beast Statue":69,"Nunchaku":160,"Matryoshka":9,"Shuriken":41,"Strawberry":16,"Bird Faced Urn":30,"Pantograph":160,"Orrery":160,"Bag of Marbles":139,"Toy Ornithopter":69,"Ring of the Snake":0,"Runic Pyramid":52,"NlothsMask":74}],"Toy Ornithopter":38,"Ring of the Snake":[50]},"card_choices":[{"not_picked":["Dodge and Roll","Setup"],"picked":"Cloak And Dagger","floor":1},{"not_picked":["Footwork","Deadly Poison"],"picked":"Poisoned Stab","floor":4},{"not_picked":["Dagger Throw","Sucker Punch"],"picked":"Poisoned Stab","floor":6},{"not_picked":["Acrobatics","Masterful Stab"],"picked":"Dagger Throw","floor":10},{"not_picked":["A Thousand Cuts","Dodge and Roll"],"picked":"Bouncing Flask","floor":11},{"not_picked":["Underhanded Strike","Outmaneuver","Quick Slash"],"picked":"SKIP","floor":12},{"not_picked":["Deadly Poison","Dagger Throw"],"picked":"Wraith Form v2","floor":13},{"not_picked":["Dodge and Roll","Calculated Gamble"],"picked":"Blade Dance","floor":14},{"not_picked":["Bouncing Flask","Dodge and Roll","Dagger Throw"],"picked":"SKIP","floor":18},{"not_picked":["Quick Slash","Cloak And Dagger","Deadly Poison"],"picked":"SKIP","floor":20},{"not_picked":["Dash","Dagger Throw"],"picked":"Calculated Gamble","floor":22},{"not_picked":["Dagger Spray","Slice","Quick Slash"],"picked":"SKIP","floor":30},{"not_picked":["Malaise","Storm of Steel"],"picked":"Wraith Form v2","floor":33},{"not_picked":["Crippling Poison","Deadly Poison","Acrobatics"],"picked":"SKIP","floor":35},{"not_picked":["Infinite Blades","Bouncing Flask"],"picked":"PiercingWail","floor":38},{"not_picked":["Expertise","Prepared+1"],"picked":"Leg Sweep","floor":40},{"not_picked":["Choke","Prepared","Accuracy+1"],"picked":"SKIP","floor":41},{"not_picked":["Tools of the Trade","Underhanded Strike","Well Laid Plans"],"picked":"SKIP","floor":44},{"not_picked":["Acrobatics+1","Slice","Quick Slash"],"picked":"SKIP","floor":45},{"not_picked":["Blade Dance","Acrobatics","Slice"],"picked":"SKIP","floor":46},{"not_picked":["Dagger Spray","Calculated Gamble","Predator"],"picked":"SKIP","floor":47},{"not_picked":["Bane","Underhanded Strike"],"picked":"Noxious Fumes+1","floor":48},{"not_picked":["Terror","Caltrops"],"picked":"Tactician","floor":48}],"player_experience":3195724,"relics_obtained":[{"floor":9,"key":"Strawberry"},{"floor":9,"key":"Paper Crane"},{"floor":11,"key":"Bird Faced Urn"},{"floor":13,"key":"Shuriken"},{"floor":26,"key":"Toy Ornithopter"},{"floor":26,"key":"White Beast Statue"},{"floor":37,"key":"Ginger"},{"floor":40,"key":"Ice Cream"},{"floor":44,"key":"Bag of Marbles"},{"floor":47,"key":"Pantograph"}],"event_choices":[{"damage_healed":0,"gold_gain":0,"player_choice":"Lose Max HP","damage_taken":0,"relics_obtained":["Golden Idol"],"max_hp_gain":0,"max_hp_loss":6,"event_name":"Golden Idol","floor":2,"gold_loss":0},{"damage_healed":0,"gold_gain":0,"player_choice":"2 cards matched","damage_taken":0,"max_hp_gain":0,"max_hp_loss":0,"event_name":"Match and Keep!","floor":5,"gold_loss":0,"cards_obtained":["Poisoned Stab","Terror"]},{"damage_healed":0,"gold_gain":0,"player_choice":"2 cards matched","damage_taken":0,"max_hp_gain":0,"max_hp_loss":0,"event_name":"Match and Keep!","floor":5,"gold_loss":0,"cards_obtained":["Poisoned Stab","Terror"]},{"damage_healed":0,"gold_gain":0,"player_choice":"Became a Ghost","damage_taken":0,"max_hp_gain":0,"max_hp_loss":36,"event_name":"Ghosts","floor":21,"gold_loss":0,"cards_obtained":["Ghostly","Ghostly","Ghostly"]},{"damage_healed":7,"gold_gain":0,"player_choice":"Heal","damage_taken":0,"max_hp_gain":0,"max_hp_loss":0,"event_name":"The Library","floor":24,"gold_loss":0},{"damage_healed":0,"gold_gain":0,"cards_transformed":["Strike_G","Strike_G"],"player_choice":"Became Test Subject","damage_taken":0,"max_hp_gain":0,"max_hp_loss":0,"event_name":"Drug Dealer","floor":27,"gold_loss":0,"cards_obtained":["Grand Finale","Backflip"]},{"damage_healed":0,"gold_gain":0,"player_choice":"Trade","damage_taken":0,"relics_obtained":["NlothsMask"],"max_hp_gain":0,"max_hp_loss":0,"event_name":"FaceTrader","floor":31,"gold_loss":0},{"damage_healed":0,"gold_gain":0,"player_choice":"Ignored","damage_taken":0,"max_hp_gain":0,"max_hp_loss":0,"event_name":"Tomb of Lord Red Mask","floor":36,"gold_loss":0},{"damage_healed":0,"gold_gain":0,"player_choice":"Fight","damage_taken":0,"max_hp_gain":0,"max_hp_loss":0,"event_name":"Mysterious Sphere","floor":37,"gold_loss":0},{"damage_healed":0,"gold_gain":0,"player_choice":"Gave Potion","damage_taken":0,"relics_obtained":["Boot"],"max_hp_gain":0,"max_hp_loss":0,"event_name":"WeMeetAgain","floor":39,"gold_loss":0}],"is_beta":true,"boss_relics":[{"not_picked":["Sozu","Philosopher\u0027s Stone"],"picked":"Runic Pyramid"},{"not_picked":["WristBlade","HoveringKite"],"picked":"SacredBark"}],"items_purged_floors":[3,48],"is_endless":false,"potions_floor_spawned":[11,12,13,16,22,30,33,35,37,38,40,41,44,45,46,47],"killed_by":"Awakened One","ascension_level":20}