{"gold_per_floor":[364,65,65,80,90,90,101,129,129,146,146,146,146,146,146,237,237,253,293,306,33,83,83],"floor_reached":23,"playtime":1372,"items_purged":["Strike_G"],"score":428,"play_id":"a696f373-84cb-4162-8f82-fd12c2844e73","local_time":"20210125211543","is_ascension_mode":true,"campfire_choices":[{"data":"Apotheosis","floor":6.0,"key":"SMITH"},{"floor":11.0,"key":"RECALL"},{"data":"Tools of the Trade","floor":15.0,"key":"SMITH"}],"neow_cost":"TEN_PERCENT_HP_LOSS","seed_source_timestamp":1020319055636400,"circlet_count":0,"master_deck":["AscendersBane","Strike_G","Strike_G","Strike_G","Defend_G","Defend_G","Defend_G","Defend_G","Defend_G","Survivor","Neutralize","Underhanded Strike","Apotheosis+1","Blade Dance","Tools of the Trade+1","Blade Dance","Calculated Gamble","Reflex","Tactician","After Image","Acrobatics+1","Dodge and Roll+1","PiercingWail","PiercingWail","Acrobatics"],"special_seed":0,"relics":["Ring of the Snake","Shuriken","The Courier","Golden Idol","Black Star","Red Mask","Potion Belt"],"potions_floor_usage":[23,23],"damage_taken":[{"damage":0.0,"enemies":"2 Louse","floor":1.0,"turns":3.0},{"damage":0.0,"enemies":"Cultist","floor":4.0,"turns":4.0},{"damage":0.0,"enemies":"Jaw Worm","floor":5.0,"turns":3.0},{"damage":13.0,"enemies":"3 Louse","floor":7.0,"turns":5.0},{"damage":0.0,"enemies":"Gremlin Nob","floor":8.0,"turns":2.0},{"damage":0.0,"enemies":"Looter","floor":10.0,"turns":2.0},{"damage":18.0,"enemies":"The Guardian","floor":16.0,"turns":10.0},{"damage":4.0,"enemies":"3 Byrds","floor":18.0,"turns":5.0},{"damage":18.0,"enemies":"Masked Bandits","floor":19.0,"turns":5.0},{"damage":2.0,"enemies":"Shell Parasite","floor":20.0,"turns":5.0},{"damage":30,"enemies":"Gremlin Leader","floor":23,"turns":2}],"seed_played":"-2763686588888275810","potions_obtained":[{"floor":1.0,"key":"CunningPotion"},{"floor":8.0,"key":"Dexterity Potion"},{"floor":16.0,"key":"SkillPotion"},{"floor":19.0,"key":"FearPotion"},{"floor":20.0,"key":"PowerPotion"}],"is_trial":false,"path_per_floor":["M","$","?","M","M","R","M","E","T","M","R","?","?","?","R","B",null,"M","?","M","$","?","E"],"character_chosen":"THE_SILENT","items_purchased":["Apotheosis","SteroidPotion","Blade Dance","Potion Belt","PiercingWail","Acrobatics"],"campfire_rested":0,"item_purchase_floors":[2,2,2,21,21,21],"current_hp_per_floor":[59,59,59,59,59,59,46,46,46,46,46,46,46,46,46,28,48,44,26,24,24,24,0],"gold":83,"neow_bonus":"TWO_FIFTY_GOLD","is_prod":false,"is_daily":false,"chose_seed":false,"campfire_upgraded":2,"win_rate":0,"timestamp":1611638143,"path_taken":["M","$","?","M","?","R","M","E","T","M","R","?","?","?","R","BOSS","M","?","M","$","?","E"],"build_version":"2020-12-18","purchased_purges":1,"victory":false,"max_hp_per_floor":[60,60,60,60,60,60,60,60,60,60,60,54,54,54,54,54,54,54,54,54,54,54,54],"relic_stats":{"counters":[11,46],"Shuriken":[22],"Golden Idol":32,"Black Star":0,"obtain_stats":[{"Potion Belt":21,"Shuriken":8,"Golden Idol":12,"The Courier":9,"Black Star":17,"Red Mask":19,"Ring of the Snake":0},{"Potion Belt":10,"Shuriken":5,"Golden Idol":6,"The Courier":5,"Black Star":7,"Red Mask":9,"Ring of the Snake":0},{"Potion Belt":44,"Shuriken":17,"Golden Idol":19,"The Courier":17,"Black Star":29,"Red Mask":39,"Ring of the Snake":0}],"Ring of the Snake":[22]},"card_choices":[{"not_picked":["Choke","Deadly Poison"],"picked":"Underhanded Strike","floor":1.0},{"not_picked":["Skewer","Expertise"],"picked":"Blade Dance","floor":4.0},{"not_picked":["Poisoned Stab","Eviscerate","Bane"],"picked":"SKIP","floor":5.0},{"not_picked":["Deflect","Caltrops"],"picked":"Calculated Gamble","floor":7.0},{"not_picked":["Dagger Throw","Prepared"],"picked":"Reflex","floor":8.0},{"not_picked":["Eviscerate","Backflip"],"picked":"Tactician","floor":10.0},{"not_picked":["Adrenaline","A Thousand Cuts"],"picked":"After Image","floor":16.0},{"not_picked":["Deadly Poison","Prepared"],"picked":"Acrobatics+1","floor":18.0},{"not_picked":["Backflip","Deadly Poison"],"picked":"Dodge and Roll+1","floor":19.0},{"not_picked":["Calculated Gamble","Bane"],"picked":"PiercingWail","floor":20.0}],"player_experience":3172326,"relics_obtained":[{"floor":8.0,"key":"Shuriken"},{"floor":9.0,"key":"The Courier"},{"floor":19.0,"key":"Red Mask"}],"event_choices":[{"damage_healed":0.0,"max_hp_gain":0.0,"max_hp_loss":0.0,"gold_gain":0.0,"event_name":"Match and Keep!","player_choice":"1 cards matched","floor":3.0,"gold_loss":0.0,"damage_taken":0.0,"cards_obtained":["Tools of the Trade"]},{"damage_healed":0.0,"max_hp_gain":0.0,"max_hp_loss":6.0,"gold_gain":0.0,"event_name":"Golden Idol","player_choice":"Lose Max HP","floor":12.0,"gold_loss":0.0,"damage_taken":0.0,"relics_obtained":["Golden Idol"]},{"damage_healed":0.0,"max_hp_gain":0.0,"max_hp_loss":0.0,"gold_gain":0.0,"event_name":"Liars Game","player_choice":"Ignored","floor":13.0,"gold_loss":0.0,"damage_taken":0.0},{"cards_removed":["Strike_G"],"damage_healed":0.0,"max_hp_gain":0.0,"max_hp_loss":0.0,"gold_gain":0.0,"event_name":"Living Wall","player_choice":"Forget","floor":14.0,"gold_loss":0.0,"damage_taken":0.0},{"damage_healed":0.0,"max_hp_gain":0.0,"max_hp_loss":0.0,"gold_gain":0.0,"event_name":"Masked Bandits","player_choice":"Fought Bandits","floor":19.0,"gold_loss":0.0,"damage_taken":0.0},{"damage_healed":0.0,"max_hp_gain":0.0,"max_hp_loss":0.0,"gold_gain":50.0,"event_name":"Nest","player_choice":"Stole From Cult","floor":22.0,"gold_loss":0.0,"damage_taken":0.0}],"is_beta":true,"boss_relics":[{"not_picked":["Coffee Dripper","Tiny House"],"picked":"Black Star"}],"items_purged_floors":[21],"is_endless":false,"potions_floor_spawned":[1,8,10,16,19,20],"killed_by":"Gremlin Leader","ascension_level":20}