{"gold_per_floor":[119,139,0,10,10,41,0],"floor_reached":7,"playtime":518,"items_purged":[],"score":102,"play_id":"1c439526-b634-4d28-823f-2ec6f2a67b51","local_time":"20210125205143","is_ascension_mode":true,"campfire_choices":[],"neow_cost":"NONE","seed_source_timestamp":1019755668725600,"circlet_count":0,"master_deck":["AscendersBane","Strike_G","Strike_G","Strike_G","Strike_G","Strike_G","Defend_G","Defend_G","Defend_G","Defend_G","Defend_G","Survivor","Neutralize","Dagger Throw","Quick Slash","Well Laid Plans","Dagger Spray","Decay","Accuracy"],"relics":["Fusion Hammer","Ginger"],"potions_floor_usage":[6,6],"damage_taken":[{"damage":3,"enemies":"2 Louse","floor":1,"turns":5},{"damage":6,"enemies":"Cultist","floor":2,"turns":4},{"damage":0,"enemies":"Jaw Worm","floor":4,"turns":6},{"damage":47,"enemies":"Lagavulin","floor":6,"turns":12},{"damage":4,"enemies":"Looter","floor":7,"turns":3}],"seed_played":"4706499987033138266","potions_obtained":[{"floor":1,"key":"SpeedPotion"}],"is_trial":false,"path_per_floor":["M","M","$","M","?","E","M"],"character_chosen":"THE_SILENT","items_purchased":["SkillPotion","Well Laid Plans"],"campfire_rested":0,"item_purchase_floors":[3,3],"current_hp_per_floor":[56,50,50,50,50,3,0],"gold":0,"neow_bonus":"BOSS_RELIC","is_prod":false,"is_daily":false,"chose_seed":false,"campfire_upgraded":0,"win_rate":0,"timestamp":1611636703,"path_taken":["M","M","$","M","?","E","M"],"build_version":"2020-12-18","purchased_purges":0,"victory":false,"max_hp_per_floor":[66,66,66,66,66,66,66],"relic_stats":{"counters":[5,30],"Ginger":[0],"obtain_stats":[{"Fusion Hammer":0,"Ginger":6,"Ring of the Snake":0},{"Fusion Hammer":0,"Ginger":4,"Ring of the Snake":0},{"Fusion Hammer":0,"Ginger":27,"Ring of the Snake":0}]},"card_choices":[{"not_picked":["Riddle With Holes","Deadly Poison"],"picked":"Dagger Throw","floor":1},{"not_picked":["Slice","Poisoned Stab"],"picked":"Quick Slash","floor":2},{"not_picked":["Endless Agony","Escape Plan"],"picked":"Dagger Spray","floor":4},{"not_picked":["Tactician","Sucker Punch"],"picked":"Accuracy","floor":6}],"player_experience":3171808,"relics_obtained":[{"floor":6,"key":"Ginger"}],"event_choices":[{"damage_healed":0,"gold_gain":0,"player_choice":"1 cards matched","damage_taken":0,"max_hp_gain":0,"max_hp_loss":0,"event_name":"Match and Keep!","floor":5,"gold_loss":0,"cards_obtained":["Decay"]}],"is_beta":true,"boss_relics":[],"items_purged_floors":[],"is_endless":false,"potions_floor_spawned":[1],"killed_by":"Looter","ascension_level":20}