{"gold_per_floor":[114,114,126,126,145,145,176,176,176,211,230,280,305,3,3,77,77,58,85,85,96,96,96,127,127,127,157,157,157,169,169],"floor_reached":31,"playtime":1421,"items_purged":[],"score":578,"play_id":"298b644f-1012-44cc-b598-46c9a6f87bae","local_time":"20210119112623","is_ascension_mode":true,"campfire_choices":[{"data":"Bouncing Flask","floor":6,"key":"SMITH"},{"floor":8,"key":"REST"},{"data":"Poisoned Stab","floor":15,"key":"SMITH"},{"data":"Wraith Form v2","floor":23,"key":"SMITH"},{"data":"Ghostly","floor":25,"key":"SMITH"},{"data":"Ghostly","floor":29,"key":"SMITH"}],"neow_cost":"NONE","seed_source_timestamp":466538930360300,"circlet_count":0,"master_deck":["AscendersBane","Strike_G","Strike_G+1","Strike_G","Strike_G+1","Defend_G","Defend_G","Defend_G","Defend_G","Defend_G","Survivor","Neutralize","Caltrops","Bouncing Flask+1","Poisoned Stab+1","Poisoned Stab","Quick Slash","Wraith Form v2+1","Leg Sweep","Burst","Well Laid Plans","Ghostly","Ghostly+1","Ghostly+1","PiercingWail","PiercingWail","Corpse Explosion"],"relics":["SlaversCollar","Pantograph","Boot","The Specimen","Peace Pipe","Tiny Chest","PreservedInsect","Sozu","Whetstone","Pen Nib","Regal Pillow","Frozen Egg 2"],"potions_floor_usage":[7,11,13,31,31],"damage_taken":[{"damage":1,"enemies":"Jaw Worm","floor":1,"turns":7},{"damage":0,"enemies":"2 Louse","floor":3,"turns":5},{"damage":7,"enemies":"Cultist","floor":5,"turns":5},{"damage":15,"enemies":"Lagavulin","floor":7,"turns":5},{"damage":6,"enemies":"Gremlin Nob","floor":10,"turns":3},{"damage":18,"enemies":"Large Slime","floor":11,"turns":6},{"damage":10,"enemies":"Lagavulin","floor":13,"turns":6},{"damage":3,"enemies":"Hexaghost","floor":16,"turns":8},{"damage":2,"enemies":"2 Thieves","floor":18,"turns":4},{"damage":15,"enemies":"3 Byrds","floor":21,"turns":4},{"damage":2,"enemies":"Gremlin Leader","floor":24,"turns":6},{"damage":10,"enemies":"Book of Stabbing","floor":27,"turns":5},{"damage":3,"enemies":"Sentry and Sphere","floor":30,"turns":7},{"damage":3,"enemies":"Shelled Parasite and Fungi","floor":31,"turns":3}],"seed_played":"6371621518036777305","potions_obtained":[{"floor":1,"key":"Swift Potion"},{"floor":10,"key":"GamblersBrew"},{"floor":11,"key":"FearPotion"},{"floor":16,"key":"SpeedPotion"}],"is_trial":false,"path_per_floor":["M","?","M","?","M","R","E","R","T","E","M","?","E","$","R","B",null,"M","T","?","M","?","R","E","R","T","E","T","R","M","M"],"character_chosen":"THE_SILENT","items_purchased":["PreservedInsect","Leg Sweep","Explosive Potion"],"campfire_rested":1,"item_purchase_floors":[14,14,14],"current_hp_per_floor":[58,51,51,40,33,33,18,37,37,31,13,13,3,3,3,25,56,54,54,33,18,18,18,16,16,16,6,6,6,3,0],"gold":169,"neow_bonus":"BOSS_RELIC","is_prod":false,"is_daily":false,"chose_seed":false,"campfire_upgraded":5,"win_rate":0,"timestamp":1611084383,"path_taken":["M","?","M","?","M","R","E","R","T","E","M","?","E","$","R","BOSS","M","?","?","M","?","R","E","R","T","E","?","R","?","M"],"build_version":"2020-12-18","purchased_purges":0,"victory":false,"max_hp_per_floor":[66,66,66,66,66,66,66,66,66,66,66,66,66,66,66,66,66,66,66,33,33,33,33,33,33,33,33,33,33,33,33],"relic_stats":{"Peace Pipe":0,"Sozu":2,"Regal Pillow":0,"counters":[14,74],"Pantograph":25,"Tiny Chest":1,"PreservedInsect":91,"Pen Nib":[1],"Whetstone":["Strike_G","Strike_G"],"Boot":[33],"obtain_stats":[{"Regal Pillow":27,"The Specimen":9,"PreservedInsect":14,"Pen Nib":24,"Whetstone":19,"Frozen Egg 2":28,"Boot":7,"Peace Pipe":10,"Sozu":17,"SlaversCollar":0,"Pantograph":4,"Tiny Chest":13,"Ring of the Snake":0},{"Regal Pillow":12,"The Specimen":4,"PreservedInsect":7,"Pen Nib":11,"Whetstone":9,"Frozen Egg 2":12,"Boot":4,"Peace Pipe":5,"Sozu":8,"SlaversCollar":0,"Pantograph":2,"Tiny Chest":7,"Ring of the Snake":0},{"Regal Pillow":64,"The Specimen":22,"PreservedInsect":37,"Pen Nib":59,"Whetstone":49,"Frozen Egg 2":64,"Boot":22,"Peace Pipe":25,"Sozu":45,"SlaversCollar":0,"Pantograph":12,"Tiny Chest":37,"Ring of the Snake":0}]},"card_choices":[{"not_picked":["Catalyst","Cloak And Dagger"],"picked":"Caltrops","floor":1},{"not_picked":["Prepared","Caltrops"],"picked":"Bouncing Flask","floor":3},{"not_picked":["Sucker Punch","Heel Hook"],"picked":"Poisoned Stab","floor":5},{"not_picked":["Caltrops","Cloak And Dagger"],"picked":"Poisoned Stab","floor":7},{"not_picked":["Underhanded Strike","Blade Dance"],"picked":"Quick Slash","floor":10},{"not_picked":["Caltrops","Deadly Poison","Doppelganger"],"picked":"SKIP","floor":11},{"not_picked":["Bane","Backflip"],"picked":"Wraith Form v2","floor":13},{"not_picked":["Glass Knife","Grand Finale"],"picked":"Burst","floor":16},{"not_picked":["Acrobatics","Outmaneuver"],"picked":"Well Laid Plans","floor":18},{"not_picked":["Cloak And Dagger","Escape Plan"],"picked":"PiercingWail","floor":21},{"not_picked":["Riddle With Holes","Finisher","Deadly Poison"],"picked":"SKIP","floor":24},{"not_picked":["Setup","Masterful Stab"],"picked":"PiercingWail","floor":27},{"not_picked":["Distraction","Underhanded Strike"],"picked":"Corpse Explosion","floor":30}],"player_experience":3126313,"relics_obtained":[{"floor":7,"key":"Boot"},{"floor":9,"key":"The Specimen"},{"floor":10,"key":"Peace Pipe"},{"floor":13,"key":"Tiny Chest"},{"floor":19,"key":"Whetstone"},{"floor":24,"key":"Pen Nib"},{"floor":27,"key":"Regal Pillow"},{"floor":28,"key":"Frozen Egg 2"}],"event_choices":[{"cards_removed":["Strike_G"],"damage_healed":0,"gold_gain":0,"player_choice":"Card Removal","damage_taken":7,"max_hp_gain":0,"max_hp_loss":0,"event_name":"Golden Wing","floor":2,"gold_loss":0},{"damage_healed":0,"gold_gain":0,"player_choice":"Success","damage_taken":11,"relics_obtained":["Pantograph"],"max_hp_gain":0,"max_hp_loss":0,"event_name":"Scrap Ooze","floor":4,"gold_loss":0},{"damage_healed":0,"gold_gain":50,"player_choice":"Pray","damage_taken":0,"max_hp_gain":0,"max_hp_loss":0,"event_name":"Golden Shrine","floor":12,"gold_loss":0},{"damage_healed":0,"gold_gain":0,"player_choice":"Became a Ghost","damage_taken":0,"max_hp_gain":0,"max_hp_loss":33,"event_name":"Ghosts","floor":20,"gold_loss":0,"cards_obtained":["Ghostly","Ghostly","Ghostly"]},{"damage_healed":0,"gold_gain":0,"player_choice":"0 cards matched","damage_taken":0,"max_hp_gain":0,"max_hp_loss":0,"event_name":"Match and Keep!","floor":22,"gold_loss":0,"cards_obtained":[]}],"is_beta":true,"boss_relics":[{"not_picked":["Coffee Dripper","Cursed Key"],"picked":"Sozu"}],"items_purged_floors":[],"is_endless":false,"potions_floor_spawned":[1,10,11,16,21,27],"killed_by":"Shelled Parasite and Fungi","ascension_level":20}