{"gold_per_floor":[111,111,126,8,20,20,32,59,59,59,78,78,111,124,124,199,199,219,232,232,257,257,257,292,292,337,337,363,380,413,285,285,359,359,369,382,382,62,62,62,94,104,104,104,137,137,137,152,152,152,152],"floor_reached":51,"playtime":11429,"items_purged":["Parasite","Concentrate"],"score":1542,"play_id":"cc1ff4fb-3f6d-4bc4-8db1-15c69c0b15f9","local_time":"20210127122921","is_ascension_mode":true,"campfire_choices":[{"data":"Cloak And Dagger","floor":6,"key":"SMITH"},{"data":"Dagger Spray","floor":10,"key":"SMITH"},{"data":"Riddle With Holes","floor":15,"key":"SMITH"},{"data":"Cloak And Dagger","floor":23,"key":"SMITH"},{"data":"Neutralize","floor":25,"key":"SMITH"},{"floor":27,"key":"REST"},{"floor":32,"key":"REST"},{"data":"Envenom","floor":40,"key":"SMITH"},{"floor":44,"key":"REST"},{"floor":46,"key":"REST"},{"floor":47,"key":"RECALL"},{"data":"Cloak And Dagger","floor":49,"key":"SMITH"}],"neow_cost":"NONE","seed_source_timestamp":1151485620373200,"circlet_count":0,"master_deck":["AscendersBane","Survivor","Neutralize+1","Masterful Stab","Riddle With Holes+1","Dagger Spray+1","Backstab","Dash","Cloak And Dagger+1","PiercingWail","Backflip","Adrenaline","Acrobatics","Blade Dance","Cloak And Dagger+1","Deflect","Accuracy","PiercingWail","Phantasmal Killer","Envenom+1","Flying Knee","Dagger Spray","Footwork","Choke","Deflect","Terror","Acrobatics+1","Deflect","Backflip","Acrobatics","Backflip+1","Cloak And Dagger+1"],"relics":["WristBlade","Pen Nib","Pantograph","WingedGreaves","Cursed Key","Red Mask","Vajra","Nunchaku","Incense Burner","Pandora\u0027s Box","Omamori","Blue Candle","Juzu Bracelet","Sundial"],"potions_floor_usage":[13,13,28,30,33,41,50,50,50],"damage_taken":[{"damage":0,"enemies":"2 Louse","floor":1,"turns":4},{"damage":1,"enemies":"Cultist","floor":3,"turns":4},{"damage":12,"enemies":"Jaw Worm","floor":5,"turns":2},{"damage":0,"enemies":"Exordium Thugs","floor":7,"turns":3},{"damage":8,"enemies":"Gremlin Nob","floor":8,"turns":3},{"damage":0,"enemies":"Large Slime","floor":11,"turns":3},{"damage":0,"enemies":"Lagavulin","floor":13,"turns":3},{"damage":0,"enemies":"2 Fungi Beasts","floor":14,"turns":1},{"damage":35,"enemies":"Slime Boss","floor":16,"turns":10},{"damage":0,"enemies":"Chosen","floor":18,"turns":4},{"damage":1,"enemies":"Spheric Guardian","floor":19,"turns":3},{"damage":4,"enemies":"Masked Bandits","floor":21,"turns":3},{"damage":16,"enemies":"Gremlin Leader","floor":24,"turns":7},{"damage":24,"enemies":"Book of Stabbing","floor":28,"turns":4},{"damage":0,"enemies":"Centurion and Healer","floor":29,"turns":5},{"damage":0,"enemies":"Gremlin Leader","floor":30,"turns":5},{"damage":31,"enemies":"Automaton","floor":33,"turns":9},{"damage":20,"enemies":"3 Shapes","floor":35,"turns":6},{"damage":1,"enemies":"Orb Walker","floor":36,"turns":3},{"damage":44,"enemies":"Reptomancer","floor":41,"turns":5},{"damage":0,"enemies":"Jaw Worm Horde","floor":42,"turns":3},{"damage":32,"enemies":"Nemesis","floor":45,"turns":5},{"damage":3,"enemies":"4 Shapes","floor":48,"turns":3},{"damage":45,"enemies":"Awakened One","floor":50,"turns":15},{"damage":40,"enemies":"Time Eater","floor":51,"turns":6}],"seed_played":"-8507334516649980458","potions_obtained":[{"floor":3,"key":"SkillPotion"},{"floor":8,"key":"FairyPotion"},{"floor":11,"key":"SteroidPotion"},{"floor":16,"key":"Strength Potion"},{"floor":18,"key":"SmokeBomb"},{"floor":21,"key":"Ancient Potion"},{"floor":29,"key":"SpeedPotion"},{"floor":30,"key":"Fire Potion"},{"floor":41,"key":"Fire Potion"},{"floor":42,"key":"Explosive Potion"},{"floor":48,"key":"EntropicBrew"}],"is_trial":false,"path_per_floor":["M","?","M","$","M","R","M","E","T","R","M","?","E","M","R","B",null,"M","M","?","?","?","R","E","R","T","R","E","M","E","$","R","B",null,"M","M","?","$","?","R","E","M","T","R","E","R","R","M","R","B","B"],"character_chosen":"THE_SILENT","items_purchased":["Backstab","Dash","Strength Potion","Omamori","Backflip"],"campfire_rested":4,"item_purchase_floors":[4,4,31,38,38],"current_hp_per_floor":[59,59,58,58,46,46,46,38,38,38,38,38,38,38,38,28,57,57,56,56,52,34,34,18,18,18,39,15,15,15,15,35,29,58,38,37,37,37,68,68,24,24,24,44,12,32,32,29,29,9,0],"gold":152,"neow_bonus":"BOSS_RELIC","is_prod":false,"is_daily":false,"chose_seed":false,"campfire_upgraded":7,"win_rate":0,"timestamp":1611779361,"path_taken":["M","?","?","$","M","R","M","E","T","R","M","?","E","M","R","BOSS","M","M","?","?","?","R","E","R","T","R","E","M","E","$","R","BOSS","M","M","?","$","?","R","E","?","T","R","E","R","R","M","R","BOSS","BOSS"],"build_version":"2020-12-18","purchased_purges":2,"victory":false,"max_hp_per_floor":[66,66,66,66,66,66,66,66,66,66,66,66,66,66,66,66,66,66,66,66,66,71,71,71,71,71,71,71,71,71,68,68,68,68,68,68,68,68,68,68,68,68,68,68,68,68,68,68,68,68,68],"relic_stats":{"Nunchaku":[19],"counters":[25,119],"Sundial":[4],"Pantograph":100,"Blue Candle":[0],"Pandora\u0027s Box":["Concentrate","Envenom","Flying Knee","Dagger Spray","Footwork","Choke","Deflect","Terror"],"Pen Nib":[30],"Juzu Bracelet":0,"Cursed Key":2,"obtain_stats":[{"Blue Candle":41,"Vajra":24,"Pen Nib":8,"Incense Burner":30,"Omamori":38,"Juzu Bracelet":43,"Cursed Key":17,"Nunchaku":28,"WristBlade":0,"Sundial":45,"Pantograph":9,"Pandora\u0027s Box":34,"WingedGreaves":13,"Red Mask":21,"Ring of the Snake":0},{"Blue Candle":20,"Vajra":13,"Pen Nib":5,"Incense Burner":16,"Omamori":19,"Juzu Bracelet":21,"Cursed Key":9,"Nunchaku":14,"WristBlade":0,"Sundial":22,"Pantograph":5,"Pandora\u0027s Box":17,"WingedGreaves":7,"Red Mask":12,"Ring of the Snake":0},{"Blue Candle":87,"Vajra":50,"Pen Nib":16,"Incense Burner":64,"Omamori":82,"Juzu Bracelet":90,"Cursed Key":33,"Nunchaku":54,"WristBlade":0,"Sundial":95,"Pantograph":16,"Pandora\u0027s Box":73,"WingedGreaves":22,"Red Mask":43,"Ring of the Snake":0}]},"card_choices":[{"not_picked":["Deflect","Catalyst"],"picked":"Masterful Stab","floor":1},{"not_picked":["Dodge and Roll","Underhanded Strike"],"picked":"Dagger Spray","floor":3},{"not_picked":["Choke","Noxious Fumes"],"picked":"Cloak And Dagger","floor":5},{"not_picked":["Deflect","Slice","Flying Knee"],"picked":"SKIP","floor":7},{"not_picked":["Venomology","Noxious Fumes"],"picked":"PiercingWail","floor":8},{"not_picked":["Dagger Throw","Dodge and Roll","Prepared"],"picked":"SKIP","floor":11},{"not_picked":["Setup","Deadly Poison"],"picked":"Backflip","floor":13},{"not_picked":["Backflip","Quick Slash"],"picked":"Dash","floor":14},{"not_picked":["Malaise","Corpse Explosion"],"picked":"Adrenaline","floor":16},{"not_picked":["Slice","Dagger Spray"],"picked":"Acrobatics","floor":18},{"not_picked":["Deadly Poison","Prepared","Deflect"],"picked":"SKIP","floor":19},{"not_picked":["Endless Agony","Bane+1"],"picked":"Cloak And Dagger","floor":21},{"not_picked":["Deadly Poison","Die Die Die"],"picked":"Escape Plan","floor":24},{"not_picked":["Concentrate","Glass Knife"],"picked":"Deflect","floor":28},{"not_picked":["Outmaneuver","Masterful Stab"],"picked":"Accuracy","floor":29},{"not_picked":["Dodge and Roll","Slice"],"picked":"PiercingWail","floor":30},{"not_picked":["Burst","Storm of Steel"],"picked":"Phantasmal Killer","floor":33},{"not_picked":["Dagger Spray","Slice"],"picked":"Acrobatics+1","floor":35},{"not_picked":["Sucker Punch","Terror"],"picked":"Deflect","floor":36},{"not_picked":["Backstab","Phantasmal Killer","Venomology"],"picked":"SKIP","floor":41},{"not_picked":["Slice+1","Skewer"],"picked":"Acrobatics","floor":42},{"not_picked":["Deflect","Outmaneuver"],"picked":"Backflip+1","floor":45},{"not_picked":["Endless Agony","Crippling Poison"],"picked":"Cloak And Dagger","floor":48}],"player_experience":3178863,"relics_obtained":[{"floor":8,"key":"Pen Nib"},{"floor":9,"key":"Pantograph"},{"floor":13,"key":"WingedGreaves"},{"floor":21,"key":"Red Mask"},{"floor":24,"key":"Vajra"},{"floor":28,"key":"Nunchaku"},{"floor":30,"key":"Incense Burner"},{"floor":41,"key":"Blue Candle"},{"floor":43,"key":"Juzu Bracelet"},{"floor":45,"key":"Sundial"}],"event_choices":[{"damage_healed":0,"gold_gain":0,"cards_transformed":["Strike_G"],"player_choice":"Transformed","damage_taken":0,"max_hp_gain":0,"max_hp_loss":0,"event_name":"Transmorgrifier","floor":2,"gold_loss":0,"cards_obtained":["Riddle With Holes"]},{"cards_removed":["Strike_G"],"damage_healed":0,"gold_gain":0,"player_choice":"Purged","damage_taken":0,"max_hp_gain":0,"max_hp_loss":0,"event_name":"Purifier","floor":12,"gold_loss":0},{"damage_healed":0,"gold_gain":0,"player_choice":"Read","damage_taken":0,"max_hp_gain":0,"max_hp_loss":0,"event_name":"The Library","floor":20,"gold_loss":0,"cards_obtained":["Blade Dance"]},{"damage_healed":0,"gold_gain":0,"player_choice":"Fought Bandits","damage_taken":0,"max_hp_gain":0,"max_hp_loss":0,"event_name":"Masked Bandits","floor":21,"gold_loss":0},{"damage_healed":0,"gold_gain":0,"player_choice":"Shed Blood","damage_taken":23,"max_hp_gain":5,"max_hp_loss":0,"event_name":"Forgotten Altar","floor":22,"gold_loss":0},{"cards_removed":["Dash"],"damage_healed":0,"gold_gain":0,"player_choice":"Removed Attack","damage_taken":0,"max_hp_gain":0,"max_hp_loss":0,"event_name":"Falling","floor":37,"gold_loss":0},{"cards_removed":["Escape Plan"],"damage_healed":31,"gold_gain":0,"player_choice":"Offered Uncommon","damage_taken":0,"max_hp_gain":0,"max_hp_loss":0,"event_name":"Bonfire Elementals","floor":39,"gold_loss":0}],"is_beta":true,"boss_relics":[{"not_picked":["Philosopher\u0027s Stone","Coffee Dripper"],"picked":"Cursed Key"},{"not_picked":["Astrolabe","Velvet Choker"],"picked":"Pandora\u0027s Box"}],"items_purged_floors":[31,38],"is_endless":false,"potions_floor_spawned":[3,8,11,16,18,21,29,30,41,42,48],"killed_by":"Time Eater","ascension_level":20}