{"gold_per_floor":[119,119,139,139,157,157,112,112,112,122,122,34,49,65,65,142,142,153,153,23,35,35,35,67,67,67,67,92,92,125,142,142,142],"floor_reached":33,"playtime":1850,"items_purged":["Strike_G"],"score":640,"play_id":"c0fb854a-ec12-491c-bce7-f3ee65dd6fdb","local_time":"20210118201528","is_ascension_mode":true,"campfire_choices":[{"data":"Poisoned Stab","floor":6,"key":"SMITH"},{"data":"Crippling Poison","floor":8,"key":"SMITH"},{"data":"Caltrops","floor":11,"key":"SMITH"},{"data":"Catalyst","floor":15,"key":"SMITH"},{"floor":23,"key":"REST"},{"data":"Wraith Form v2","floor":25,"key":"SMITH"},{"floor":27,"key":"REST"},{"floor":29,"key":"REST"},{"data":"Footwork","floor":32,"key":"SMITH"}],"neow_cost":"NONE","seed_source_timestamp":411456202884400,"circlet_count":0,"master_deck":["AscendersBane","Strike_G","Strike_G","Defend_G","Defend_G","Defend_G","Defend_G","Defend_G","Survivor","Neutralize","Poisoned Stab+1","Wraith Form v2+1","Crippling Poison+1","Caltrops+1","Backstab","Footwork+1","Catalyst+1","Die Die Die","Dodge and Roll","Venomology","Backflip","PiercingWail","Heel Hook","Dodge and Roll+1","Bouncing Flask+1"],"relics":["Ring of the Snake","MealTicket","Mercury Hourglass","Gremlin Horn","SlaversCollar","Girya","Turnip"],"potions_floor_usage":[18,21,24,24,28,28,33,33,33],"damage_taken":[{"damage":9,"enemies":"Small Slimes","floor":1,"turns":4},{"damage":2,"enemies":"Jaw Worm","floor":3,"turns":5},{"damage":0,"enemies":"2 Louse","floor":5,"turns":2},{"damage":11,"enemies":"Exordium Thugs","floor":7,"turns":5},{"damage":0,"enemies":"2 Fungi Beasts","floor":10,"turns":3},{"damage":2,"enemies":"Red Slaver","floor":13,"turns":3},{"damage":0,"enemies":"Large Slime","floor":14,"turns":4},{"damage":3,"enemies":"The Guardian","floor":16,"turns":7},{"damage":22,"enemies":"Spheric Guardian","floor":18,"turns":4},{"damage":18,"enemies":"3 Byrds","floor":21,"turns":4},{"damage":41,"enemies":"Gremlin Leader","floor":24,"turns":7},{"damage":11,"enemies":"Book of Stabbing","floor":28,"turns":5},{"damage":0,"enemies":"Gremlin Leader","floor":30,"turns":5},{"damage":8,"enemies":"Snake Plant","floor":31,"turns":4},{"damage":47,"enemies":"Champ","floor":33,"turns":11}],"seed_played":"-1745568445282524334","potions_obtained":[{"floor":3,"key":"CultistPotion"},{"floor":13,"key":"Poison Potion"},{"floor":18,"key":"Strength Potion"}],"is_trial":false,"path_per_floor":["M","?","M","?","M","R","M","R","T","M","R","$","M","M","R","B",null,"M","?","$","M","?","R","E","R","T","R","E","R","E","M","R","B"],"character_chosen":"THE_SILENT","items_purchased":["Footwork","Backflip"],"campfire_rested":3,"item_purchase_floors":[12,20],"current_hp_per_floor":[50,39,37,30,30,30,19,19,19,19,19,34,32,32,32,29,57,35,35,50,32,32,51,10,10,10,29,18,37,37,29,29,0],"gold":142,"neow_bonus":"RANDOM_COMMON_RELIC","is_prod":false,"is_daily":false,"chose_seed":false,"campfire_upgraded":6,"win_rate":0,"timestamp":1611029728,"path_taken":["M","?","M","?","M","R","M","R","T","M","R","$","M","M","R","BOSS","M","?","$","?","?","R","E","R","T","R","E","R","E","M","R","BOSS"],"build_version":"2020-12-18","purchased_purges":1,"victory":false,"max_hp_per_floor":[66,66,66,66,66,66,66,66,66,66,66,66,66,66,66,66,66,66,66,66,66,66,66,66,66,66,66,66,66,66,66,66,66],"card_choices":[{"not_picked":["Outmaneuver","Quick Slash"],"picked":"Poisoned Stab","floor":1},{"not_picked":["Infinite Blades","Prepared"],"picked":"Wraith Form v2","floor":3},{"not_picked":["Leg Sweep","Escape Plan"],"picked":"Crippling Poison","floor":5},{"not_picked":["Blade Dance","Slice"],"picked":"Caltrops","floor":7},{"not_picked":["Concentrate","Outmaneuver"],"picked":"Backstab","floor":10},{"not_picked":["Skewer","Masterful Stab"],"picked":"Catalyst","floor":13},{"not_picked":["Cloak And Dagger","Outmaneuver","Blade Dance"],"picked":"SKIP","floor":14},{"not_picked":["Bullet Time","Storm of Steel"],"picked":"Die Die Die","floor":16},{"not_picked":["Backflip","Expertise"],"picked":"Dodge and Roll","floor":18},{"not_picked":["Backflip","Dagger Throw"],"picked":"PiercingWail","floor":21},{"not_picked":["Sucker Punch","Accuracy"],"picked":"Dodge and Roll+1","floor":24},{"not_picked":["Riddle With Holes+1","Choke+1","Caltrops"],"picked":"SKIP","floor":28},{"not_picked":["Bane","Bullet Time"],"picked":"Bouncing Flask+1","floor":30},{"not_picked":["Crippling Poison","Slice","Prepared"],"picked":"SKIP","floor":31}],"player_experience":3120863,"relics_obtained":[{"floor":9,"key":"Gremlin Horn"},{"floor":24,"key":"Girya"},{"floor":28,"key":"Turnip"}],"event_choices":[{"damage_healed":0,"gold_gain":0,"player_choice":"Success","damage_taken":11,"relics_obtained":["Mercury Hourglass"],"max_hp_gain":0,"max_hp_loss":0,"event_name":"Scrap Ooze","floor":2,"gold_loss":0},{"cards_removed":["Strike_G"],"damage_healed":0,"gold_gain":0,"player_choice":"Card Removal","damage_taken":7,"max_hp_gain":0,"max_hp_loss":0,"event_name":"Golden Wing","floor":4,"gold_loss":0},{"damage_healed":0,"gold_gain":0,"player_choice":"1 cards matched","damage_taken":0,"max_hp_gain":0,"max_hp_loss":0,"event_name":"Match and Keep!","floor":19,"gold_loss":0,"cards_obtained":["Venomology"]},{"damage_healed":0,"gold_gain":0,"cards_transformed":["Strike_G"],"player_choice":"Transformed","damage_taken":0,"max_hp_gain":0,"max_hp_loss":0,"event_name":"Transmorgrifier","floor":22,"gold_loss":0,"cards_obtained":["Heel Hook"]}],"is_beta":true,"boss_relics":[{"not_picked":["Runic Dome","Calling Bell"],"picked":"SlaversCollar"}],"items_purged_floors":[20],"is_endless":false,"potions_floor_spawned":[3,13,14,16,18,31],"killed_by":"Champ","ascension_level":20}