{"gold_per_floor":[10,10,10,25,25,25,58,58,131,131,157,173,203,213,213,285,285,301,48,60,74,74,107,126,176,200,200,232,232,232,145,145,219,219,235,253,253,264,67,67,67,67,67,99,99,130,130,140,140,140,140,140,140,31,62,62],"floor_reached":57,"playtime":4688,"items_purged":["Strike_G"],"score":2828,"play_id":"28db9c0d-d83c-4696-a7fb-e926037ed75d","local_time":"20210118132508","is_ascension_mode":true,"campfire_choices":[{"data":"Dagger Spray","floor":6.0,"key":"SMITH"},{"data":"Dagger Throw","floor":8.0,"key":"SMITH"},{"data":"Crippling Poison","floor":10.0,"key":"SMITH"},{"data":"Dagger Spray","floor":15.0,"key":"SMITH"},{"floor":27.0,"key":"REST"},{"data":"Noxious Fumes","floor":29.0,"key":"SMITH"},{"data":"Catalyst","floor":32.0,"key":"SMITH"},{"data":"Well Laid Plans","floor":40.0,"key":"SMITH"},{"floor":42.0,"key":"DIG"},{"floor":47,"key":"RECALL"},{"floor":49,"key":"REST"},{"floor":53,"key":"DIG"}],"neow_cost":"NO_GOLD","seed_source_timestamp":383901256444900,"circlet_count":0,"master_deck":["AscendersBane","Defend_G+1","Defend_G+1","Defend_G+1","Defend_G+1","Survivor","Neutralize","Predator+1","Crippling Poison+1","Dagger Spray+1","Dagger Throw+1","After Image","Dagger Spray+1","Leg Sweep","Malaise","Catalyst+1","Noxious Fumes+1","Catalyst+1","Malaise","Corpse Explosion","Bullet Time","Noxious Fumes","Well Laid Plans+1","Deadly Poison","Backflip+1"],"special_seed":0,"relics":["Ring of the Snake","Gremlin Horn","Pocketwatch","Blood Vial","Potion Belt","Astrolabe","Ice Cream","Smiling Mask","Shovel","SlaversCollar","Lee\u0027s Waffle","Happy Flower","Mummified Hand","Lizard Tail","Anchor","Bottled Tornado","Ornamental Fan"],"potions_floor_usage":[50,55,56,56],"damage_taken":[{"damage":0.0,"enemies":"2 Louse","floor":1.0,"turns":2.0},{"damage":0.0,"enemies":"Small Slimes","floor":4.0,"turns":2.0},{"damage":22.0,"enemies":"Gremlin Nob","floor":7.0,"turns":4.0},{"damage":19.0,"enemies":"Lagavulin","floor":11.0,"turns":5.0},{"damage":0.0,"enemies":"Jaw Worm","floor":12.0,"turns":3.0},{"damage":7.0,"enemies":"3 Sentries","floor":13.0,"turns":4.0},{"damage":1.0,"enemies":"Blue Slaver","floor":14.0,"turns":3.0},{"damage":0.0,"enemies":"Slime Boss","floor":16.0,"turns":8.0},{"damage":6.0,"enemies":"Chosen","floor":18.0,"turns":4.0},{"damage":17.0,"enemies":"2 Thieves","floor":20.0,"turns":3.0},{"damage":6.0,"enemies":"Chosen and Byrds","floor":21.0,"turns":4.0},{"damage":19.0,"enemies":"Book of Stabbing","floor":23.0,"turns":7.0},{"damage":8.0,"enemies":"Snake Plant","floor":24.0,"turns":6.0},{"damage":0.0,"enemies":"Gremlin Leader","floor":28.0,"turns":4.0},{"damage":20.0,"enemies":"Champ","floor":33.0,"turns":7.0},{"damage":7.0,"enemies":"3 Shapes","floor":35.0,"turns":3.0},{"damage":17.0,"enemies":"Orb Walker","floor":36.0,"turns":6.0},{"damage":18.0,"enemies":"Spire Growth","floor":38.0,"turns":4.0},{"damage":13.0,"enemies":"Reptomancer","floor":44.0,"turns":6.0},{"damage":19,"enemies":"Nemesis","floor":46,"turns":7},{"damage":21,"enemies":"Writhing Mass","floor":48,"turns":3},{"damage":22,"enemies":"Donu and Deca","floor":50,"turns":5},{"damage":14,"enemies":"Time Eater","floor":51,"turns":9},{"damage":35,"enemies":"Shield and Spear","floor":55,"turns":5},{"damage":23,"enemies":"The Heart","floor":56,"turns":7}],"seed_played":"7242581290424175201","potions_obtained":[{"floor":1.0,"key":"Explosive Potion"},{"floor":7.0,"key":"Fruit Juice"},{"floor":11.0,"key":"GhostInAJar"},{"floor":16.0,"key":"Fire Potion"},{"floor":21.0,"key":"GhostInAJar"},{"floor":23.0,"key":"Weak Potion"},{"floor":33.0,"key":"ColorlessPotion"},{"floor":35.0,"key":"FearPotion"},{"floor":46,"key":"Fire Potion"},{"floor":48,"key":"SkillPotion"}],"is_trial":false,"path_per_floor":["M","?","?","M","T","R","E","R","T","R","E","M","E","M","R","B",null,"M","$","M","M","?","E","M","?","T","R","E","R","?","$","R","B",null,"M","M","?","M","$","R","$","R","T","E","?","E","R","M","R","B","B",null,"R","$","E","B",null],"character_chosen":"THE_SILENT","items_purchased":["Noxious Fumes","PowerPotion","Catalyst","Noxious Fumes","Lee\u0027s Waffle","Well Laid Plans","GhostInAJar"],"campfire_rested":2,"item_purchase_floors":[19,19,19,31,39,39,54],"current_hp_per_floor":[59,59,64,64,64,64,42,42,47,47,28,30,25,26,26,28,64,60,60,45,41,41,24,18,18,18,40,42,42,42,42,42,24,63,58,43,43,27,83,83,83,83,83,70,75,58,58,39,63,43,31,70,70,70,37,16],"gold":62,"neow_bonus":"TRANSFORM_TWO_CARDS","is_prod":false,"is_daily":false,"chose_seed":false,"campfire_upgraded":7,"win_rate":0,"timestamp":1611005108,"path_taken":["M","?","?","M","?","R","E","R","T","R","E","M","E","M","R","BOSS","M","$","M","M","?","E","M","?","T","R","E","R","?","$","R","BOSS","M","M","?","M","$","R","$","R","T","E","?","E","R","?","R","BOSS","BOSS","R","$","E","BOSS"],"build_version":"2020-12-18","purchased_purges":1,"victory":true,"max_hp_per_floor":[66,66,71,71,71,71,71,71,76,76,76,76,76,76,76,76,76,76,76,76,76,76,76,76,76,76,76,76,76,76,76,76,76,76,76,76,76,76,83,83,83,83,83,83,83,83,83,83,83,83,83,83,83,83,83,83],"card_choices":[{"not_picked":["Dodge and Roll","Calculated Gamble"],"picked":"Dagger Spray","floor":1.0},{"not_picked":["Prepared","Slice"],"picked":"Dagger Throw","floor":4.0},{"not_picked":["Footwork","Heel Hook"],"picked":"After Image","floor":7.0},{"not_picked":["Acrobatics","Accuracy","Catalyst"],"picked":"SKIP","floor":11.0},{"not_picked":["Accuracy","Dodge and Roll"],"picked":"Dagger Spray","floor":12.0},{"not_picked":["Slice","Outmaneuver"],"picked":"Leg Sweep","floor":13.0},{"not_picked":["Flying Knee","Underhanded Strike","Flechettes"],"picked":"SKIP","floor":14.0},{"not_picked":["Die Die Die","Adrenaline"],"picked":"Malaise","floor":16.0},{"not_picked":["All Out Attack+1","Bane+1","Backstab"],"picked":"SKIP","floor":18.0},{"not_picked":["Sucker Punch","Underhanded Strike","Quick Slash"],"picked":"SKIP","floor":20.0},{"not_picked":["Flying Knee","Deflect","Slice"],"picked":"SKIP","floor":21.0},{"not_picked":["Poisoned Stab","Choke","Leg Sweep"],"picked":"SKIP","floor":23.0},{"not_picked":["Prepared","Dagger Spray"],"picked":"Distraction+1","floor":24.0},{"not_picked":["Deflect","Heel Hook+1"],"picked":"Malaise","floor":28.0},{"not_picked":["All Out Attack+1","Reflex","Sucker Punch"],"picked":"SKIP","floor":35.0},{"not_picked":["Setup","Riddle With Holes","Dagger Spray"],"picked":"SKIP","floor":36.0},{"not_picked":["Choke","Bane","Tactician"],"picked":"SKIP","floor":38.0},{"not_picked":["Underhanded Strike","Blade Dance+1","Flechettes"],"picked":"SKIP","floor":44.0},{"not_picked":["Caltrops","Cloak And Dagger"],"picked":"Deadly Poison","floor":46},{"not_picked":["Escape Plan","Bane"],"picked":"Backflip+1","floor":48},{"not_picked":["Cloak And Dagger","Phantasmal Killer","Expertise"],"picked":"SKIP","floor":55}],"player_experience":3116175,"relics_obtained":[{"floor":5.0,"key":"Gremlin Horn"},{"floor":7.0,"key":"Pocketwatch"},{"floor":11.0,"key":"Blood Vial"},{"floor":13.0,"key":"Potion Belt"},{"floor":23.0,"key":"Ice Cream"},{"floor":26.0,"key":"Smiling Mask"},{"floor":28.0,"key":"Shovel"},{"floor":42.0,"key":"Happy Flower"},{"floor":43.0,"key":"Mummified Hand"},{"floor":44.0,"key":"Lizard Tail"},{"floor":46,"key":"Anchor"},{"floor":53,"key":"Bottled Tornado"},{"floor":55,"key":"Ornamental Fan"}],"event_choices":[{"damage_healed":0.0,"max_hp_gain":0.0,"max_hp_loss":0.0,"gold_gain":0.0,"event_name":"Living Wall","player_choice":"Grow","floor":2.0,"gold_loss":0.0,"damage_taken":0.0,"cards_upgraded":["Predator"]},{"damage_healed":0.0,"max_hp_gain":5.0,"max_hp_loss":0.0,"gold_gain":0.0,"event_name":"Big Fish","player_choice":"Donut","floor":3.0,"gold_loss":0.0,"damage_taken":0.0},{"damage_healed":0.0,"max_hp_gain":0.0,"max_hp_loss":0.0,"gold_gain":0.0,"event_name":"Back to Basics","player_choice":"Simplicity","floor":22.0,"gold_loss":0.0,"damage_taken":0.0,"cards_upgraded":["Defend_G","Defend_G","Defend_G","Defend_G"]},{"damage_healed":0.0,"max_hp_gain":0.0,"max_hp_loss":0.0,"gold_gain":50.0,"event_name":"Nest","player_choice":"Stole From Cult","floor":25.0,"gold_loss":0.0,"damage_taken":0.0},{"damage_healed":0.0,"max_hp_gain":0.0,"max_hp_loss":0.0,"gold_gain":0.0,"cards_transformed":["Eviscerate","Distraction"],"event_name":"Drug Dealer","player_choice":"Became Test Subject","floor":30.0,"gold_loss":0.0,"damage_taken":0.0,"cards_obtained":["Corpse Explosion","Bullet Time"]},{"damage_healed":0.0,"max_hp_gain":0.0,"max_hp_loss":0.0,"gold_gain":0.0,"event_name":"SensoryStone","player_choice":"Memory 1","floor":37.0,"gold_loss":0.0,"damage_taken":0.0},{"cards_removed":["Bane"],"damage_healed":5,"gold_gain":0,"player_choice":"Offered Common","damage_taken":0,"max_hp_gain":0,"max_hp_loss":0,"event_name":"Bonfire Elementals","floor":45,"gold_loss":0},{"cards_removed":["Bane"],"damage_healed":5,"gold_gain":0,"player_choice":"Offered Special","damage_taken":0,"max_hp_gain":0,"max_hp_loss":0,"event_name":"Bonfire Elementals","floor":45,"gold_loss":0}],"is_beta":true,"boss_relics":[{"not_picked":["Calling Bell","Runic Dome"],"picked":"Astrolabe"},{"not_picked":["HoveringKite","SacredBark"],"picked":"SlaversCollar"}],"items_purged_floors":[19],"is_endless":false,"potions_floor_spawned":[1,7,11,16,21,23,33,35,46,48],"ascension_level":20}