{"gold_per_floor":[110,110,130,143,143,143,157,190,490,35,35,67,77,77,77,149,149,167,185,195,0,0,0],"floor_reached":23,"playtime":1320,"items_purged":[],"score":402,"play_id":"7ae924cb-4062-4c43-a412-e57d06a4b3c3","local_time":"20210125204250","is_ascension_mode":true,"campfire_choices":[{"data":"Riddle With Holes","floor":6.0,"key":"SMITH"},{"floor":11.0,"key":"REST"},{"data":"Caltrops","floor":15.0,"key":"SMITH"}],"neow_cost":"NONE","seed_source_timestamp":1018370578109800,"circlet_count":0,"master_deck":["AscendersBane","Defend_G","Defend_G","Defend_G","Defend_G","Survivor","Neutralize","Riddle With Holes+1","Deadly Poison","Quick Slash","Caltrops+1","Acrobatics","Glass Knife","Noxious Fumes","Footwork","Corpse Explosion","Backflip+1","Calculated Gamble","Blade Dance","Tactician","Blur"],"special_seed":0,"relics":["SacredBark","Tingsha","Old Coin","Omamori","Bird Faced Urn","Question Card","Empty Cage"],"potions_floor_usage":[],"damage_taken":[{"damage":0.0,"enemies":"Cultist","floor":1.0,"turns":4.0},{"damage":0.0,"enemies":"Jaw Worm","floor":3.0,"turns":5.0},{"damage":3.0,"enemies":"Small Slimes","floor":4.0,"turns":4.0},{"damage":13.0,"enemies":"Exordium Wildlife","floor":7.0,"turns":6.0},{"damage":8.0,"enemies":"Gremlin Nob","floor":8.0,"turns":3.0},{"damage":12.0,"enemies":"Lagavulin","floor":12.0,"turns":7.0},{"damage":0.0,"enemies":"3 Louse","floor":13.0,"turns":4.0},{"damage":33.0,"enemies":"The Guardian","floor":16.0,"turns":11.0},{"damage":17.0,"enemies":"2 Thieves","floor":18.0,"turns":2.0},{"damage":9.0,"enemies":"Chosen","floor":19.0,"turns":3.0},{"damage":33.0,"enemies":"Sentry and Sphere","floor":20.0,"turns":7.0},{"damage":20,"enemies":"Book of Stabbing","floor":23,"turns":1}],"seed_played":"7712475034498101517","potions_obtained":[{"floor":1.0,"key":"Dexterity Potion"},{"floor":3.0,"key":"SneckoOil"},{"floor":4.0,"key":"Strength Potion"},{"floor":12.0,"key":"Energy Potion"},{"floor":18.0,"key":"GamblersBrew"},{"floor":19.0,"key":"SteroidPotion"}],"is_trial":false,"path_per_floor":["M","?","M","M","?","R","M","E","T","$","R","E","M","T","R","B",null,"M","M","M","?","?","E"],"character_chosen":"THE_SILENT","items_purchased":["Fire Potion","Glass Knife","Omamori","Noxious Fumes"],"campfire_rested":1,"item_purchase_floors":[10,10,10,10],"current_hp_per_floor":[59,59,59,56,49,49,36,28,28,28,47,35,35,35,35,8,52,37,30,3,3,3,0],"gold":0,"neow_bonus":"BOSS_RELIC","is_prod":false,"is_daily":false,"chose_seed":false,"campfire_upgraded":2,"win_rate":0,"timestamp":1611636170,"path_taken":["M","?","M","?","?","R","M","E","T","$","R","E","M","?","R","BOSS","M","M","M","?","?","E"],"build_version":"2020-12-18","purchased_purges":0,"victory":false,"max_hp_per_floor":[66,66,66,66,66,66,66,66,66,66,66,66,66,66,66,66,66,66,66,66,66,66,66],"relic_stats":{"counters":[12,57],"Bird Faced Urn":[18],"Tingsha":[42],"Question Card":4,"obtain_stats":[{"SacredBark":0,"Bird Faced Urn":12,"Tingsha":8,"Omamori":10,"Question Card":14,"Empty Cage":17,"Ring of the Snake":0,"Old Coin":9},{"SacredBark":0,"Bird Faced Urn":6,"Tingsha":5,"Omamori":5,"Question Card":7,"Empty Cage":8,"Ring of the Snake":0,"Old Coin":5},{"SacredBark":0,"Bird Faced Urn":29,"Tingsha":22,"Omamori":22,"Question Card":33,"Empty Cage":44,"Ring of the Snake":0,"Old Coin":22}]},"card_choices":[{"not_picked":["Prepared","Bouncing Flask"],"picked":"Riddle With Holes","floor":1.0},{"not_picked":["Bane","Dodge and Roll"],"picked":"Deadly Poison","floor":3.0},{"not_picked":["Blur","Outmaneuver"],"picked":"Quick Slash","floor":4.0},{"not_picked":["Tactician","Riddle With Holes"],"picked":"Caltrops","floor":7.0},{"not_picked":["Cloak And Dagger","Sucker Punch"],"picked":"Acrobatics","floor":8.0},{"not_picked":["Eviscerate","Cloak And Dagger","Calculated Gamble"],"picked":"SKIP","floor":12.0},{"not_picked":["Poisoned Stab","Terror"],"picked":"Footwork","floor":13.0},{"not_picked":["Burst","Malaise","Storm of Steel"],"picked":"Corpse Explosion","floor":16.0},{"not_picked":["Sucker Punch","PiercingWail","Flying Knee"],"picked":"Backflip+1","floor":18.0},{"not_picked":["Backflip","Bouncing Flask","Heel Hook"],"picked":"Calculated Gamble","floor":19.0},{"not_picked":["Dagger Throw","Dagger Spray","Quick Slash"],"picked":"Blade Dance","floor":20.0}],"player_experience":3170488,"relics_obtained":[{"floor":8.0,"key":"Tingsha"},{"floor":9.0,"key":"Old Coin"},{"floor":12.0,"key":"Bird Faced Urn"},{"floor":14.0,"key":"Question Card"}],"event_choices":[{"cards_removed":["Strike_G"],"damage_healed":0.0,"max_hp_gain":0.0,"max_hp_loss":0.0,"gold_gain":0.0,"event_name":"Bonfire Elementals","player_choice":"Offered Basic","floor":2.0,"gold_loss":0.0,"damage_taken":0.0},{"cards_removed":["Strike_G"],"damage_healed":0.0,"max_hp_gain":0.0,"max_hp_loss":0.0,"gold_gain":0.0,"event_name":"Golden Wing","player_choice":"Card Removal","floor":5.0,"gold_loss":0.0,"damage_taken":7.0},{"damage_healed":0.0,"max_hp_gain":0.0,"max_hp_loss":0.0,"gold_gain":0.0,"event_name":"Masked Bandits","player_choice":"Paid Fearfully","floor":21.0,"gold_loss":195.0,"damage_taken":0.0},{"damage_healed":0.0,"max_hp_gain":0.0,"max_hp_loss":0.0,"gold_gain":0.0,"cards_transformed":["Strike_G","Strike_G"],"event_name":"Drug Dealer","player_choice":"Became Test Subject","floor":22.0,"gold_loss":0.0,"damage_taken":0.0,"cards_obtained":["Tactician","Blur"]}],"is_beta":true,"boss_relics":[{"not_picked":["Philosopher\u0027s Stone","Busted Crown"],"picked":"Empty Cage"}],"items_purged_floors":[],"is_endless":false,"potions_floor_spawned":[1,3,4,12,18,19],"killed_by":"Book of Stabbing","ascension_level":20}