{"gold_per_floor":[109,119,119,45,59,88,88,88,88,101,101,129,148,166,166,240,240,253,253,266,281,281,313,313,324,400,400,43,43,69,69,69,146,446,459,509,509,519,93,93,127,127,127,127,18,43,61,86,86,86,86,86,86,0,34,34],"floor_reached":56,"playtime":4488,"items_purged":["Pain"],"score":2037,"play_id":"3f8e1e6a-8532-494f-987d-eb82797897aa","local_time":"20210127212350","is_ascension_mode":true,"campfire_choices":[{"data":"Accuracy","floor":7.0,"key":"SMITH"},{"data":"Blade Dance","floor":11.0,"key":"SMITH"},{"floor":15.0,"key":"REST"},{"data":"Ghostly","floor":24.0,"key":"SMITH"},{"data":"Ghostly","floor":27.0,"key":"SMITH"},{"data":"Ghostly","floor":32.0,"key":"SMITH"},{"floor":40.0,"key":"RECALL"},{"data":"Malaise","floor":44.0,"key":"SMITH"},{"data":"Calculated Gamble","floor":49.0,"key":"SMITH"},{"data":"Tools of the Trade","floor":53.0,"key":"SMITH"}],"neow_cost":"TEN_PERCENT_HP_LOSS","seed_source_timestamp":1190435825639900,"circlet_count":0,"master_deck":["AscendersBane","Survivor","Neutralize","Infinite Blades","Blade Dance+1","Accuracy+1","Backstab","PiercingWail+1","Bouncing Flask","Cloak And Dagger","Footwork","Calculated Gamble+1","Dash","Terror","Grand Finale","Blade Dance+1","Endless Agony","Tools of the Trade+1","Dagger Spray","Blade Dance","Unload","Backflip+1","Well Laid Plans","Ghostly+1","Ghostly+1","Ghostly+1","Storm of Steel","Footwork","After Image","Malaise+1","CurseOfTheBell","Distraction+1","Footwork+1","Accuracy+1","Deflect","Backflip","Dodge and Roll","Backflip"],"special_seed":0,"relics":["Ring of the Snake","Ginger","Pocketwatch","Tough Bandages","Pandora\u0027s Box","Nloth\u0027s Gift","Pear","Bottled Lightning","TungstenRod","MealTicket","Ninja Scroll","Calling Bell","Dream Catcher","Frozen Egg 2","Old Coin","WingedGreaves","WarpedTongs","InkBottle","War Paint","Turnip","StrikeDummy","Du-Vu Doll"],"potions_floor_usage":[],"damage_taken":[{"damage":3.0,"enemies":"Small Slimes","floor":1.0,"turns":3.0},{"damage":0.0,"enemies":"2 Louse","floor":2.0,"turns":2.0},{"damage":0.0,"enemies":"Cultist","floor":5.0,"turns":3.0},{"damage":28.0,"enemies":"Gremlin Nob","floor":6.0,"turns":4.0},{"damage":0.0,"enemies":"2 Fungi Beasts","floor":10.0,"turns":3.0},{"damage":19.0,"enemies":"Lagavulin","floor":12.0,"turns":4.0},{"damage":0.0,"enemies":"Gremlin Gang","floor":13.0,"turns":3.0},{"damage":0.0,"enemies":"Exordium Wildlife","floor":14.0,"turns":3.0},{"damage":30.0,"enemies":"Slime Boss","floor":16.0,"turns":8.0},{"damage":5.0,"enemies":"3 Byrds","floor":18.0,"turns":5.0},{"damage":11.0,"enemies":"Shell Parasite","floor":20.0,"turns":3.0},{"damage":0.0,"enemies":"Snecko","floor":21.0,"turns":2.0},{"damage":0.0,"enemies":"Gremlin Leader","floor":23.0,"turns":4.0},{"damage":0.0,"enemies":"Cultist and Chosen","floor":25.0,"turns":5.0},{"damage":20.0,"enemies":"Slavers","floor":30.0,"turns":6.0},{"damage":3.0,"enemies":"Automaton","floor":33.0,"turns":8.0},{"damage":7.0,"enemies":"3 Darklings","floor":35.0,"turns":6.0},{"damage":0.0,"enemies":"2 Orb Walkers","floor":36.0,"turns":6.0},{"damage":0.0,"enemies":"Orb Walker","floor":38.0,"turns":3.0},{"damage":12.0,"enemies":"Reptomancer","floor":41.0,"turns":5.0},{"damage":0.0,"enemies":"Nemesis","floor":46.0,"turns":8.0},{"damage":0.0,"enemies":"Transient","floor":47.0,"turns":6.0},{"damage":7.0,"enemies":"Giant Head","floor":48.0,"turns":5.0},{"damage":24.0,"enemies":"Time Eater","floor":50.0,"turns":10.0},{"damage":15.0,"enemies":"Awakened One","floor":51.0,"turns":16.0},{"damage":26.0,"enemies":"Shield and Spear","floor":55.0,"turns":8.0},{"damage":32,"enemies":"The Heart","floor":56,"turns":3}],"seed_played":"5786733367108211056","potions_obtained":[{"floor":2.0,"key":"ColorlessPotion"},{"floor":6.0,"key":"AttackPotion"},{"floor":10.0,"key":"DistilledChaos"},{"floor":13.0,"key":"PowerPotion"},{"floor":20.0,"key":"EntropicBrew"},{"floor":25.0,"key":"Dexterity Potion"},{"floor":35.0,"key":"Swift Potion"},{"floor":38.0,"key":"DuplicationPotion"},{"floor":46.0,"key":"CunningPotion"},{"floor":55.0,"key":"Poison Potion"}],"is_trial":false,"path_per_floor":["M","M","?","$","M","E","R","?","T","M","R","E","M","M","R","B",null,"M","?","M","M","?","E","R","M","T","R","$","?","E","T","R","B",null,"M","?","?","M","$","R","E","?","T","R","$","E","M","E","R","B","B",null,"R","$","E","B"],"character_chosen":"THE_SILENT","items_purchased":["Accuracy","TungstenRod","Footwork","InkBottle","Accuracy+1","Deflect","AttackPotion","DuplicationPotion"],"campfire_rested":1,"item_purchase_floors":[4,28,28,39,39,45,45,54],"current_hp_per_floor":[56,56,61,61,61,33,33,33,33,33,33,14,14,14,33,3,50,45,45,34,34,32,42,42,42,42,42,42,42,22,22,22,19,36,29,29,29,29,42,42,30,52,52,52,52,52,52,45,45,21,6,41,41,52,26,0],"gold":34,"neow_bonus":"ONE_RARE_RELIC","is_prod":false,"is_daily":false,"chose_seed":false,"campfire_upgraded":8,"win_rate":0,"timestamp":1611811430,"path_taken":["M","M","?","$","M","E","R","?","T","M","R","E","?","M","R","BOSS","M","?","?","M","?","E","R","M","T","R","$","?","E","?","R","BOSS","M","?","?","?","$","R","E","?","T","R","?","E","?","E","R","BOSS","BOSS","R","$","E","BOSS"],"build_version":"2020-12-18","purchased_purges":1,"victory":false,"max_hp_per_floor":[60,60,65,65,65,65,65,65,65,65,65,65,65,65,65,65,65,65,65,65,65,32,42,42,42,42,42,42,42,42,42,42,42,42,42,42,42,42,42,42,42,52,52,52,52,52,52,52,52,52,52,52,52,52,52,52],"relic_stats":{"counters":[27,142],"Ginger":[11],"War Paint":["Blade Dance","PiercingWail"],"WarpedTongs":[64],"Tough Bandages":[618],"Dream Catcher":0,"Pandora\u0027s Box":["Dash","Terror","Grand Finale","Blade Dance","Die Die Die","Endless Agony","Tools of the Trade","Dagger Spray","Blade Dance","Unload"],"MealTicket":24,"Turnip":[5],"Nloth\u0027s Gift":4,"obtain_stats":[{"Pear":23,"Ginger":0,"Frozen Egg 2":34,"War Paint":41,"Old Coin":34,"WarpedTongs":37,"Calling Bell":34,"Du-Vu Doll":55,"Tough Bandages":12,"Dream Catcher":34,"Ninja Scroll":31,"Pandora\u0027s Box":17,"MealTicket":30,"WingedGreaves":36,"Turnip":46,"Nloth\u0027s Gift":19,"Bottled Lightning":26,"StrikeDummy":48,"TungstenRod":28,"InkBottle":39,"Ring of the Snake":0,"Pocketwatch":6,"NlothsMask":8},{"Pear":13,"Ginger":0,"Frozen Egg 2":16,"War Paint":20,"Old Coin":16,"WarpedTongs":18,"Calling Bell":16,"Du-Vu Doll":26,"Tough Bandages":6,"Dream Catcher":16,"Ninja Scroll":15,"Pandora\u0027s Box":9,"MealTicket":15,"WingedGreaves":18,"Turnip":21,"Nloth\u0027s Gift":10,"Bottled Lightning":14,"StrikeDummy":23,"TungstenRod":14,"InkBottle":19,"Ring of the Snake":0,"Pocketwatch":4,"NlothsMask":4},{"Pear":47,"Ginger":0,"Frozen Egg 2":66,"War Paint":86,"Old Coin":66,"WarpedTongs":78,"Calling Bell":66,"Du-Vu Doll":139,"Tough Bandages":19,"Dream Catcher":66,"Ninja Scroll":58,"Pandora\u0027s Box":33,"MealTicket":58,"WingedGreaves":78,"Turnip":94,"Nloth\u0027s Gift":38,"Bottled Lightning":52,"StrikeDummy":105,"TungstenRod":52,"InkBottle":81,"Ring of the Snake":0,"Pocketwatch":12,"NlothsMask":12}],"TungstenRod":51,"InkBottle":[41],"Ring of the Snake":[52],"Pocketwatch":[62]},"card_choices":[{"not_picked":["Deflect","Acrobatics"],"picked":"Infinite Blades","floor":1.0},{"not_picked":["Finisher","Poisoned Stab"],"picked":"Blade Dance","floor":2.0},{"not_picked":["Dagger Spray","Calculated Gamble"],"picked":"Backstab","floor":5.0},{"not_picked":["Underhanded Strike","Flechettes"],"picked":"PiercingWail","floor":6.0},{"not_picked":["Expertise","Backstab"],"picked":"Bouncing Flask","floor":10.0},{"not_picked":["Bouncing Flask","Backstab"],"picked":"Cloak And Dagger","floor":12.0},{"not_picked":["Venomology","Dagger Spray"],"picked":"Footwork","floor":13.0},{"not_picked":["Acrobatics","Dodge and Roll"],"picked":"Calculated Gamble","floor":14.0},{"not_picked":["Terror","Deflect"],"picked":"Backflip+1","floor":18.0},{"not_picked":["Flechettes","Heel Hook"],"picked":"Well Laid Plans","floor":20.0},{"not_picked":["Quick Slash","Outmaneuver","Slice"],"picked":"SKIP","floor":21.0},{"not_picked":["Distraction","Bullet Time","Quick Slash"],"picked":"SKIP","floor":23.0},{"not_picked":["Setup","Slice"],"picked":"Storm of Steel","floor":25.0},{"not_picked":["Caltrops","Outmaneuver"],"picked":"After Image","floor":30.0},{"not_picked":["Adrenaline","Doppelganger"],"picked":"Malaise","floor":33.0},{"not_picked":["Dagger Throw","Cloak And Dagger"],"picked":"Distraction+1","floor":35.0},{"not_picked":["Bane","Heel Hook"],"picked":"Footwork+1","floor":36.0},{"not_picked":["Terror+1","Dagger Spray","Backstab+1"],"picked":"SKIP","floor":38.0},{"not_picked":["Slice","Masterful Stab+1","Storm of Steel"],"picked":"SKIP","floor":41.0},{"not_picked":["Dagger Spray+1","Accuracy+1"],"picked":"Backflip","floor":46.0},{"not_picked":["Prepared+1","Blade Dance"],"picked":"Dodge and Roll","floor":47.0},{"not_picked":["Glass Knife","Infinite Blades+1","Expertise"],"picked":"SKIP","floor":48.0},{"not_picked":["Poisoned Stab","Dagger Spray"],"picked":"Backflip","floor":55.0}],"player_experience":3190292,"relics_obtained":[{"floor":6.0,"key":"Pocketwatch"},{"floor":12.0,"key":"Tough Bandages"},{"floor":23.0,"key":"Pear"},{"floor":26.0,"key":"Bottled Lightning"},{"floor":30.0,"key":"MealTicket"},{"floor":31.0,"key":"Ninja Scroll"},{"floor":34.0,"key":"Dream Catcher"},{"floor":34.0,"key":"Frozen Egg 2"},{"floor":34.0,"key":"Old Coin"},{"floor":36.0,"key":"WingedGreaves"},{"floor":41.0,"key":"War Paint"},{"floor":46.0,"key":"Turnip"},{"floor":48.0,"key":"StrikeDummy"},{"floor":55.0,"key":"Du-Vu Doll"}],"event_choices":[{"damage_healed":0.0,"max_hp_gain":5.0,"max_hp_loss":0.0,"gold_gain":0.0,"event_name":"Big Fish","player_choice":"Donut","floor":3.0,"gold_loss":0.0,"damage_taken":0.0},{"damage_healed":0.0,"max_hp_gain":0.0,"max_hp_loss":0.0,"gold_gain":0.0,"event_name":"FaceTrader","player_choice":"Trade","floor":8.0,"gold_loss":0.0,"damage_taken":0.0,"relics_obtained":["NlothsMask"]},{"damage_healed":0.0,"max_hp_gain":0.0,"max_hp_loss":0.0,"gold_gain":0.0,"event_name":"N\u0027loth","player_choice":"Traded Relic","floor":19.0,"relics_lost":["NlothsMask"],"gold_loss":0.0,"damage_taken":0.0,"relics_obtained":["Nloth\u0027s Gift"]},{"damage_healed":0.0,"max_hp_gain":0.0,"max_hp_loss":33.0,"gold_gain":0.0,"event_name":"Ghosts","player_choice":"Became a Ghost","floor":22.0,"gold_loss":0.0,"damage_taken":0.0,"cards_obtained":["Ghostly","Ghostly","Ghostly"]},{"damage_healed":0.0,"max_hp_gain":0.0,"max_hp_loss":0.0,"gold_gain":0.0,"event_name":"The Mausoleum","player_choice":"Ignored","floor":29.0,"gold_loss":0.0,"damage_taken":0.0},{"damage_healed":0.0,"max_hp_gain":0.0,"max_hp_loss":0.0,"gold_gain":0.0,"event_name":"Mysterious Sphere","player_choice":"Fight","floor":36.0,"gold_loss":0.0,"damage_taken":0.0},{"damage_healed":0.0,"max_hp_gain":0.0,"max_hp_loss":0.0,"gold_gain":0.0,"event_name":"Accursed Blacksmith","player_choice":"Rummage","floor":37.0,"gold_loss":0.0,"damage_taken":0.0,"relics_obtained":["WarpedTongs"],"cards_obtained":["Pain"]},{"cards_removed":["Die Die Die"],"damage_healed":12.0,"max_hp_gain":10.0,"max_hp_loss":0.0,"gold_gain":0.0,"event_name":"Bonfire Elementals","player_choice":"Offered Rare","floor":42.0,"gold_loss":0.0,"damage_taken":0.0}],"is_beta":true,"boss_relics":[{"not_picked":["Busted Crown","Ectoplasm"],"picked":"Pandora\u0027s Box"},{"not_picked":["Velvet Choker","Empty Cage"],"picked":"Calling Bell"}],"items_purged_floors":[39],"is_endless":false,"potions_floor_spawned":[2,6,10,13,20,21,25,35,38,46,47,55],"killed_by":"The Heart","ascension_level":20}