{"gold_per_floor":[118,132,407,425,45,71,71,71,71,82,82,109,109,138,138,217,217,237,237,249,38,38,38,72,72,72,72,86,101,131,150,150,222,222,240,23,36,36,55,82,100,100,100,120,136,136,147,163,163,163],"floor_reached":50,"playtime":6481,"items_purged":["Regret"],"score":1303,"play_id":"beee3743-3b94-4ea2-85a4-474e33be8372","local_time":"20210124105336","is_ascension_mode":true,"campfire_choices":[{"data":"Envenom","floor":7.0,"key":"SMITH"},{"floor":13.0,"key":"REST"},{"data":"Poisoned Stab","floor":15.0,"key":"SMITH"},{"floor":23.0,"key":"REST"},{"floor":25.0,"key":"REST"},{"floor":27.0,"key":"REST"},{"floor":32.0,"key":"REST"},{"floor":46,"key":"RECALL"},{"floor":49,"key":"REST"}],"neow_cost":"NONE","seed_source_timestamp":891401313967800,"circlet_count":0,"master_deck":["AscendersBane","Strike_G+1","Strike_G+1","Strike_G+1","Defend_G+1","Defend_G+1","Defend_G+1","Defend_G+1","Defend_G+1","Survivor","Neutralize","Poisoned Stab+1","Underhanded Strike","Deadly Poison","Dagger Throw","Venomology","Envenom+1","PiercingWail","Well Laid Plans","Dagger Spray","Tools of the Trade","Prepared+1","Poisoned Stab","Venomology+1","Dodge and Roll+1","Dodge and Roll+1","Blade Dance+1","Cloak And Dagger+1","Night Terror+1","Footwork","Backflip+1","Calculated Gamble+1","Backflip+1","Terror+1","Dodge and Roll+1","Deep Breath+1","Footwork+1","Accuracy+1","Doppelganger+1","Clumsy","Deflect+1","Blade Dance+1"],"special_seed":0,"relics":["Ring of the Snake","Strawberry","InkBottle","HornCleat","The Courier","Ancient Tea Set","Ice Cream","SlaversCollar","Toxic Egg 2","Ornamental Fan","Paper Crane","The Specimen","Cursed Key","Orrery","Singing Bowl"],"potions_floor_usage":[42,42,45,45,47,48,50,50,50,50,50],"damage_taken":[{"damage":6.0,"enemies":"Jaw Worm","floor":1.0,"turns":6.0},{"damage":1.0,"enemies":"Cultist","floor":2.0,"turns":4.0},{"damage":0.0,"enemies":"2 Louse","floor":4.0,"turns":2.0},{"damage":8.0,"enemies":"Gremlin Nob","floor":6.0,"turns":3.0},{"damage":6.0,"enemies":"Looter","floor":10.0,"turns":3.0},{"damage":13.0,"enemies":"Lagavulin","floor":12.0,"turns":6.0},{"damage":6.0,"enemies":"3 Sentries","floor":14.0,"turns":9.0},{"damage":25.0,"enemies":"The Guardian","floor":16.0,"turns":8.0},{"damage":35.0,"enemies":"Shell Parasite","floor":18.0,"turns":6.0},{"damage":21.0,"enemies":"Spheric Guardian","floor":20.0,"turns":10.0},{"damage":22.0,"enemies":"Book of Stabbing","floor":24.0,"turns":5.0},{"damage":4.0,"enemies":"Snake Plant","floor":28.0,"turns":3.0},{"damage":6.0,"enemies":"Cultist and Chosen","floor":29.0,"turns":8.0},{"damage":12.0,"enemies":"Slavers","floor":30.0,"turns":5.0},{"damage":15.0,"enemies":"Chosen and Byrds","floor":31.0,"turns":7.0},{"damage":0.0,"enemies":"Champ","floor":33.0,"turns":7.0},{"damage":5.0,"enemies":"3 Darklings","floor":35.0,"turns":6.0},{"damage":0.0,"enemies":"3 Shapes","floor":37.0,"turns":4.0},{"damage":0.0,"enemies":"Maw","floor":39.0,"turns":7.0},{"damage":0.0,"enemies":"Giant Head","floor":40.0,"turns":3.0},{"damage":0.0,"enemies":"Spire Growth","floor":41.0,"turns":5.0},{"damage":29,"enemies":"Reptomancer","floor":42,"turns":3},{"damage":9,"enemies":"4 Shapes","floor":44,"turns":10},{"damage":0,"enemies":"3 Darklings","floor":45,"turns":8},{"damage":0,"enemies":"Transient","floor":47,"turns":6},{"damage":1,"enemies":"Writhing Mass","floor":48,"turns":7},{"damage":63,"enemies":"Time Eater","floor":50,"turns":10}],"seed_played":"-695737399041498505","potions_obtained":[{"floor":2.0,"key":"EssenceOfSteel"},{"floor":20.0,"key":"SteroidPotion"},{"floor":28.0,"key":"EssenceOfSteel"},{"floor":33.0,"key":"DistilledChaos"},{"floor":40.0,"key":"SmokeBomb"},{"floor":48,"key":"EntropicBrew"}],"is_trial":false,"path_per_floor":["M","M","?","M","$","E","R","$","T","M","?","E","R","E","R","B",null,"M","?","M","$","?","R","E","R","T","R","M","M","E","M","R","B",null,"M","$","M","?","M","E","M","E","T","M","M","R","M","M","R","B"],"character_chosen":"THE_SILENT","items_purchased":["Dagger Throw","CunningPotion","Venomology","Toxic Egg 2","Orrery","Deep Breath+1"],"campfire_rested":6,"item_purchase_floors":[5,5,5,21,36,36],"current_hp_per_floor":[60,59,59,59,59,51,51,51,51,45,40,27,48,42,42,17,59,24,24,3,3,3,24,2,23,23,44,40,34,22,7,28,28,62,57,57,57,57,57,66,68,39,39,30,30,30,32,33,56,0],"gold":163,"neow_bonus":"RANDOM_COMMON_RELIC","is_prod":false,"is_daily":false,"chose_seed":false,"campfire_upgraded":2,"win_rate":0,"timestamp":1611514416,"path_taken":["M","M","?","M","$","E","R","?","T","?","?","E","R","E","R","BOSS","M","?","M","$","?","R","E","R","T","R","M","M","E","?","R","BOSS","M","$","M","?","M","E","M","E","T","M","M","R","M","M","R","BOSS"],"build_version":"2020-12-18","purchased_purges":1,"victory":false,"max_hp_per_floor":[73,73,73,73,73,73,73,73,73,73,73,73,73,73,73,73,73,73,73,73,73,73,73,73,73,73,73,73,73,73,73,73,73,73,73,73,73,73,73,73,75,75,75,75,75,75,77,79,79,79],"relic_stats":{"Singing Bowl":6,"counters":[27,161],"Ornamental Fan":[216],"Cursed Key":1,"obtain_stats":[{"Ice Cream":14,"The Specimen":30,"Singing Bowl":40,"The Courier":11,"Paper Crane":26,"Ancient Tea Set":12,"Cursed Key":34,"SlaversCollar":17,"HornCleat":9,"Ornamental Fan":24,"Strawberry":0,"Orrery":36,"Toxic Egg 2":21,"InkBottle":6,"Ring of the Snake":0},{"Ice Cream":7,"The Specimen":14,"Singing Bowl":20,"The Courier":5,"Paper Crane":11,"Ancient Tea Set":6,"Cursed Key":16,"SlaversCollar":8,"HornCleat":4,"Ornamental Fan":11,"Strawberry":0,"Orrery":17,"Toxic Egg 2":10,"InkBottle":4,"Ring of the Snake":0},{"Ice Cream":33,"The Specimen":78,"Singing Bowl":112,"The Courier":18,"Paper Crane":62,"Ancient Tea Set":24,"Cursed Key":92,"SlaversCollar":41,"HornCleat":15,"Ornamental Fan":62,"Strawberry":0,"Orrery":98,"Toxic Egg 2":57,"InkBottle":15,"Ring of the Snake":0}],"InkBottle":[76],"Ring of the Snake":[54]},"card_choices":[{"not_picked":["Deadly Poison","Backflip"],"picked":"Poisoned Stab","floor":1.0},{"not_picked":["Bane","Deflect"],"picked":"Underhanded Strike","floor":2.0},{"not_picked":["Dodge and Roll","Flying Knee"],"picked":"Deadly Poison","floor":4.0},{"not_picked":["Dagger Spray","Prepared"],"picked":"Envenom","floor":6.0},{"not_picked":["Sucker Punch","Escape Plan"],"picked":"PiercingWail","floor":10.0},{"not_picked":["Infinite Blades","Quick Slash"],"picked":"Well Laid Plans","floor":12.0},{"not_picked":["Dagger Throw","Footwork"],"picked":"Dagger Spray","floor":14.0},{"not_picked":["Unload","Storm of Steel"],"picked":"Tools of the Trade","floor":16.0},{"not_picked":["Endless Agony","Well Laid Plans+1"],"picked":"Prepared+1","floor":18.0},{"not_picked":["Heel Hook","Deadly Poison"],"picked":"Poisoned Stab","floor":20.0},{"not_picked":["Glass Knife","Masterful Stab"],"picked":"Dodge and Roll+1","floor":24.0},{"not_picked":["Quick Slash","Outmaneuver+1"],"picked":"Dodge and Roll+1","floor":28.0},{"not_picked":["Prepared+1","Deflect+1"],"picked":"Blade Dance+1","floor":29.0},{"not_picked":["Sucker Punch","Setup+1","Choke"],"picked":"SKIP","floor":30.0},{"not_picked":["Accuracy","A Thousand Cuts"],"picked":"Cloak And Dagger+1","floor":31.0},{"not_picked":["Storm of Steel+1","A Thousand Cuts"],"picked":"Night Terror+1","floor":33.0},{"not_picked":["Bane+1","Outmaneuver+1"],"picked":"Footwork","floor":35.0},{"not_picked":["A Thousand Cuts","Deadly Poison+1"],"picked":"Backflip+1","floor":36.0},{"not_picked":["Riddle With Holes+1","Sucker Punch"],"picked":"Calculated Gamble+1","floor":36.0},{"not_picked":["Reflex+1","Quick Slash"],"picked":"Backflip+1","floor":36.0},{"not_picked":["Storm of Steel+1","Backstab"],"picked":"Terror+1","floor":36.0},{"not_picked":["Dash","All Out Attack"],"picked":"Dodge and Roll+1","floor":36.0},{"not_picked":["Underhanded Strike+1","Outmaneuver+1"],"picked":"Footwork+1","floor":37.0},{"not_picked":["Dagger Spray","Backflip+1"],"picked":"Accuracy+1","floor":39.0},{"not_picked":["Masterful Stab+1","Dagger Spray"],"picked":"Doppelganger+1","floor":40.0},{"not_picked":["Poisoned Stab","Prepared+1","Reflex+1"],"picked":"Singing Bowl","floor":41.0},{"not_picked":["Deadly Poison+1","Concentrate+1"],"picked":"Deflect+1","floor":44},{"not_picked":["Deadly Poison+1","Infinite Blades"],"picked":"Blade Dance+1","floor":45},{"not_picked":["Finisher","Poisoned Stab","Bane+1"],"picked":"Singing Bowl","floor":47},{"not_picked":["Quick Slash","Reflex+1","Concentrate+1"],"picked":"Singing Bowl","floor":48}],"player_experience":3154044,"relics_obtained":[{"floor":6.0,"key":"InkBottle"},{"floor":9.0,"key":"HornCleat"},{"floor":12.0,"key":"Ancient Tea Set"},{"floor":14.0,"key":"Ice Cream"},{"floor":24.0,"key":"Ornamental Fan"},{"floor":26.0,"key":"Paper Crane"},{"floor":30.0,"key":"The Specimen"},{"floor":40.0,"key":"Singing Bowl"}],"event_choices":[{"damage_healed":0.0,"max_hp_gain":0.0,"max_hp_loss":0.0,"gold_gain":275.0,"event_name":"Golden Shrine","player_choice":"Desecrate","floor":3.0,"gold_loss":0.0,"damage_taken":0.0,"cards_obtained":["Regret"]},{"damage_healed":0.0,"max_hp_gain":0.0,"max_hp_loss":0.0,"gold_gain":0.0,"event_name":"Scrap Ooze","player_choice":"Success","floor":11.0,"gold_loss":0.0,"damage_taken":5.0,"relics_obtained":["The Courier"]},{"damage_healed":0.0,"max_hp_gain":0.0,"max_hp_loss":0.0,"gold_gain":0.0,"event_name":"Back to Basics","player_choice":"Simplicity","floor":19.0,"gold_loss":0.0,"damage_taken":0.0,"cards_upgraded":["Strike_G","Strike_G","Strike_G","Strike_G","Strike_G","Defend_G","Defend_G","Defend_G","Defend_G","Defend_G"]},{"damage_healed":0.0,"max_hp_gain":0.0,"max_hp_loss":0.0,"gold_gain":0.0,"cards_transformed":["Strike_G"],"event_name":"Transmorgrifier","player_choice":"Transformed","floor":22.0,"gold_loss":0.0,"damage_taken":0.0,"cards_obtained":["Venomology"]},{"cards_removed":["Strike_G"],"damage_healed":0.0,"max_hp_gain":0.0,"max_hp_loss":0.0,"gold_gain":0.0,"event_name":"Falling","player_choice":"Removed Attack","floor":38.0,"gold_loss":0.0,"damage_taken":0.0}],"is_beta":true,"boss_relics":[{"not_picked":["WristBlade","Coffee Dripper"],"picked":"SlaversCollar"},{"not_picked":["Busted Crown","Velvet Choker"],"picked":"Cursed Key"}],"items_purged_floors":[5],"is_endless":false,"potions_floor_spawned":[2,6,10,16,20,28,30,31,33,39,40,41,45,48],"killed_by":"Time Eater","ascension_level":20}