{"gold_per_floor":[15,15,15,38,62,62,98,98,98,98,54,77,100,100,100,194,194,208,208,223,242,260,260,289,301,340,352,364,408,15,31,31,104,104,123,123,123,12,12,12],"floor_reached":40,"playtime":3253,"items_purged":["Strike_G"],"score":894,"play_id":"1e18d5cd-a8b3-4663-b24a-aeb40d6e1d69","local_time":"20210128210703","is_ascension_mode":true,"campfire_choices":[{"data":"Quick Slash","floor":6.0,"key":"SMITH"},{"data":"Caltrops","floor":8.0,"key":"SMITH"},{"data":"Neutralize","floor":10.0,"key":"SMITH"},{"data":"Predator","floor":15.0,"key":"SMITH"},{"floor":23,"key":"REST"},{"floor":25,"key":"REST"},{"floor":32,"key":"REST"}],"neow_cost":"NO_GOLD","seed_source_timestamp":0,"circlet_count":0,"master_deck":["AscendersBane","Strike_G","Strike_G","Defend_G","Defend_G","Defend_G","Defend_G","Survivor","Neutralize+1","Masterful Stab","Caltrops+1","Quick Slash+1","Acrobatics","Well Laid Plans","Dash","Predator+1","Crippling Poison+1","Tools of the Trade+1","Cloak And Dagger+1","Dodge and Roll+1","PiercingWail","Noxious Fumes+1","Corpse Explosion+1","Neutralize+1","PiercingWail","PiercingWail+1","Acrobatics+1","Wraith Form v2+1","Backflip+1","Backflip+1"],"special_seed":0,"relics":["Ring of the Snake","Bloody Idol","Frozen Egg 2","Pear","Blood Vial","Fusion Hammer","MawBank","Juzu Bracelet","Gambling Chip","Toxic Egg 2","SlaversCollar"],"potions_floor_usage":[21,21,24,33,40,40],"damage_taken":[{"damage":0.0,"enemies":"2 Louse","floor":1.0,"turns":3.0},{"damage":0.0,"enemies":"Cultist","floor":4.0,"turns":3.0},{"damage":0.0,"enemies":"Jaw Worm","floor":5.0,"turns":3.0},{"damage":29.0,"enemies":"Lagavulin","floor":7.0,"turns":9.0},{"damage":1.0,"enemies":"Lots of Slimes","floor":12.0,"turns":4.0},{"damage":15.0,"enemies":"Gremlin Gang","floor":13.0,"turns":7.0},{"damage":15.0,"enemies":"The Guardian","floor":16.0,"turns":13.0},{"damage":13,"enemies":"Spheric Guardian","floor":18,"turns":4},{"damage":0,"enemies":"3 Byrds","floor":20,"turns":2},{"damage":28,"enemies":"Shelled Parasite and Fungi","floor":21,"turns":7},{"damage":14,"enemies":"Cultist and Chosen","floor":22,"turns":6},{"damage":32,"enemies":"Gremlin Leader","floor":24,"turns":7},{"damage":48,"enemies":"Book of Stabbing","floor":29,"turns":6},{"damage":5,"enemies":"Centurion and Healer","floor":31,"turns":6},{"damage":56,"enemies":"Champ","floor":33,"turns":16},{"damage":26,"enemies":"3 Darklings","floor":35,"turns":4},{"damage":73,"enemies":"Giant Head","floor":40,"turns":9}],"seed_played":"3883967584657650151","potions_obtained":[{"floor":4.0,"key":"SmokeBomb"},{"floor":5.0,"key":"Ancient Potion"},{"floor":18,"key":"PowerPotion"},{"floor":22,"key":"Fruit Juice"},{"floor":31,"key":"Dexterity Potion"},{"floor":33,"key":"Fire Potion"}],"is_trial":false,"path_per_floor":["M","?","$","M","M","R","E","R","T","R","$","M","M","?","R","B",null,"M","?","M","M","M","R","E","R","T","?","?","E","$","M","R","B",null,"M","?","?","$","?","E"],"character_chosen":"THE_SILENT","items_purchased":["Predator","Toxic Egg 2","PiercingWail+1","Backflip+1","SkillPotion"],"campfire_rested":3,"item_purchase_floors":[11,30,30,38,38],"current_hp_per_floor":[59,59,59,59,59,59,30,30,40,40,40,39,24,24,24,11,55,44,44,51,30,23,44,24,51,61,66,71,32,37,39,61,12,59,40,40,40,40,40,0],"gold":12,"neow_bonus":"TRANSFORM_TWO_CARDS","is_prod":false,"is_daily":false,"chose_seed":false,"campfire_upgraded":4,"win_rate":0,"timestamp":1611896823,"path_taken":["M","?","$","M","M","R","E","R","T","R","$","M","M","?","R","BOSS","M","?","M","M","M","R","E","R","T","?","?","E","$","M","R","BOSS","M","?","?","$","?","E"],"build_version":"2020-12-18","purchased_purges":1,"victory":false,"max_hp_per_floor":[66,60,60,60,60,60,60,60,70,70,70,70,70,70,70,70,70,70,70,70,70,70,70,75,75,75,75,75,75,75,75,75,75,75,75,75,75,75,75,75],"relic_stats":{"Blood Vial":20,"counters":[17,109],"Bloody Idol":74,"Gambling Chip":[7],"Juzu Bracelet":2,"MawBank":72,"obtain_stats":[{"Blood Vial":14,"SlaversCollar":34,"Pear":9,"Golden Idol":2,"Bloody Idol":19,"Gambling Chip":29,"Fusion Hammer":17,"Juzu Bracelet":26,"Frozen Egg 2":7,"Toxic Egg 2":30,"MawBank":24,"Ring of the Snake":0},{"Blood Vial":6,"SlaversCollar":15,"Pear":4,"Golden Idol":1,"Bloody Idol":8,"Gambling Chip":13,"Fusion Hammer":7,"Juzu Bracelet":12,"Frozen Egg 2":4,"Toxic Egg 2":13,"MawBank":12,"Ring of the Snake":0},{"Blood Vial":29,"SlaversCollar":96,"Pear":18,"Golden Idol":3,"Bloody Idol":46,"Gambling Chip":74,"Fusion Hammer":42,"Juzu Bracelet":68,"Frozen Egg 2":18,"Toxic Egg 2":74,"MawBank":68,"Ring of the Snake":0}],"Ring of the Snake":[34]},"card_choices":[{"not_picked":["Underhanded Strike","Outmaneuver"],"picked":"Quick Slash","floor":1.0},{"not_picked":["Deflect","Bullet Time"],"picked":"Acrobatics","floor":4.0},{"not_picked":["Masterful Stab","Bane"],"picked":"Well Laid Plans","floor":5.0},{"not_picked":["Sucker Punch","Underhanded Strike"],"picked":"Dash","floor":7.0},{"not_picked":["Outmaneuver","Calculated Gamble","Deadly Poison"],"picked":"SKIP","floor":12.0},{"not_picked":["Cloak And Dagger","Backflip"],"picked":"Crippling Poison","floor":13.0},{"not_picked":["Adrenaline","Burst"],"picked":"Tools of the Trade+1","floor":16.0},{"not_picked":["All Out Attack","Accuracy+1"],"picked":"Cloak And Dagger+1","floor":18},{"not_picked":["Sucker Punch","Deflect"],"picked":"Dodge and Roll+1","floor":20},{"not_picked":["Acrobatics","Bane"],"picked":"PiercingWail","floor":21},{"not_picked":["Setup","Prepared+1"],"picked":"Noxious Fumes+1","floor":22},{"not_picked":["Slice","Backflip"],"picked":"Corpse Explosion","floor":24},{"not_picked":["Quick Slash","Endless Agony"],"picked":"PiercingWail","floor":29},{"not_picked":["Choke","Slice+1"],"picked":"Acrobatics+1","floor":31},{"not_picked":["Storm of Steel+1","Grand Finale"],"picked":"Wraith Form v2+1","floor":33},{"not_picked":["Catalyst+1","Quick Slash"],"picked":"Backflip+1","floor":35}],"player_experience":3200422,"relics_obtained":[{"floor":7.0,"key":"Frozen Egg 2"},{"floor":9.0,"key":"Pear"},{"floor":24,"key":"MawBank"},{"floor":26,"key":"Juzu Bracelet"},{"floor":29,"key":"Gambling Chip"}],"event_choices":[{"damage_healed":0.0,"max_hp_gain":0.0,"max_hp_loss":6.0,"gold_gain":0.0,"event_name":"Golden Idol","player_choice":"Lose Max HP","floor":2.0,"gold_loss":0.0,"damage_taken":0.0,"relics_obtained":["Golden Idol"]},{"damage_healed":0.0,"max_hp_gain":0.0,"max_hp_loss":0.0,"gold_gain":0.0,"event_name":"WeMeetAgain","player_choice":"Gave Potion","floor":14.0,"gold_loss":0.0,"damage_taken":0.0,"relics_obtained":["Blood Vial"]},{"damage_healed":0,"gold_gain":0,"player_choice":"Gave Idol","damage_taken":0,"relics_obtained":["Bloody Idol"],"max_hp_gain":0,"max_hp_loss":0,"event_name":"Forgotten Altar","floor":19,"relics_lost":["Golden Idol"],"gold_loss":0},{"damage_healed":0,"gold_gain":0,"player_choice":"Copied","damage_taken":0,"max_hp_gain":0,"max_hp_loss":0,"event_name":"Duplicator","floor":27,"gold_loss":0,"cards_obtained":["Neutralize"]},{"cards_removed":["Strike_G"],"damage_healed":0,"gold_gain":0,"player_choice":"Purged","damage_taken":0,"max_hp_gain":0,"max_hp_loss":0,"event_name":"Purifier","floor":28,"gold_loss":0},{"damage_healed":0,"gold_gain":0,"player_choice":"Upgraded","damage_taken":0,"max_hp_gain":0,"max_hp_loss":0,"event_name":"Upgrade Shrine","floor":36,"gold_loss":0,"cards_upgraded":["Corpse Explosion"]},{"damage_healed":0,"gold_gain":0,"player_choice":"Ignored","damage_taken":0,"max_hp_gain":0,"max_hp_loss":0,"event_name":"Tomb of Lord Red Mask","floor":37,"gold_loss":0},{"damage_healed":0,"gold_gain":0,"player_choice":"Forge","damage_taken":0,"max_hp_gain":0,"max_hp_loss":0,"event_name":"Accursed Blacksmith","floor":39,"gold_loss":0,"cards_upgraded":["Crippling Poison"]}],"is_beta":true,"boss_relics":[{"not_picked":["Empty Cage","Runic Dome"],"picked":"Fusion Hammer"},{"not_picked":["Cursed Key","Black Star"],"picked":"SlaversCollar"}],"items_purged_floors":[30],"is_endless":false,"potions_floor_spawned":[4,5,13,18,22,31,33],"killed_by":"Giant Head","ascension_level":20}