{"gold_per_floor":[114,189,10,10,22,47,47,76,76,76,89,107,107,137,137,214,214,227,247,265,94,110,143,143,343,388,415,427,427,444,470,470,543,543,558,558,568,151,164,164,194,194,194,194,194,212,212,239,239,239,239],"floor_reached":51,"playtime":3600,"items_purged":["Strike_G","Strike_G"],"score":1641,"play_id":"b36d53fa-1af2-40cb-912f-78ff33dda7fd","local_time":"20210118211705","is_ascension_mode":true,"campfire_choices":[{"data":"Finisher","floor":7.0,"key":"SMITH"},{"data":"Dagger Throw","floor":10.0,"key":"SMITH"},{"data":"Caltrops","floor":13.0,"key":"SMITH"},{"data":"Terror","floor":15.0,"key":"SMITH"},{"data":"Concentrate","floor":24.0,"key":"SMITH"},{"data":"Acrobatics","floor":29,"key":"SMITH"},{"floor":32,"key":"REST"},{"floor":40,"key":"RECALL"},{"data":"Well Laid Plans","floor":42,"key":"SMITH"},{"data":"Backflip","floor":47,"key":"SMITH"},{"data":"Acrobatics","floor":49,"key":"SMITH"}],"neow_cost":"NONE","seed_source_timestamp":413358413456300,"circlet_count":0,"master_deck":["AscendersBane","Strike_G+1","Strike_G","Defend_G","Defend_G","Defend_G","Defend_G","Defend_G","Survivor","Neutralize+1","Predator+1","Dagger Throw+1","Terror+1","Acrobatics+1","Finisher+1","Caltrops+1","CurseOfTheBell","PiercingWail","Backflip+1","Reflex","Underhanded Strike+1","Well Laid Plans+1","Deflect+1","Acrobatics+1","Concentrate+1","Dodge and Roll+1","PiercingWail","Thinking Ahead","Sucker Punch+1"],"special_seed":0,"relics":["Sozu","Matryoshka","PreservedInsect","White Beast Statue","Whetstone","Singing Bowl","Calling Bell","Pen Nib","Ninja Scroll","CaptainsWheel","Orrery","Bottled Flame","Eternal Feather","Incense Burner","Bag of Preparation","HoveringKite","Turnip","Juzu Bracelet","Bottled Lightning","Molten Egg 2"],"potions_floor_usage":[],"damage_taken":[{"damage":0.0,"enemies":"2 Louse","floor":1.0,"turns":4.0},{"damage":0.0,"enemies":"Cultist","floor":5.0,"turns":2.0},{"damage":5.0,"enemies":"Lagavulin","floor":6.0,"turns":7.0},{"damage":8.0,"enemies":"Gremlin Nob","floor":8.0,"turns":3.0},{"damage":1.0,"enemies":"Small Slimes","floor":11.0,"turns":4.0},{"damage":0.0,"enemies":"Red Slaver","floor":12.0,"turns":3.0},{"damage":5.0,"enemies":"3 Sentries","floor":14.0,"turns":4.0},{"damage":0.0,"enemies":"Hexaghost","floor":16.0,"turns":5.0},{"damage":1.0,"enemies":"3 Byrds","floor":18.0,"turns":3.0},{"damage":0.0,"enemies":"Shell Parasite","floor":19.0,"turns":1.0},{"damage":12.0,"enemies":"Chosen and Byrds","floor":20.0,"turns":7.0},{"damage":4.0,"enemies":"Centurion and Healer","floor":22.0,"turns":3.0},{"damage":5.0,"enemies":"Slavers","floor":23.0,"turns":5.0},{"damage":15,"enemies":"Book of Stabbing","floor":27,"turns":4},{"damage":17,"enemies":"Snake Plant","floor":28,"turns":4},{"damage":0,"enemies":"Sentry and Sphere","floor":30,"turns":2},{"damage":0,"enemies":"Gremlin Leader","floor":31,"turns":4},{"damage":23,"enemies":"Collector","floor":33,"turns":6},{"damage":0,"enemies":"3 Darklings","floor":35,"turns":5},{"damage":2,"enemies":"3 Shapes","floor":37,"turns":3},{"damage":10,"enemies":"3 Darklings","floor":39,"turns":4},{"damage":14,"enemies":"Nemesis","floor":41,"turns":5},{"damage":3,"enemies":"4 Shapes","floor":46,"turns":9},{"damage":10,"enemies":"Reptomancer","floor":48,"turns":5},{"damage":17,"enemies":"Donu and Deca","floor":50,"turns":11},{"damage":74,"enemies":"Time Eater","floor":51,"turns":11}],"seed_played":"9183372224095814047","potions_obtained":[],"is_trial":false,"path_per_floor":["M","?","$","?","M","E","R","E","T","R","M","M","R","E","R","B",null,"M","M","M","$","M","E","R","?","T","E","M","R","M","E","R","B",null,"M","?","M","$","M","R","E","R","T","?","?","M","R","E","R","B","B"],"character_chosen":"THE_SILENT","items_purchased":["Dagger Throw","Terror","Orrery","Turnip"],"campfire_rested":1,"item_purchase_floors":[3,3,21,38],"current_hp_per_floor":[59,48,48,48,48,43,43,35,35,35,34,34,34,31,31,33,61,60,60,48,50,48,43,43,43,43,30,15,30,32,34,73,52,76,76,76,76,76,66,81,69,84,84,84,78,77,90,80,90,73,0],"gold":239,"neow_bonus":"BOSS_RELIC","is_prod":false,"is_daily":false,"chose_seed":false,"campfire_upgraded":9,"win_rate":0,"timestamp":1611033425,"path_taken":["M","?","$","?","M","E","R","E","T","R","?","M","R","E","R","BOSS","M","?","M","$","M","E","R","?","T","E","M","R","M","E","R","BOSS","M","?","M","$","M","R","E","R","T","?","?","M","R","E","R","BOSS","BOSS"],"build_version":"2020-12-18","purchased_purges":2,"victory":false,"max_hp_per_floor":[66,66,66,66,66,66,66,66,66,66,66,66,66,68,68,70,70,70,70,70,72,74,74,74,74,74,76,78,78,80,82,82,84,84,84,84,86,86,86,86,88,88,88,84,88,90,90,90,90,90,90],"card_choices":[{"not_picked":["Deadly Poison","PiercingWail"],"picked":"Predator","floor":1.0},{"not_picked":["Blur","Sucker Punch"],"picked":"Acrobatics","floor":5.0},{"not_picked":["Escape Plan","Choke"],"picked":"Finisher","floor":6.0},{"not_picked":["Bullet Time","Bane","Dodge and Roll"],"picked":"SKIP","floor":8.0},{"not_picked":["Endless Agony","Flying Knee"],"picked":"Caltrops","floor":11.0},{"not_picked":["Riddle With Holes","Deflect","Calculated Gamble"],"picked":"SKIP","floor":12.0},{"not_picked":["Bullet Time","Terror","Noxious Fumes"],"picked":"Singing Bowl","floor":14.0},{"not_picked":["Grand Finale","Night Terror","Burst"],"picked":"Singing Bowl","floor":16.0},{"not_picked":["Escape Plan+1","Infinite Blades"],"picked":"PiercingWail","floor":18.0},{"not_picked":["Cloak And Dagger","Dagger Throw"],"picked":"Backflip","floor":19.0},{"not_picked":["Catalyst","Deadly Poison"],"picked":"Reflex","floor":20.0},{"not_picked":["Caltrops","Crippling Poison"],"picked":"Underhanded Strike+1","floor":21.0},{"not_picked":["Accuracy","Deadly Poison"],"picked":"Well Laid Plans","floor":21.0},{"not_picked":["Flying Knee","Outmaneuver"],"picked":"Deflect+1","floor":21.0},{"not_picked":["Expertise","Bane"],"picked":"Acrobatics","floor":21.0},{"not_picked":["Blade Dance","Grand Finale","Crippling Poison"],"picked":"Singing Bowl","floor":21.0},{"not_picked":["Dagger Spray","Deadly Poison","Poisoned Stab"],"picked":"Singing Bowl","floor":22.0},{"not_picked":["Catalyst","Outmaneuver"],"picked":"Concentrate","floor":23.0},{"not_picked":["Flying Knee","Dodge and Roll","Slice+1"],"picked":"Singing Bowl","floor":27},{"not_picked":["Dagger Spray","Bouncing Flask","Dagger Throw"],"picked":"Singing Bowl","floor":28},{"not_picked":["Bouncing Flask","Dagger Spray","Dagger Throw"],"picked":"Singing Bowl","floor":30},{"not_picked":["Masterful Stab+1","Dash","Outmaneuver"],"picked":"Singing Bowl","floor":31},{"not_picked":["Bullet Time","Unload","Die Die Die"],"picked":"Singing Bowl","floor":33},{"not_picked":["Cloak And Dagger","Blade Dance"],"picked":"Dodge and Roll+1","floor":35},{"not_picked":["Slice","Setup","Infinite Blades"],"picked":"Singing Bowl","floor":37},{"not_picked":["Well Laid Plans","Quick Slash"],"picked":"PiercingWail","floor":39},{"not_picked":["Finisher+1","Skewer","PiercingWail"],"picked":"Singing Bowl","floor":41},{"not_picked":["Jack Of All Trades","Madness","Transmutation"],"picked":"Singing Bowl","floor":45},{"not_picked":["The Bomb","Panacea","Madness"],"picked":"Singing Bowl","floor":45},{"not_picked":["Mind Blast","Secret Weapon"],"picked":"Thinking Ahead","floor":45},{"not_picked":["Riddle With Holes","Quick Slash","Blur"],"picked":"Singing Bowl","floor":46},{"not_picked":["Deadly Poison","Accuracy+1"],"picked":"Sucker Punch+1","floor":48}],"player_experience":3122713,"relics_obtained":[{"floor":6.0,"key":"Matryoshka"},{"floor":8.0,"key":"PreservedInsect"},{"floor":9.0,"key":"White Beast Statue"},{"floor":9.0,"key":"Whetstone"},{"floor":14.0,"key":"Singing Bowl"},{"floor":17.0,"key":"Pen Nib"},{"floor":17.0,"key":"Ninja Scroll"},{"floor":17.0,"key":"CaptainsWheel"},{"floor":23.0,"key":"Bottled Flame"},{"floor":26.0,"key":"Eternal Feather"},{"floor":27,"key":"Incense Burner"},{"floor":31,"key":"Bag of Preparation"},{"floor":41,"key":"Juzu Bracelet"},{"floor":43,"key":"Bottled Lightning"},{"floor":48,"key":"Molten Egg 2"}],"event_choices":[{"damage_healed":0.0,"max_hp_gain":0.0,"max_hp_loss":0.0,"gold_gain":75.0,"event_name":"World of Goop","player_choice":"Gather Gold","floor":2.0,"gold_loss":0.0,"damage_taken":11.0},{"damage_healed":0.0,"max_hp_gain":0.0,"max_hp_loss":0.0,"gold_gain":0.0,"event_name":"Upgrade Shrine","player_choice":"Upgraded","floor":4.0,"gold_loss":0.0,"damage_taken":0.0,"cards_upgraded":["Predator"]},{"damage_healed":0.0,"max_hp_gain":0.0,"max_hp_loss":0.0,"gold_gain":200.0,"event_name":"Wheel of Change","player_choice":"Gold","floor":25.0,"gold_loss":0.0,"damage_taken":0.0},{"cards_removed":["Strike_G"],"damage_healed":0,"gold_gain":0,"player_choice":"Purged","damage_taken":0,"max_hp_gain":0,"max_hp_loss":0,"event_name":"Purifier","floor":36,"gold_loss":0},{"damage_healed":0,"gold_gain":0,"player_choice":"Max HP","damage_taken":0,"max_hp_gain":0,"max_hp_loss":4,"event_name":"Winding Halls","floor":44,"gold_loss":0},{"damage_healed":0,"gold_gain":0,"player_choice":"Memory 3","damage_taken":10,"max_hp_gain":0,"max_hp_loss":0,"event_name":"SensoryStone","floor":45,"gold_loss":0}],"is_beta":true,"boss_relics":[{"not_picked":["Velvet Choker","Runic Dome"],"picked":"Calling Bell"},{"not_picked":["Cursed Key","Philosopher\u0027s Stone"],"picked":"HoveringKite"}],"items_purged_floors":[3,38],"is_endless":false,"potions_floor_spawned":[5,8,11,12,14,16,18,19,20,22,23,27,28,30,31,33,35,37,39,41,46,48],"killed_by":"Time Eater","ascension_level":20}