{"gold_per_floor":[115,134,134,9,29,29,42,42,42,68,84,111,135,150,150,222,222,235,246,258,56,56,56,56,56,103,134,134,134,234,263,275,361,373,399,459,77,92,106,106,121,151,151,151,178,178,188,188,188,188,188,188,188,2,30,30],"floor_reached":56,"playtime":5226,"items_purged":["Strike_G","Strike_G"],"score":2131,"play_id":"39c366e0-0f38-4015-9936-56cd1992ef46","local_time":"20210129230903","is_ascension_mode":true,"campfire_choices":[{"data":"Choke","floor":6,"key":"SMITH"},{"data":"Underhanded Strike","floor":8,"key":"SMITH"},{"data":"Eviscerate","floor":15,"key":"SMITH"},{"data":"Malaise","floor":23,"key":"SMITH"},{"data":"Crippling Poison","floor":25,"key":"SMITH"},{"data":"Ghostly","floor":32,"key":"SMITH"},{"data":"Ghostly","floor":40,"key":"SMITH"},{"floor":46,"key":"RECALL"},{"data":"Ghostly","floor":49,"key":"SMITH"},{"floor":53,"key":"REST"}],"neow_cost":"NONE","seed_source_timestamp":1368881483335100,"circlet_count":0,"master_deck":["AscendersBane","Strike_G","Defend_G","Defend_G","Defend_G","Defend_G","Defend_G","Neutralize","Choke+1","Acrobatics","Underhanded Strike+1","Crippling Poison+1","Riddle With Holes","Eviscerate+1","Calculated Gamble","Malaise+1","Dash","Underhanded Strike","Dash","Acrobatics","Bullet Time","Ghostly+1","Ghostly+1","Ghostly+1","Tools of the Trade","Eviscerate","Acrobatics","Acrobatics","Doubt","Cloak And Dagger+1","Adrenaline","Caltrops+1","PiercingWail+1"],"relics":["Snecko Eye","Meat on the Bone","Ancient Tea Set","Bag of Preparation","Omamori","Cursed Key","HornCleat","Oddly Smooth Stone","Pear","Dead Branch","MawBank","Empty Cage","Torii","PreservedInsect","Centennial Puzzle","Strawberry","White Beast Statue","Frozen Egg 2","Happy Flower"],"potions_floor_usage":[7,10,16,20,33,42,45,47,51,55,56,56],"damage_taken":[{"damage":1,"enemies":"2 Louse","floor":1,"turns":3},{"damage":8,"enemies":"Jaw Worm","floor":2,"turns":7},{"damage":4,"enemies":"Cultist","floor":5,"turns":5},{"damage":10,"enemies":"Exordium Thugs","floor":7,"turns":5},{"damage":0,"enemies":"Gremlin Nob","floor":10,"turns":3},{"damage":11,"enemies":"Looter","floor":11,"turns":3},{"damage":19,"enemies":"3 Sentries","floor":12,"turns":8},{"damage":0,"enemies":"2 Fungi Beasts","floor":14,"turns":1},{"damage":8,"enemies":"Slime Boss","floor":16,"turns":5},{"damage":0,"enemies":"2 Thieves","floor":18,"turns":3},{"damage":0,"enemies":"Chosen","floor":19,"turns":3},{"damage":5,"enemies":"Sentry and Sphere","floor":20,"turns":5},{"damage":0,"enemies":"Book of Stabbing","floor":27,"turns":5},{"damage":0,"enemies":"Colosseum Slavers","floor":30,"turns":3},{"damage":0,"enemies":"Colosseum Nobs","floor":30,"turns":3},{"damage":0,"enemies":"Slavers","floor":31,"turns":3},{"damage":1,"enemies":"Collector","floor":33,"turns":7},{"damage":0,"enemies":"Orb Walker","floor":35,"turns":2},{"damage":10,"enemies":"2 Orb Walkers","floor":36,"turns":5},{"damage":0,"enemies":"3 Darklings","floor":38,"turns":4},{"damage":1,"enemies":"Spire Growth","floor":39,"turns":4},{"damage":0,"enemies":"Maw","floor":41,"turns":6},{"damage":0,"enemies":"Giant Head","floor":42,"turns":6},{"damage":2,"enemies":"Nemesis","floor":45,"turns":5},{"damage":2,"enemies":"Jaw Worm Horde","floor":47,"turns":3},{"damage":11,"enemies":"Awakened One","floor":50,"turns":19},{"damage":30,"enemies":"Donu and Deca","floor":51,"turns":9},{"damage":19,"enemies":"Shield and Spear","floor":55,"turns":3},{"damage":35,"enemies":"The Heart","floor":56,"turns":6}],"seed_played":"2862685769077281005","potions_obtained":[{"floor":2,"key":"AttackPotion"},{"floor":5,"key":"SkillPotion"},{"floor":10,"key":"DuplicationPotion"},{"floor":14,"key":"Block Potion"},{"floor":16,"key":"SteroidPotion"},{"floor":20,"key":"CunningPotion"},{"floor":31,"key":"BlessingOfTheForge"},{"floor":33,"key":"LiquidBronze"},{"floor":42,"key":"DistilledChaos"},{"floor":45,"key":"Weak Potion"},{"floor":47,"key":"Fruit Juice"},{"floor":55,"key":"SneckoOil"}],"is_trial":false,"path_per_floor":["M","M","?","$","M","R","M","R","T","E","M","E","T","M","R","B",null,"M","M","M","$","?","R","?","R","T","E","$","?","?","E","R","B",null,"M","?","$","M","M","R","M","E","T","?","E","R","M","?","R","B","B",null,"R","$","E","B"],"character_chosen":"THE_SILENT","items_purchased":["Acrobatics","Dash","Acrobatics","PreservedInsect","Centennial Puzzle","Acrobatics","Caltrops+1","SkillPotion","Energy Potion"],"campfire_rested":1,"item_purchase_floors":[4,21,21,37,37,37,54,54,54],"current_hp_per_floor":[58,50,55,55,51,51,41,41,41,41,42,35,35,47,47,39,63,63,63,58,58,58,58,58,58,58,58,58,35,45,45,45,44,45,45,35,35,35,34,34,34,41,41,41,39,39,42,42,42,31,13,44,54,54,35,0],"gold":30,"neow_bonus":"BOSS_RELIC","is_prod":false,"is_daily":false,"chose_seed":false,"campfire_upgraded":8,"win_rate":0,"timestamp":1611990543,"path_taken":["M","M","?","$","M","R","M","R","T","E","M","E","?","M","R","BOSS","M","?","M","$","?","R","?","R","T","E","$","?","?","E","R","BOSS","M","?","$","M","M","R","M","E","T","?","E","R","M","?","R","BOSS","BOSS","R","$","E","BOSS"],"build_version":"2020-12-18","purchased_purges":2,"victory":false,"max_hp_per_floor":[66,66,71,71,71,71,71,71,71,71,71,71,71,71,71,71,71,71,71,71,71,71,71,71,71,71,71,71,35,45,45,45,45,45,45,45,45,45,45,45,45,52,52,52,52,52,57,54,54,54,54,54,54,54,54,54],"relic_stats":{"Centennial Puzzle":[21],"Torii":12,"Happy Flower":[2],"counters":[29,144],"Dead Branch":[140],"Snecko Eye":[316,318,344,325],"PreservedInsect":257,"Bag of Preparation":[44],"Cursed Key":2,"MawBank":72,"obtain_stats":[{"Pear":30,"Torii":36,"Happy Flower":55,"Dead Branch":30,"Oddly Smooth Stone":27,"PreservedInsect":37,"Bag of Preparation":12,"Omamori":13,"Frozen Egg 2":45,"Ancient Tea Set":10,"Cursed Key":17,"MawBank":31,"Empty Cage":34,"White Beast Statue":43,"Centennial Puzzle":37,"HornCleat":24,"Strawberry":42,"Snecko Eye":0,"Ring of the Snake":0,"Meat on the Bone":9},{"Pear":15,"Torii":19,"Happy Flower":28,"Dead Branch":15,"Oddly Smooth Stone":13,"PreservedInsect":19,"Bag of Preparation":7,"Omamori":7,"Frozen Egg 2":24,"Ancient Tea Set":5,"Cursed Key":9,"MawBank":16,"Empty Cage":17,"White Beast Statue":23,"Centennial Puzzle":19,"HornCleat":12,"Strawberry":23,"Snecko Eye":0,"Ring of the Snake":0,"Meat on the Bone":4},{"Pear":62,"Torii":79,"Happy Flower":138,"Dead Branch":62,"Oddly Smooth Stone":56,"PreservedInsect":79,"Bag of Preparation":34,"Omamori":34,"Frozen Egg 2":104,"Ancient Tea Set":23,"Cursed Key":40,"MawBank":65,"Empty Cage":72,"White Beast Statue":99,"Centennial Puzzle":79,"HornCleat":51,"Strawberry":99,"Snecko Eye":0,"Ring of the Snake":0,"Meat on the Bone":20}],"Meat on the Bone":48},"card_choices":[{"not_picked":["PiercingWail","Concentrate","Blade Dance"],"picked":"SKIP","floor":1},{"not_picked":["Slice","Bane"],"picked":"Choke","floor":2},{"not_picked":["Slice","Tactician","Expertise"],"picked":"SKIP","floor":5},{"not_picked":["PiercingWail","Acrobatics"],"picked":"Underhanded Strike","floor":7},{"not_picked":["Noxious Fumes","Flying Knee"],"picked":"Crippling Poison","floor":10},{"not_picked":["Acrobatics","Dagger Throw"],"picked":"Riddle With Holes","floor":11},{"not_picked":["Calculated Gamble","Flying Knee"],"picked":"Eviscerate","floor":12},{"not_picked":["Noxious Fumes","Accuracy"],"picked":"Calculated Gamble","floor":14},{"not_picked":["Grand Finale","Venomology"],"picked":"Malaise","floor":16},{"not_picked":["Eviscerate+1","Backflip"],"picked":"Dash","floor":18},{"not_picked":["Outmaneuver","Dagger Spray"],"picked":"Underhanded Strike","floor":19},{"not_picked":["Accuracy","Quick Slash","Prepared"],"picked":"SKIP","floor":20},{"not_picked":["Flechettes","Concentrate"],"picked":"Bullet Time","floor":27},{"not_picked":["Deflect","Bane","Deadly Poison"],"picked":"SKIP","floor":31},{"not_picked":["Glass Knife","Burst"],"picked":"Tools of the Trade","floor":33},{"not_picked":["Poisoned Stab","Expertise","Prepared"],"picked":"SKIP","floor":35},{"not_picked":["Tactician","Deflect"],"picked":"Eviscerate","floor":36},{"not_picked":["Catalyst","Masterful Stab","Deflect"],"picked":"SKIP","floor":38},{"not_picked":["Acrobatics","Prepared","Tactician"],"picked":"SKIP","floor":39},{"not_picked":["Acrobatics","Prepared","Tactician"],"picked":"SKIP","floor":39},{"not_picked":["Prepared","Poisoned Stab"],"picked":"Acrobatics","floor":41},{"not_picked":["Acrobatics","Bane+1","Caltrops"],"picked":"SKIP","floor":42},{"not_picked":["Dagger Spray+1","Outmaneuver"],"picked":"Cloak And Dagger+1","floor":45},{"not_picked":["Sucker Punch","Bane"],"picked":"Adrenaline","floor":47},{"not_picked":["Dagger Throw","Cloak And Dagger+1"],"picked":"PiercingWail+1","floor":55}],"player_experience":3208522,"relics_obtained":[{"floor":9,"key":"Meat on the Bone"},{"floor":10,"key":"Ancient Tea Set"},{"floor":12,"key":"Bag of Preparation"},{"floor":13,"key":"Omamori"},{"floor":27,"key":"Oddly Smooth Stone"},{"floor":30,"key":"Pear"},{"floor":30,"key":"Dead Branch"},{"floor":31,"key":"MawBank"},{"floor":36,"key":"Torii"},{"floor":42,"key":"Strawberry"},{"floor":43,"key":"White Beast Statue"},{"floor":45,"key":"Frozen Egg 2"},{"floor":55,"key":"Happy Flower"}],"event_choices":[{"damage_healed":0,"gold_gain":0,"player_choice":"Donut","damage_taken":0,"max_hp_gain":5,"max_hp_loss":0,"event_name":"Big Fish","floor":3,"gold_loss":0},{"damage_healed":0,"gold_gain":0,"player_choice":"Ignored","damage_taken":0,"max_hp_gain":0,"max_hp_loss":0,"event_name":"Vampires","floor":22,"gold_loss":0},{"damage_healed":0,"gold_gain":0,"player_choice":"Stole Relic","damage_taken":0,"relics_obtained":["HornCleat"],"max_hp_gain":0,"max_hp_loss":0,"event_name":"Addict","floor":24,"gold_loss":0,"cards_obtained":["Shame"]},{"damage_healed":0,"gold_gain":0,"player_choice":"Became a Ghost","damage_taken":0,"max_hp_gain":0,"max_hp_loss":36,"event_name":"Ghosts","floor":29,"gold_loss":0,"cards_obtained":["Ghostly","Ghostly","Ghostly"]},{"damage_healed":0,"gold_gain":0,"player_choice":"Fight","damage_taken":0,"max_hp_gain":0,"max_hp_loss":0,"event_name":"Colosseum","floor":30,"gold_loss":0},{"damage_healed":0,"gold_gain":0,"player_choice":"Fought Nobs","damage_taken":0,"max_hp_gain":0,"max_hp_loss":0,"event_name":"Colosseum","floor":30,"gold_loss":0},{"damage_healed":0,"gold_gain":0,"player_choice":"Fight","damage_taken":0,"max_hp_gain":0,"max_hp_loss":0,"event_name":"Mysterious Sphere","floor":36,"gold_loss":0},{"cards_removed":["Survivor"],"damage_healed":0,"gold_gain":0,"player_choice":"Removed Skill","damage_taken":0,"max_hp_gain":0,"max_hp_loss":0,"event_name":"Falling","floor":44,"gold_loss":0},{"damage_healed":0,"gold_gain":0,"player_choice":"Max HP","damage_taken":0,"max_hp_gain":0,"max_hp_loss":3,"event_name":"Winding Halls","floor":48,"gold_loss":0}],"is_beta":true,"boss_relics":[{"not_picked":["SacredBark","Ectoplasm"],"picked":"Cursed Key"},{"not_picked":["Tiny House","Velvet Choker"],"picked":"Empty Cage"}],"items_purged_floors":[4,21],"is_endless":false,"potions_floor_spawned":[2,5,10,14,16,20,30,31,33,38,39,42,45,47,55],"killed_by":"The Heart","ascension_level":20}