{"gold_per_floor":[116,129,129,129,43,43,56,89,114,114,114,140,140,155,155,234,234,251,251,251,263,263,263,295,144,144,144,86,86,105,130,130,203,203,221,221,241,168,188,188,216,216,239,264,88,113,126,146,146,146,146,146,146,56,88,88],"floor_reached":57,"playtime":3661,"items_purged":["Strike_G","Writhe"],"score":2668,"play_id":"d2c98ee1-3b1d-49b5-a5f3-400de67348ac","local_time":"20210131134339","is_ascension_mode":true,"campfire_choices":[{"data":"Corpse Explosion","floor":6,"key":"SMITH"},{"floor":11,"key":"REST"},{"floor":13,"key":"REST"},{"data":"Deadly Poison","floor":15,"key":"SMITH"},{"data":"Catalyst","floor":23,"key":"SMITH"},{"floor":27,"key":"REST"},{"data":"Noxious Fumes","floor":32,"key":"SMITH"},{"floor":40,"key":"RECALL"},{"floor":42,"key":"REST"},{"floor":49,"key":"REST"},{"data":"Footwork","floor":53,"key":"SMITH"}],"neow_cost":"NONE","seed_source_timestamp":1509295391420100,"circlet_count":0,"master_deck":["AscendersBane","Strike_G","Strike_G","Strike_G+1","Defend_G","Defend_G","Defend_G+1","Defend_G","Defend_G+1","Survivor","Neutralize+1","Deadly Poison+1","Flying Knee","Corpse Explosion+1","Dagger Throw","Malaise","Calculated Gamble+1","Catalyst+1","PiercingWail","Noxious Fumes+1","PiercingWail","Deflect","Adrenaline","Dodge and Roll","Outmaneuver+1","Reflex+1","Prepared","Malaise","Footwork+1","Backflip","Dash+1","Dark Shackles","Night Terror"],"relics":["Ring of the Snake","Regal Pillow","Bronze Scales","Mercury Hourglass","Runic Pyramid","Akabeko","Sundial","Oddly Smooth Stone","Cursed Key","War Paint","Tingsha","Happy Flower","CaptainsWheel","FossilizedHelix"],"potions_floor_usage":[8,12,24,41,56],"damage_taken":[{"damage":0,"enemies":"Cultist","floor":1,"turns":5},{"damage":8,"enemies":"2 Louse","floor":2,"turns":5},{"damage":0,"enemies":"Jaw Worm","floor":7,"turns":3},{"damage":0,"enemies":"3 Sentries","floor":8,"turns":4},{"damage":39,"enemies":"Gremlin Nob","floor":12,"turns":5},{"damage":0,"enemies":"2 Fungi Beasts","floor":14,"turns":3},{"damage":3,"enemies":"The Guardian","floor":16,"turns":8},{"damage":1,"enemies":"Chosen","floor":18,"turns":4},{"damage":7,"enemies":"Spheric Guardian","floor":21,"turns":4},{"damage":39,"enemies":"Book of Stabbing","floor":24,"turns":5},{"damage":0,"enemies":"Snecko","floor":30,"turns":3},{"damage":34,"enemies":"Automaton","floor":33,"turns":10},{"damage":0,"enemies":"3 Shapes","floor":35,"turns":3},{"damage":0,"enemies":"3 Darklings","floor":37,"turns":2},{"damage":19,"enemies":"Spire Growth","floor":39,"turns":4},{"damage":5,"enemies":"Reptomancer","floor":41,"turns":7},{"damage":17,"enemies":"Nemesis","floor":44,"turns":7},{"damage":0,"enemies":"Mind Bloom Boss Battle","floor":46,"turns":7},{"damage":13,"enemies":"Transient","floor":47,"turns":6},{"damage":0,"enemies":"Maw","floor":48,"turns":5},{"damage":14,"enemies":"Donu and Deca","floor":50,"turns":7},{"damage":8,"enemies":"Awakened One","floor":51,"turns":16},{"damage":16,"enemies":"Shield and Spear","floor":55,"turns":6},{"damage":10,"enemies":"The Heart","floor":56,"turns":7}],"seed_played":"-5442499682132505481","potions_obtained":[{"floor":7,"key":"Block Potion"},{"floor":8,"key":"CultistPotion"},{"floor":14,"key":"Regen Potion"},{"floor":21,"key":"FairyPotion"},{"floor":24,"key":"GamblersBrew"},{"floor":35,"key":"PowerPotion"},{"floor":41,"key":"Fire Potion"}],"is_trial":false,"path_per_floor":["M","M","?","?","$","R","M","E","T","?","R","E","R","M","R","B",null,"M","?","?","M","?","R","E","$","T","R","$","?","M","T","R","B",null,"M","?","M","?","M","R","E","R","T","E","$","?","M","M","R","B","B",null,"R","$","E","B",null],"character_chosen":"THE_SILENT","items_purchased":["Corpse Explosion","Noxious Fumes","PiercingWail","Footwork","Dark Shackles"],"campfire_rested":5,"item_purchase_floors":[5,25,28,45,54],"current_hp_per_floor":[59,51,44,44,44,44,44,44,44,24,58,19,53,53,53,50,62,61,61,43,36,36,36,12,12,12,48,48,48,48,48,48,14,57,57,57,57,57,38,38,33,69,69,52,52,52,39,39,71,57,49,66,66,66,50,40],"gold":88,"neow_bonus":"UPGRADE_CARD","is_prod":false,"is_daily":false,"chose_seed":false,"campfire_upgraded":5,"win_rate":0,"timestamp":1612129419,"path_taken":["M","M","?","?","$","R","M","E","T","?","R","E","R","M","R","BOSS","M","?","?","M","?","R","E","$","T","R","$","?","M","?","R","BOSS","M","?","M","?","?","R","E","R","T","E","$","?","M","M","R","BOSS","BOSS","R","$","E","BOSS"],"build_version":"2020-12-18","purchased_purges":2,"victory":true,"max_hp_per_floor":[66,66,66,66,66,66,66,66,66,66,66,66,66,66,66,66,66,66,66,71,71,71,71,71,71,71,71,71,71,71,71,71,71,71,71,71,71,71,71,71,71,71,71,71,71,71,71,71,71,71,71,71,71,71,71,71],"relic_stats":{"Regal Pillow":71,"Happy Flower":[18],"counters":[24,136],"Sundial":[16],"Bronze Scales":[385],"Tingsha":[204],"War Paint":["Defend_G","Calculated Gamble"],"Cursed Key":1,"obtain_stats":[{"Regal Pillow":8,"Happy Flower":44,"Oddly Smooth Stone":31,"Tingsha":41,"War Paint":38,"Cursed Key":34,"Akabeko":24,"Mercury Hourglass":12,"CaptainsWheel":46,"Sundial":26,"Bronze Scales":9,"FossilizedHelix":55,"Ring of the Snake":0,"Runic Pyramid":17},{"Regal Pillow":4,"Happy Flower":17,"Oddly Smooth Stone":11,"Tingsha":16,"War Paint":14,"Cursed Key":12,"Akabeko":10,"Mercury Hourglass":5,"CaptainsWheel":18,"Sundial":10,"Bronze Scales":4,"FossilizedHelix":23,"Ring of the Snake":0,"Runic Pyramid":7},{"Regal Pillow":17,"Happy Flower":82,"Oddly Smooth Stone":49,"Tingsha":75,"War Paint":64,"Cursed Key":59,"Akabeko":46,"Mercury Hourglass":22,"CaptainsWheel":89,"Sundial":46,"Bronze Scales":17,"FossilizedHelix":129,"Ring of the Snake":0,"Runic Pyramid":33}],"Ring of the Snake":[48],"Mercury Hourglass":[383]},"card_choices":[{"not_picked":["Cloak And Dagger","Slice"],"picked":"Deadly Poison","floor":1},{"not_picked":["Backflip","Bane"],"picked":"Flying Knee","floor":2},{"not_picked":["Heel Hook","Accuracy","Deadly Poison"],"picked":"SKIP","floor":7},{"not_picked":["Backflip","Cloak And Dagger","Blur"],"picked":"SKIP","floor":8},{"not_picked":["Deadly Poison","Slice","Sucker Punch"],"picked":"SKIP","floor":12},{"not_picked":["Endless Agony","Concentrate"],"picked":"Dagger Throw","floor":14},{"not_picked":["Tools of the Trade","Corpse Explosion"],"picked":"Malaise","floor":16},{"not_picked":["Bane","Infinite Blades"],"picked":"Calculated Gamble","floor":18},{"not_picked":["Underhanded Strike","Quick Slash","Poisoned Stab"],"picked":"SKIP","floor":21},{"not_picked":["Prepared","Dodge and Roll"],"picked":"PiercingWail","floor":24},{"not_picked":["Flying Knee","Prepared"],"picked":"Deflect","floor":30},{"not_picked":["Unload","Phantasmal Killer"],"picked":"Adrenaline","floor":33},{"not_picked":["Bane","Dagger Throw"],"picked":"Dodge and Roll","floor":35},{"not_picked":["Dagger Spray","Underhanded Strike"],"picked":"Outmaneuver+1","floor":37},{"not_picked":["Prepared","Expertise+1"],"picked":"Reflex+1","floor":39},{"not_picked":["Poisoned Stab","Underhanded Strike+1"],"picked":"Prepared","floor":41},{"not_picked":["Acrobatics","Finisher+1"],"picked":"Malaise","floor":44},{"not_picked":["Prepared","Well Laid Plans+1"],"picked":"Backflip","floor":46},{"not_picked":["Sucker Punch","Noxious Fumes","Dagger Spray+1"],"picked":"SKIP","floor":47},{"not_picked":["Underhanded Strike","Bane+1"],"picked":"Dash+1","floor":48},{"not_picked":["Glass Knife","Accuracy"],"picked":"Night Terror","floor":55}],"player_experience":3224835,"relics_obtained":[{"floor":8,"key":"Regal Pillow"},{"floor":9,"key":"Bronze Scales"},{"floor":12,"key":"Mercury Hourglass"},{"floor":24,"key":"Akabeko"},{"floor":26,"key":"Sundial"},{"floor":31,"key":"Oddly Smooth Stone"},{"floor":41,"key":"Tingsha"},{"floor":44,"key":"Happy Flower"},{"floor":46,"key":"CaptainsWheel"},{"floor":55,"key":"FossilizedHelix"}],"event_choices":[{"cards_removed":["Strike_G"],"damage_healed":0,"gold_gain":0,"player_choice":"Card Removal","damage_taken":7,"max_hp_gain":0,"max_hp_loss":0,"event_name":"Golden Wing","floor":3,"gold_loss":0},{"damage_healed":0,"gold_gain":0,"player_choice":"Leave","damage_taken":0,"max_hp_gain":0,"max_hp_loss":0,"event_name":"The Cleric","floor":4,"gold_loss":0},{"damage_healed":0,"gold_gain":0,"player_choice":"Entered Light","damage_taken":20,"max_hp_gain":0,"max_hp_loss":0,"event_name":"Shining Light","floor":10,"gold_loss":0,"cards_upgraded":["Defend_G","Strike_G"]},{"damage_healed":0,"gold_gain":0,"player_choice":"Read","damage_taken":0,"max_hp_gain":0,"max_hp_loss":0,"event_name":"The Library","floor":19,"gold_loss":0,"cards_obtained":["Catalyst"]},{"damage_healed":0,"gold_gain":0,"player_choice":"Shed Blood","damage_taken":23,"max_hp_gain":5,"max_hp_loss":0,"event_name":"Forgotten Altar","floor":20,"gold_loss":0},{"damage_healed":0,"gold_gain":0,"player_choice":"Ignored","damage_taken":0,"max_hp_gain":0,"max_hp_loss":0,"event_name":"Beggar","floor":22,"gold_loss":0},{"damage_healed":0,"gold_gain":0,"player_choice":"Ignored","damage_taken":0,"max_hp_gain":0,"max_hp_loss":0,"event_name":"The Mausoleum","floor":29,"gold_loss":0},{"damage_healed":0,"gold_gain":0,"player_choice":"Ignored","damage_taken":0,"max_hp_gain":0,"max_hp_loss":0,"event_name":"Tomb of Lord Red Mask","floor":36,"gold_loss":0},{"damage_healed":0,"gold_gain":0,"player_choice":"Paid Gold","damage_taken":0,"relics_obtained":["War Paint"],"max_hp_gain":0,"max_hp_loss":0,"event_name":"WeMeetAgain","floor":38,"gold_loss":73},{"damage_healed":0,"gold_gain":0,"player_choice":"Fight","damage_taken":0,"max_hp_gain":0,"max_hp_loss":0,"event_name":"MindBloom","floor":46,"gold_loss":0}],"is_beta":true,"boss_relics":[{"not_picked":["Pandora\u0027s Box","Empty Cage"],"picked":"Runic Pyramid"},{"not_picked":["Astrolabe","Snecko Eye"],"picked":"Cursed Key"}],"items_purged_floors":[25,45],"is_endless":false,"potions_floor_spawned":[7,8,14,21,24,30,35,41],"ascension_level":20}