{"gold_per_floor":[211,71,88,88,100,127,127,127],"floor_reached":8,"playtime":440,"items_purged":[],"score":112,"play_id":"242eba32-f79f-4036-841e-8b637154b344","local_time":"20210202205246","is_ascension_mode":true,"campfire_choices":[{"data":"Accuracy","floor":7,"key":"SMITH"}],"neow_cost":"NONE","seed_source_timestamp":1711085753549500,"circlet_count":0,"master_deck":["AscendersBane","Strike_G","Strike_G","Strike_G","Strike_G","Strike_G","Defend_G","Defend_G","Defend_G","Defend_G","Defend_G","Survivor","Neutralize","Quick Slash","Blade Dance","Accuracy+1","Blade Dance","Dodge and Roll"],"relics":["Ring of the Snake","Smiling Mask"],"potions_floor_usage":[6,6,8],"damage_taken":[{"damage":3,"enemies":"2 Louse","floor":1,"turns":4},{"damage":0,"enemies":"Cultist","floor":3,"turns":3},{"damage":0,"enemies":"Jaw Worm","floor":5,"turns":4},{"damage":13,"enemies":"Lagavulin","floor":6,"turns":8},{"damage":55,"enemies":"Gremlin Nob","floor":8,"turns":4}],"seed_played":"2677899978206708482","potions_obtained":[{"floor":1,"key":"Dexterity Potion"},{"floor":6,"key":"Dexterity Potion"}],"is_trial":false,"path_per_floor":["M","$","M","?","M","E","R","E"],"character_chosen":"THE_SILENT","items_purchased":["Blade Dance","Accuracy","Poison Potion"],"campfire_rested":0,"item_purchase_floors":[2,2,2],"current_hp_per_floor":[56,56,56,52,52,39,39,0],"gold":127,"neow_bonus":"HUNDRED_GOLD","is_prod":false,"is_daily":false,"chose_seed":false,"campfire_upgraded":1,"win_rate":0,"timestamp":1612327966,"path_taken":["M","$","M","?","?","E","R","E"],"build_version":"2020-12-18","purchased_purges":0,"victory":false,"max_hp_per_floor":[66,66,66,66,66,66,66,66],"relic_stats":{"counters":[5,23],"Smiling Mask":0,"obtain_stats":[{"Smiling Mask":6,"Ring of the Snake":0},{"Smiling Mask":4,"Ring of the Snake":0},{"Smiling Mask":19,"Ring of the Snake":0}],"Ring of the Snake":[10]},"card_choices":[{"not_picked":["Blur","Catalyst"],"picked":"Quick Slash","floor":1},{"not_picked":["PiercingWail","Underhanded Strike"],"picked":"Blade Dance","floor":3},{"not_picked":["Prepared","Endless Agony","Riddle With Holes"],"picked":"SKIP","floor":5},{"not_picked":["Escape Plan","Sucker Punch"],"picked":"Dodge and Roll","floor":6}],"player_experience":3249786,"relics_obtained":[{"floor":6,"key":"Smiling Mask"}],"event_choices":[{"damage_healed":0,"gold_gain":0,"player_choice":"Bought 0 Potions","damage_taken":0,"max_hp_gain":0,"max_hp_loss":0,"event_name":"The Woman in Blue","floor":4,"gold_loss":0}],"is_beta":true,"boss_relics":[],"items_purged_floors":[],"is_endless":false,"potions_floor_spawned":[1,6],"killed_by":"Gremlin Nob","ascension_level":20}