{"gold_per_floor":[117,117,136,136,147,147,222,241,267,300,300,316,342,73,73,144,144,157,157,207,0,17,17,46,46,46,79,79,105,105,125,125,204,204,214,224,243,13,26,26,54,54,54,54,79,24,58,113,113,113],"floor_reached":50,"playtime":3379,"items_purged":[],"score":1208,"play_id":"a09c9436-4c15-4aeb-99f8-ed3e8c6e9039","local_time":"20210201191228","is_ascension_mode":true,"campfire_choices":[{"data":"Blade Dance","floor":6.0,"key":"SMITH"},{"floor":11.0,"key":"REST"},{"data":"Accuracy","floor":15.0,"key":"SMITH"},{"data":"Choke","floor":23,"key":"SMITH"},{"floor":25,"key":"REST"},{"data":"A Thousand Cuts","floor":28,"key":"SMITH"},{"floor":30,"key":"REST"},{"floor":32,"key":"REST"},{"floor":40,"key":"RECALL"},{"floor":42,"key":"REST"},{"floor":44,"key":"REST"},{"floor":49,"key":"REST"}],"neow_cost":"PERCENT_DAMAGE","seed_source_timestamp":1615660461228100,"circlet_count":0,"master_deck":["AscendersBane","Defend_G","Defend_G","Defend_G","Defend_G","Defend_G","Survivor","Neutralize","Blade Dance+1","Flying Knee","Dagger Throw","Acrobatics","Infinite Blades","Choke+1","Terror","Accuracy+1","Cloak And Dagger","Night Terror","Bite","Bite","Bite","Bite","Bite","Predator","Accuracy","Backflip","A Thousand Cuts+1","Acrobatics","Dash","Phantasmal Killer","Apotheosis","Footwork","Blade Dance+1","Backflip+1","After Image","Dodge and Roll"],"special_seed":0,"relics":["Ring of the Serpent","TungstenRod","Orichalcum","Odd Mushroom","Omamori","Snecko Eye","CaptainsWheel","Ornamental Fan","Nunchaku","Bag of Marbles","White Beast Statue","The Specimen","Bronze Scales","Dead Branch"],"potions_floor_usage":[24,24,29,33,47,48,50,50],"damage_taken":[{"damage":5.0,"enemies":"Jaw Worm","floor":1.0,"turns":8.0},{"damage":0.0,"enemies":"2 Louse","floor":3.0,"turns":3.0},{"damage":6.0,"enemies":"Small Slimes","floor":5.0,"turns":3.0},{"damage":0.0,"enemies":"2 Fungi Beasts","floor":8.0,"turns":3.0},{"damage":10.0,"enemies":"3 Sentries","floor":10.0,"turns":8.0},{"damage":2.0,"enemies":"Blue Slaver","floor":12.0,"turns":3.0},{"damage":6.0,"enemies":"The Mushroom Lair","floor":13.0,"turns":3.0},{"damage":16.0,"enemies":"Hexaghost","floor":16.0,"turns":8.0},{"damage":1.0,"enemies":"2 Thieves","floor":18.0,"turns":3.0},{"damage":0,"enemies":"Spheric Guardian","floor":22,"turns":2},{"damage":64,"enemies":"Slavers","floor":24,"turns":6},{"damage":0,"enemies":"Gremlin Leader","floor":27,"turns":5},{"damage":36,"enemies":"Slavers","floor":29,"turns":6},{"damage":0,"enemies":"Snecko","floor":31,"turns":2},{"damage":20,"enemies":"Automaton","floor":33,"turns":6},{"damage":1,"enemies":"Orb Walker","floor":35,"turns":2},{"damage":4,"enemies":"3 Shapes","floor":36,"turns":3},{"damage":14,"enemies":"Sphere and 2 Shapes","floor":37,"turns":3},{"damage":32,"enemies":"Spire Growth","floor":39,"turns":6},{"damage":59,"enemies":"Nemesis","floor":41,"turns":8},{"damage":0,"enemies":"Mind Bloom Boss Battle","floor":45,"turns":4},{"damage":27,"enemies":"Giant Head","floor":47,"turns":6},{"damage":41,"enemies":"2 Orb Walkers","floor":48,"turns":6},{"damage":50,"enemies":"Time Eater","floor":50,"turns":7}],"seed_played":"8502444502431621256","potions_obtained":[{"floor":5.0,"key":"Fruit Juice"},{"floor":10.0,"key":"Energy Potion"},{"floor":16.0,"key":"SpeedPotion"},{"floor":27,"key":"Explosive Potion"},{"floor":31,"key":"SteroidPotion"},{"floor":35,"key":"Strength Potion"},{"floor":39,"key":"GhostInAJar"},{"floor":47,"key":"LiquidBronze"},{"floor":48,"key":"Fire Potion"}],"is_trial":false,"path_per_floor":["M","?","M","?","M","R","?","M","T","E","R","M","?","$","R","B",null,"M","?","?","$","M","R","E","R","T","E","R","E","R","M","R","B",null,"M","M","M","$","M","R","E","R","T","R","?","$","E","?","R","B"],"character_chosen":"THE_SILENT","items_purchased":["Accuracy","Cloak And Dagger","Omamori","Predator","Accuracy","LiquidMemories","Apotheosis","Footwork","Dodge and Roll"],"campfire_rested":7,"item_purchase_floors":[14,14,14,21,21,21,38,38,46],"current_hp_per_floor":[39,44,44,38,37,37,27,27,27,17,39,39,35,35,35,21,62,63,63,63,63,67,67,11,33,33,37,37,11,33,39,61,49,69,74,74,64,64,44,44,5,27,27,49,58,58,37,13,35,0],"gold":113,"neow_bonus":"ONE_RARE_RELIC","is_prod":false,"is_daily":false,"chose_seed":false,"campfire_upgraded":4,"win_rate":0,"timestamp":1612235548,"path_taken":["M","?","M","?","M","R","?","M","T","E","R","M","?","$","R","BOSS","M","?","?","$","M","R","E","R","T","E","R","E","R","M","R","BOSS","M","M","M","$","M","R","E","R","T","R","?","$","E","?","R","BOSS"],"build_version":"2020-12-18","purchased_purges":0,"victory":false,"max_hp_per_floor":[66,71,71,71,76,76,76,76,76,76,76,76,76,76,76,76,76,76,76,76,76,76,76,76,76,76,76,76,76,76,76,76,76,76,76,76,76,76,76,76,76,76,76,76,76,76,76,76,76,76],"relic_stats":{"Nunchaku":[15],"counters":[24,114],"Ornamental Fan":[148],"Bronze Scales":[54],"Dead Branch":[4],"Snecko Eye":[164,158,154,148],"Orichalcum":[96],"obtain_stats":[{"The Specimen":45,"Dead Branch":48,"Omamori":14,"Orichalcum":9,"Odd Mushroom":13,"White Beast Statue":41,"Blood Vial":10,"CaptainsWheel":24,"Nunchaku":27,"Ornamental Fan":26,"Bronze Scales":47,"Snecko Eye":17,"Bag of Marbles":29,"TungstenRod":0,"Ring of the Serpent":34,"Ring of the Snake":0},{"The Specimen":21,"Dead Branch":23,"Omamori":7,"Orichalcum":4,"Odd Mushroom":7,"White Beast Statue":20,"Blood Vial":5,"CaptainsWheel":11,"Nunchaku":12,"Ornamental Fan":11,"Bronze Scales":22,"Snecko Eye":8,"Bag of Marbles":13,"TungstenRod":0,"Ring of the Serpent":15,"Ring of the Snake":0},{"The Specimen":95,"Dead Branch":107,"Omamori":31,"Orichalcum":17,"Odd Mushroom":31,"White Beast Statue":91,"Blood Vial":25,"CaptainsWheel":50,"Nunchaku":55,"Ornamental Fan":50,"Bronze Scales":101,"Snecko Eye":39,"Bag of Marbles":61,"TungstenRod":0,"Ring of the Serpent":69,"Ring of the Snake":0}],"TungstenRod":66},"card_choices":[{"not_picked":["Reflex","Underhanded Strike"],"picked":"Blade Dance","floor":1.0},{"not_picked":["Prepared","Cloak And Dagger"],"picked":"Flying Knee","floor":3.0},{"not_picked":["Cloak And Dagger","Backflip"],"picked":"Dagger Throw","floor":5.0},{"not_picked":["Heel Hook","Dagger Throw"],"picked":"Acrobatics","floor":8.0},{"not_picked":["Distraction","Bane"],"picked":"Infinite Blades","floor":10.0},{"not_picked":["Setup","Outmaneuver"],"picked":"Choke","floor":12.0},{"not_picked":["Flying Knee","Dodge and Roll"],"picked":"Terror","floor":13.0},{"not_picked":["Envenom","Venomology"],"picked":"Night Terror","floor":16.0},{"not_picked":["Flying Knee","Dagger Spray","Deflect"],"picked":"SKIP","floor":18.0},{"not_picked":["Infinite Blades","Dagger Throw"],"picked":"Backflip","floor":22},{"not_picked":["Well Laid Plans","All Out Attack+1"],"picked":"A Thousand Cuts","floor":24},{"not_picked":["Poisoned Stab","Backflip"],"picked":"Acrobatics","floor":27},{"not_picked":["Outmaneuver","Reflex","Expertise"],"picked":"SKIP","floor":29},{"not_picked":["Quick Slash","Sucker Punch"],"picked":"Dash","floor":31},{"not_picked":["Night Terror","Die Die Die"],"picked":"Phantasmal Killer","floor":33},{"not_picked":["Backstab","Heel Hook","Dagger Spray"],"picked":"SKIP","floor":35},{"not_picked":["Slice+1","Endless Agony","Skewer"],"picked":"SKIP","floor":36},{"not_picked":["Bane","Masterful Stab","Setup"],"picked":"SKIP","floor":37},{"not_picked":["Cloak And Dagger+1","Deadly Poison+1"],"picked":"Blade Dance+1","floor":39},{"not_picked":["Footwork+1","Poisoned Stab"],"picked":"Backflip+1","floor":41},{"not_picked":["Concentrate","Outmaneuver+1"],"picked":"After Image","floor":45},{"not_picked":["Envenom","Sucker Punch","Deadly Poison"],"picked":"SKIP","floor":47}],"player_experience":3243290,"relics_obtained":[{"floor":9.0,"key":"Orichalcum"},{"floor":10.0,"key":"Blood Vial"},{"floor":13.0,"key":"Odd Mushroom"},{"floor":24,"key":"CaptainsWheel"},{"floor":26,"key":"Ornamental Fan"},{"floor":27,"key":"Nunchaku"},{"floor":29,"key":"Bag of Marbles"},{"floor":41,"key":"White Beast Statue"},{"floor":45,"key":"The Specimen"},{"floor":47,"key":"Bronze Scales"},{"floor":48,"key":"Dead Branch"}],"event_choices":[{"damage_healed":0.0,"max_hp_gain":5.0,"max_hp_loss":0.0,"gold_gain":0.0,"event_name":"Big Fish","player_choice":"Donut","floor":2.0,"gold_loss":0.0,"damage_taken":0.0},{"cards_removed":["Strike_G"],"damage_healed":0.0,"max_hp_gain":0.0,"max_hp_loss":0.0,"gold_gain":0.0,"event_name":"Golden Wing","player_choice":"Card Removal","floor":4.0,"gold_loss":0.0,"damage_taken":7.0},{"damage_healed":0.0,"max_hp_gain":0.0,"max_hp_loss":0.0,"gold_gain":75.0,"event_name":"World of Goop","player_choice":"Gather Gold","floor":7.0,"gold_loss":0.0,"damage_taken":11.0},{"damage_healed":0.0,"max_hp_gain":0.0,"max_hp_loss":0.0,"gold_gain":0.0,"event_name":"Mushrooms","player_choice":"Fought Mushrooms","floor":13.0,"gold_loss":0.0,"damage_taken":0.0},{"damage_healed":0.0,"max_hp_gain":0.0,"max_hp_loss":0.0,"gold_gain":0.0,"event_name":"Vampires","player_choice":"Became a vampire (Vial)","floor":19.0,"relics_lost":["Blood Vial"],"gold_loss":0.0,"damage_taken":0.0,"cards_obtained":["Bite","Bite","Bite","Bite","Bite"]},{"damage_healed":0.0,"max_hp_gain":0.0,"max_hp_loss":0.0,"gold_gain":50.0,"event_name":"Nest","player_choice":"Stole From Cult","floor":20.0,"gold_loss":0.0,"damage_taken":0.0},{"damage_healed":0,"gold_gain":0,"player_choice":"Fight","damage_taken":0,"max_hp_gain":0,"max_hp_loss":0,"event_name":"MindBloom","floor":45,"gold_loss":0},{"damage_healed":0,"gold_gain":0,"player_choice":"Fight","damage_taken":0,"max_hp_gain":0,"max_hp_loss":0,"event_name":"Mysterious Sphere","floor":48,"gold_loss":0}],"is_beta":true,"boss_relics":[{"not_picked":["Runic Dome","SacredBark"],"picked":"Snecko Eye"},{"not_picked":["Black Star","Busted Crown"],"picked":"Ring of the Serpent"}],"items_purged_floors":[],"is_endless":false,"potions_floor_spawned":[5,10,16,27,31,35,39,41,45,47,48],"killed_by":"Time Eater","ascension_level":20}