{"gold_per_floor":[115,190,201,201,211,211,211,211,236,236],"floor_reached":10,"playtime":383,"items_purged":[],"score":112,"play_id":"3f4c265d-eaee-45f1-90a9-ecb97cdacee1","local_time":"20210202203024","is_ascension_mode":true,"campfire_choices":[{"data":"Poisoned Stab","floor":6,"key":"SMITH"},{"data":"Neutralize","floor":8,"key":"SMITH"}],"neow_cost":"NONE","seed_source_timestamp":1709801663228200,"circlet_count":0,"master_deck":["AscendersBane","Strike_G","Strike_G","Strike_G","Strike_G","Strike_G","Defend_G","Defend_G","Defend_G","Defend_G","Defend_G","Survivor","Neutralize+1","Infinite Blades","Poisoned Stab+1","Footwork","Parasite"],"relics":["Runic Pyramid","Juzu Bracelet","Anchor"],"potions_floor_usage":[10],"damage_taken":[{"damage":14,"enemies":"2 Louse","floor":1,"turns":2},{"damage":3,"enemies":"Small Slimes","floor":3,"turns":5},{"damage":0,"enemies":"Jaw Worm","floor":5,"turns":5},{"damage":29,"enemies":"Gremlin Nob","floor":10,"turns":3}],"seed_played":"5091064402154255812","potions_obtained":[{"floor":3,"key":"Fire Potion"}],"is_trial":false,"path_per_floor":["M","?","M","?","M","R","?","R","T","E"],"character_chosen":"THE_SILENT","items_purchased":[],"campfire_rested":0,"item_purchase_floors":[],"current_hp_per_floor":[45,34,31,13,13,13,29,29,29,0],"gold":236,"neow_bonus":"BOSS_RELIC","is_prod":false,"is_daily":false,"chose_seed":false,"campfire_upgraded":2,"win_rate":0,"timestamp":1612326624,"path_taken":["M","?","M","?","M","R","?","R","T","E"],"build_version":"2020-12-18","purchased_purges":0,"victory":false,"max_hp_per_floor":[66,66,66,66,66,66,66,66,66,66],"relic_stats":{"counters":[4,15],"Juzu Bracelet":1,"obtain_stats":[{"Anchor":9,"Juzu Bracelet":4,"Ring of the Snake":0,"Runic Pyramid":0},{"Anchor":3,"Juzu Bracelet":2,"Ring of the Snake":0,"Runic Pyramid":0},{"Anchor":12,"Juzu Bracelet":7,"Ring of the Snake":0,"Runic Pyramid":0}]},"card_choices":[{"not_picked":["Deflect","Outmaneuver"],"picked":"Infinite Blades","floor":1},{"not_picked":["Sucker Punch","Deadly Poison"],"picked":"Poisoned Stab","floor":3},{"not_picked":["Setup","Dodge and Roll"],"picked":"Footwork","floor":5}],"player_experience":3249403,"relics_obtained":[{"floor":9,"key":"Anchor"}],"event_choices":[{"damage_healed":0,"gold_gain":75,"player_choice":"Gather Gold","damage_taken":11,"max_hp_gain":0,"max_hp_loss":0,"event_name":"World of Goop","floor":2,"gold_loss":0},{"damage_healed":0,"gold_gain":0,"player_choice":"Success","damage_taken":18,"relics_obtained":["Juzu Bracelet"],"max_hp_gain":0,"max_hp_loss":0,"event_name":"Scrap Ooze","floor":4,"gold_loss":0},{"damage_healed":16,"gold_gain":0,"player_choice":"Healed and dodged fight","damage_taken":0,"max_hp_gain":0,"max_hp_loss":0,"event_name":"Mushrooms","floor":7,"gold_loss":0,"cards_obtained":["Parasite"]}],"is_beta":true,"boss_relics":[],"items_purged_floors":[],"is_endless":false,"potions_floor_spawned":[3],"killed_by":"Gremlin Nob","ascension_level":20}