{"gold_per_floor":[111,123,133,208,62,62],"floor_reached":6,"playtime":351,"items_purged":[],"score":72,"play_id":"4a71e4e0-142b-4d28-a0cc-42431ac4334d","local_time":"20210202211153","is_ascension_mode":true,"campfire_choices":[],"neow_cost":"PERCENT_DAMAGE","seed_source_timestamp":1712322460503100,"circlet_count":0,"master_deck":["AscendersBane","Strike_G","Strike_G","Strike_G","Strike_G","Strike_G","Defend_G","Defend_G","Defend_G","Defend_G","Defend_G","Survivor","Neutralize","Adrenaline","Quick Slash","Sucker Punch","Terror"],"relics":["Ring of the Snake","Bag of Marbles"],"potions_floor_usage":[],"damage_taken":[{"damage":1,"enemies":"Cultist","floor":1,"turns":5},{"damage":1,"enemies":"Jaw Worm","floor":2,"turns":5},{"damage":0,"enemies":"Small Slimes","floor":3,"turns":3},{"damage":38,"enemies":"3 Sentries","floor":6,"turns":8}],"seed_played":"-9054126319796760828","potions_obtained":[],"is_trial":false,"path_per_floor":["M","M","M","?","?","E"],"character_chosen":"THE_SILENT","items_purchased":[],"campfire_rested":0,"item_purchase_floors":[],"current_hp_per_floor":[43,42,42,31,31,0],"gold":62,"neow_bonus":"THREE_RARE_CARDS","is_prod":false,"is_daily":false,"chose_seed":false,"campfire_upgraded":0,"win_rate":0,"timestamp":1612329113,"path_taken":["M","M","?","?","?","E"],"build_version":"2020-12-18","purchased_purges":0,"victory":false,"max_hp_per_floor":[66,66,66,66,66,66],"relic_stats":{"counters":[4,21],"obtain_stats":[{"Bag of Marbles":5,"Ring of the Snake":0},{"Bag of Marbles":3,"Ring of the Snake":0},{"Bag of Marbles":13,"Ring of the Snake":0}],"Ring of the Snake":[8]},"card_choices":[{"not_picked":["Tools of the Trade","Envenom"],"picked":"Adrenaline","floor":0},{"not_picked":["Backflip","Leg Sweep"],"picked":"Quick Slash","floor":1},{"not_picked":["Backflip","Prepared"],"picked":"Sucker Punch","floor":2},{"not_picked":["Infinite Blades","Prepared"],"picked":"Terror","floor":3}],"player_experience":3250901,"relics_obtained":[],"event_choices":[{"damage_healed":0,"gold_gain":75,"player_choice":"Gather Gold","damage_taken":11,"max_hp_gain":0,"max_hp_loss":0,"event_name":"World of Goop","floor":4,"gold_loss":0},{"damage_healed":0,"gold_gain":0,"player_choice":"Paid Gold","damage_taken":0,"relics_obtained":["Bag of Marbles"],"max_hp_gain":0,"max_hp_loss":0,"event_name":"WeMeetAgain","floor":5,"gold_loss":146}],"is_beta":true,"boss_relics":[],"items_purged_floors":[],"is_endless":false,"potions_floor_spawned":[],"killed_by":"3 Sentries","ascension_level":20}