{"gold_per_floor":[109,109,119,133,208,208,240,240,240,240,310,324,0,43,43,132,132,145,168,192,192,192,192,230,230,308,342,365,365],"floor_reached":29,"playtime":1606,"items_purged":[],"score":542,"play_id":"acf02543-0613-4f16-bdf5-c08610e530c3","local_time":"20210130160440","is_ascension_mode":true,"campfire_choices":[{"data":"Skewer","floor":6,"key":"SMITH"},{"floor":15,"key":"REST"},{"data":"Crippling Poison","floor":23,"key":"SMITH"},{"floor":25,"key":"REST"}],"neow_cost":"NONE","seed_source_timestamp":1433438148910100,"circlet_count":0,"master_deck":["AscendersBane","Strike_G","Strike_G","Defend_G","Defend_G","Defend_G","Defend_G","Defend_G","Survivor","Neutralize","Skewer+1","Quick Slash","Crippling Poison+1","Well Laid Plans","Flying Knee","Night Terror","Dagger Spray+1","Dagger Spray+1","Catalyst","All Out Attack","Phantasmal Killer","Outmaneuver+1"],"relics":["Ring of the Snake","NeowsBlessing","Mercury Hourglass","Golden Idol","Pocketwatch","White Beast Statue","Kunai","SlaversCollar","Gremlin Horn","Toxic Egg 2","StoneCalendar"],"potions_floor_usage":[7,11,14,16,19,24,27,27,29,29],"damage_taken":[{"damage":0,"enemies":"Cultist","floor":1,"turns":1},{"damage":0,"enemies":"Small Slimes","floor":3,"turns":1},{"damage":0,"enemies":"Jaw Worm","floor":4,"turns":1},{"damage":15,"enemies":"3 Sentries","floor":7,"turns":9},{"damage":19,"enemies":"Gremlin Nob","floor":11,"turns":4},{"damage":0,"enemies":"3 Louse","floor":12,"turns":3},{"damage":15,"enemies":"Lagavulin","floor":14,"turns":5},{"damage":15,"enemies":"Slime Boss","floor":16,"turns":8},{"damage":19,"enemies":"2 Thieves","floor":18,"turns":4},{"damage":5,"enemies":"3 Byrds","floor":19,"turns":3},{"damage":0,"enemies":"Centurion and Healer","floor":20,"turns":7},{"damage":28,"enemies":"Book of Stabbing","floor":24,"turns":5},{"damage":5,"enemies":"Gremlin Leader","floor":27,"turns":4},{"damage":0,"enemies":"3 Cultists","floor":28,"turns":3},{"damage":24,"enemies":"Slavers","floor":29,"turns":1}],"seed_played":"-2793071368362964624","potions_obtained":[{"floor":3,"key":"Fire Potion"},{"floor":4,"key":"GamblersBrew"},{"floor":12,"key":"FairyPotion"},{"floor":14,"key":"Energy Potion"},{"floor":16,"key":"FairyPotion"},{"floor":18,"key":"AttackPotion"},{"floor":19,"key":"Explosive Potion"},{"floor":20,"key":"AttackPotion"},{"floor":24,"key":"Block Potion"},{"floor":27,"key":"Explosive Potion"},{"floor":28,"key":"SkillPotion"}],"is_trial":false,"path_per_floor":["M","?","M","M","?","R","E","?","T","?","?","M","$","E","R","B",null,"M","M","M","?","?","R","E","R","T","E","M","E"],"character_chosen":"THE_SILENT","items_purchased":["White Beast Statue","SteroidPotion"],"campfire_rested":2,"item_purchase_floors":[13,13],"current_hp_per_floor":[59,59,59,59,48,48,33,33,33,33,14,14,14,18,36,21,50,31,26,26,26,38,38,10,28,28,23,23,0],"gold":365,"neow_bonus":"THREE_ENEMY_KILL","is_prod":false,"is_daily":false,"chose_seed":false,"campfire_upgraded":2,"win_rate":0,"timestamp":1612051480,"path_taken":["M","?","?","M","?","R","E","?","T","?","?","M","$","E","R","BOSS","M","M","M","?","?","R","E","R","T","E","M","E"],"build_version":"2020-12-18","purchased_purges":0,"victory":false,"max_hp_per_floor":[66,66,66,66,66,66,66,66,66,60,60,60,60,60,60,60,60,60,60,60,60,60,60,60,60,60,60,60,60],"relic_stats":{"Gremlin Horn":[6,6],"counters":[15,59],"Golden Idol":84,"StoneCalendar":[0],"Kunai":[17],"obtain_stats":[{"SlaversCollar":17,"NeowsBlessing":0,"Gremlin Horn":24,"Golden Idol":10,"StoneCalendar":27,"Kunai":14,"Toxic Egg 2":26,"White Beast Statue":13,"Ring of the Snake":0,"Mercury Hourglass":7,"Pocketwatch":11},{"SlaversCollar":8,"NeowsBlessing":0,"Gremlin Horn":12,"Golden Idol":4,"StoneCalendar":13,"Kunai":7,"Toxic Egg 2":12,"White Beast Statue":6,"Ring of the Snake":0,"Mercury Hourglass":4,"Pocketwatch":5},{"SlaversCollar":32,"NeowsBlessing":0,"Gremlin Horn":51,"Golden Idol":12,"StoneCalendar":55,"Kunai":24,"Toxic Egg 2":51,"White Beast Statue":19,"Ring of the Snake":0,"Mercury Hourglass":12,"Pocketwatch":16}],"Ring of the Snake":[30],"Mercury Hourglass":[226],"Pocketwatch":[60]},"card_choices":[{"not_picked":["Bane","Dodge and Roll","Heel Hook"],"picked":"SKIP","floor":1},{"not_picked":["PiercingWail","Escape Plan"],"picked":"Skewer","floor":3},{"not_picked":["Catalyst","Flying Knee"],"picked":"Quick Slash","floor":4},{"not_picked":["Choke","Caltrops"],"picked":"Crippling Poison","floor":7},{"not_picked":["Bouncing Flask","Caltrops"],"picked":"Well Laid Plans","floor":11},{"not_picked":["Dagger Throw","Prepared"],"picked":"Flying Knee","floor":12},{"not_picked":["Well Laid Plans","Concentrate"],"picked":"Night Terror","floor":14},{"not_picked":["Acrobatics","Prepared"],"picked":"Dagger Spray+1","floor":18},{"not_picked":["Dagger Spray","Prepared","Dodge and Roll"],"picked":"SKIP","floor":19},{"not_picked":["Leg Sweep","Bouncing Flask"],"picked":"Dagger Spray+1","floor":20},{"not_picked":["Flying Knee","Finisher"],"picked":"Phantasmal Killer","floor":24},{"not_picked":["Well Laid Plans","Concentrate+1","Setup+1"],"picked":"SKIP","floor":27},{"not_picked":["Dagger Spray","Dash"],"picked":"Outmaneuver+1","floor":28}],"player_experience":3213748,"relics_obtained":[{"floor":7,"key":"Mercury Hourglass"},{"floor":11,"key":"Pocketwatch"},{"floor":14,"key":"Kunai"},{"floor":24,"key":"Gremlin Horn"},{"floor":26,"key":"Toxic Egg 2"},{"floor":27,"key":"StoneCalendar"}],"event_choices":[{"cards_removed":["Strike_G"],"damage_healed":0,"gold_gain":0,"player_choice":"Offered Basic","damage_taken":0,"max_hp_gain":0,"max_hp_loss":0,"event_name":"Bonfire Elementals","floor":2,"gold_loss":0},{"damage_healed":0,"gold_gain":75,"player_choice":"Gather Gold","damage_taken":11,"max_hp_gain":0,"max_hp_loss":0,"event_name":"World of Goop","floor":5,"gold_loss":0},{"damage_healed":0,"gold_gain":0,"player_choice":"Ignored","damage_taken":0,"max_hp_gain":0,"max_hp_loss":0,"event_name":"Shining Light","floor":8,"gold_loss":0},{"damage_healed":0,"gold_gain":0,"player_choice":"Lose Max HP","damage_taken":0,"relics_obtained":["Golden Idol"],"max_hp_gain":0,"max_hp_loss":6,"event_name":"Golden Idol","floor":10,"gold_loss":0},{"damage_healed":0,"gold_gain":0,"player_choice":"Searched \u00271\u0027 times","damage_taken":0,"max_hp_gain":0,"max_hp_loss":0,"event_name":"Dead Adventurer","floor":11,"gold_loss":0},{"damage_healed":0,"gold_gain":0,"cards_transformed":["Strike_G","Strike_G"],"player_choice":"Became Test Subject","damage_taken":0,"max_hp_gain":0,"max_hp_loss":0,"event_name":"Drug Dealer","floor":21,"gold_loss":0,"cards_obtained":["Catalyst","All Out Attack"]},{"damage_healed":12,"gold_gain":0,"player_choice":"Heal","damage_taken":0,"max_hp_gain":0,"max_hp_loss":0,"event_name":"The Library","floor":22,"gold_loss":0}],"is_beta":true,"boss_relics":[{"not_picked":["Runic Dome","Philosopher\u0027s Stone"],"picked":"SlaversCollar"}],"items_purged_floors":[],"is_endless":false,"potions_floor_spawned":[3,4,12,14,16,18,19,20,24,27,28],"killed_by":"Slavers","ascension_level":20}