{"gold_per_floor":[119,119,135,151,171,198,198,226,226,244,244,257,257,290,290,367,367,384,384,394,100,118,118,150,150,150,182,182,195,195,206,206,285,285,303,17,42,60,60,60,87,97,97,116,149,149,168,187,187,187,187,187,187,26,57,57],"floor_reached":57,"playtime":3860,"items_purged":[],"score":2998,"play_id":"341ffc1c-563e-4559-8048-c5f487fbb15d","local_time":"20210206004140","is_ascension_mode":true,"campfire_choices":[{"data":"Dagger Spray","floor":7.0,"key":"SMITH"},{"floor":11.0,"key":"REST"},{"data":"Catalyst","floor":15.0,"key":"SMITH"},{"data":"Wraith Form v2","floor":23.0,"key":"SMITH"},{"data":"Ghostly","floor":28.0,"key":"SMITH"},{"data":"Ghostly","floor":30.0,"key":"SMITH"},{"floor":32.0,"key":"REST"},{"floor":40.0,"key":"RECALL"},{"data":"Corpse Explosion","floor":46.0,"key":"SMITH"},{"data":"Catalyst","floor":49.0,"key":"SMITH"},{"data":"Ghostly","floor":53,"key":"SMITH"}],"neow_cost":"NONE","seed_source_timestamp":1980319813483900,"circlet_count":0,"master_deck":["AscendersBane","Defend_G","Defend_G","Defend_G","Defend_G","Defend_G","Survivor","Neutralize","Dagger Spray+1","Crippling Poison","Bane","Poisoned Stab","Poisoned Stab","Catalyst+1","Tactician","Adrenaline","Wraith Form v2+1","Terror+1","Reflex+1","Underhanded Strike+1","Ghostly+1","Ghostly+1","Ghostly+1","Prepared","Backflip","Dagger Spray+1","Adrenaline","Corpse Explosion+1","Catalyst+1","Backflip+1","Prepared","Bouncing Flask+1","Leg Sweep"],"special_seed":0,"relics":["Ring of the Snake","Orichalcum","Gremlin Horn","Shuriken","Paper Crane","Pear","Astrolabe","White Beast Statue","Strawberry","Turnip","Happy Flower","Runic Pyramid","Membership Card","Art of War","StoneCalendar","Bag of Preparation","Pantograph","OrangePellets","Bronze Scales","Pen Nib"],"potions_floor_usage":[56,56],"damage_taken":[{"damage":4.0,"enemies":"Jaw Worm","floor":1.0,"turns":5.0},{"damage":6.0,"enemies":"Cultist","floor":3.0,"turns":5.0},{"damage":0.0,"enemies":"Small Slimes","floor":4.0,"turns":3.0},{"damage":10.0,"enemies":"Exordium Thugs","floor":5.0,"turns":5.0},{"damage":12.0,"enemies":"Gremlin Nob","floor":6.0,"turns":4.0},{"damage":19.0,"enemies":"Lagavulin","floor":8.0,"turns":5.0},{"damage":4.0,"enemies":"Large Slime","floor":10.0,"turns":3.0},{"damage":4.0,"enemies":"Lots of Slimes","floor":12.0,"turns":2.0},{"damage":11.0,"enemies":"Gremlin Nob","floor":14.0,"turns":4.0},{"damage":10.0,"enemies":"Hexaghost","floor":16.0,"turns":6.0},{"damage":6.0,"enemies":"Shell Parasite","floor":18.0,"turns":4.0},{"damage":0.0,"enemies":"3 Byrds","floor":20.0,"turns":5.0},{"damage":33.0,"enemies":"Cultist and Chosen","floor":22.0,"turns":9.0},{"damage":1.0,"enemies":"Book of Stabbing","floor":24.0,"turns":7.0},{"damage":0.0,"enemies":"Slavers","floor":27.0,"turns":5.0},{"damage":0.0,"enemies":"Centurion and Healer","floor":29.0,"turns":7.0},{"damage":0.0,"enemies":"Snake Plant","floor":31.0,"turns":5.0},{"damage":12.0,"enemies":"Champ","floor":33.0,"turns":14.0},{"damage":0.0,"enemies":"3 Darklings","floor":35.0,"turns":3.0},{"damage":0.0,"enemies":"Mind Bloom Boss Battle","floor":37.0,"turns":5.0},{"damage":0.0,"enemies":"3 Shapes","floor":38.0,"turns":3.0},{"damage":0.0,"enemies":"Nemesis","floor":41.0,"turns":7.0},{"damage":3.0,"enemies":"Writhing Mass","floor":42.0,"turns":4.0},{"damage":0.0,"enemies":"3 Darklings","floor":44.0,"turns":2.0},{"damage":0.0,"enemies":"Giant Head","floor":45.0,"turns":7.0},{"damage":1.0,"enemies":"Transient","floor":47.0,"turns":6.0},{"damage":0.0,"enemies":"Maw","floor":48.0,"turns":5.0},{"damage":26.0,"enemies":"Awakened One","floor":50.0,"turns":14.0},{"damage":0,"enemies":"Time Eater","floor":51,"turns":7},{"damage":0,"enemies":"Shield and Spear","floor":55,"turns":7},{"damage":19,"enemies":"The Heart","floor":56,"turns":8}],"seed_played":"8433349486997162129","potions_obtained":[{"floor":0.0,"key":"Explosive Potion"},{"floor":0.0,"key":"Fruit Juice"},{"floor":4.0,"key":"Regen Potion"},{"floor":5.0,"key":"Poison Potion"},{"floor":6.0,"key":"Swift Potion"},{"floor":14.0,"key":"Strength Potion"},{"floor":16.0,"key":"Fire Potion"},{"floor":20.0,"key":"GamblersBrew"},{"floor":22.0,"key":"GhostInAJar"},{"floor":24.0,"key":"Strength Potion"},{"floor":33.0,"key":"Fruit Juice"},{"floor":35.0,"key":"AttackPotion"},{"floor":37.0,"key":"Dexterity Potion"},{"floor":45.0,"key":"BlessingOfTheForge"},{"floor":48.0,"key":"PowerPotion"}],"is_trial":false,"path_per_floor":["M","?","M","M","M","E","R","E","T","M","R","M","?","E","R","B",null,"M","?","M","$","M","R","E","?","T","E","R","M","R","M","R","B",null,"M","$","?","M","?","R","E","M","T","M","E","R","M","M","R","B","B",null,"R","$","E","B",null],"character_chosen":"THE_SILENT","items_purchased":["White Beast Statue","Backflip","Membership Card","Catalyst","Art of War","OrangePellets","Bronze Scales"],"campfire_rested":2,"item_purchase_floors":[21,21,36,36,36,54,54],"current_hp_per_floor":[55,55,49,54,44,32,32,13,13,9,30,26,26,25,25,15,65,59,40,40,40,7,7,13,13,13,13,13,13,13,13,27,15,39,44,44,44,44,44,44,44,41,41,41,41,41,40,40,40,23,48,49,49,49,49,30],"gold":57,"neow_bonus":"THREE_SMALL_POTIONS","is_prod":false,"is_daily":false,"chose_seed":false,"campfire_upgraded":8,"win_rate":0,"timestamp":1612600900,"path_taken":["M","?","M","?","M","E","R","E","T","M","R","M","?","E","R","BOSS","M","?","M","$","M","R","E","?","T","E","R","M","R","M","R","BOSS","M","?","?","M","?","R","E","M","T","M","E","R","M","?","R","BOSS","BOSS","R","$","E","BOSS"],"build_version":"2020-12-18","purchased_purges":0,"victory":true,"max_hp_per_floor":[66,66,66,71,71,71,71,71,71,71,71,71,71,81,81,81,81,81,40,40,40,40,40,47,47,47,47,47,47,47,47,47,47,47,52,52,52,52,49,49,49,49,49,49,49,49,49,49,49,49,49,49,49,49,49,49],"relic_stats":{"Gremlin Horn":[14,14],"Happy Flower":[34],"counters":[31,176],"Astrolabe":["Terror","Reflex","Underhanded Strike"],"StoneCalendar":[208],"Pen Nib":[0],"Bag of Preparation":[18],"Orichalcum":[510],"OrangePellets":[2],"Shuriken":[39],"Pantograph":34,"Bronze Scales":[114],"Turnip":[17],"Art of War":[25],"obtain_stats":[{"Pear":14,"Gremlin Horn":6,"Happy Flower":27,"Astrolabe":17,"StoneCalendar":37,"Pen Nib":55,"Bag of Preparation":41,"Orichalcum":2,"Paper Crane":9,"White Beast Statue":21,"OrangePellets":54,"Shuriken":8,"Strawberry":24,"Pantograph":45,"Bronze Scales":54,"Turnip":26,"Art of War":36,"Membership Card":36,"Ring of the Snake":0,"Runic Pyramid":34},{"Pear":9,"Gremlin Horn":5,"Happy Flower":15,"Astrolabe":10,"StoneCalendar":20,"Pen Nib":30,"Bag of Preparation":22,"Orichalcum":1,"Paper Crane":6,"White Beast Statue":12,"OrangePellets":29,"Shuriken":6,"Strawberry":14,"Pantograph":25,"Bronze Scales":29,"Turnip":14,"Art of War":19,"Membership Card":19,"Ring of the Snake":0,"Runic Pyramid":18},{"Pear":36,"Gremlin Horn":22,"Happy Flower":72,"Astrolabe":42,"StoneCalendar":106,"Pen Nib":168,"Bag of Preparation":116,"Orichalcum":5,"Paper Crane":27,"White Beast Statue":51,"OrangePellets":161,"Shuriken":27,"Strawberry":67,"Pantograph":129,"Bronze Scales":161,"Turnip":67,"Art of War":101,"Membership Card":101,"Ring of the Snake":0,"Runic Pyramid":98}],"Ring of the Snake":[62]},"card_choices":[{"not_picked":["Bane","Blur"],"picked":"Crippling Poison","floor":1.0},{"not_picked":["Deadly Poison","Sucker Punch"],"picked":"Dagger Spray","floor":3.0},{"not_picked":["Bane","Caltrops"],"picked":"Crippling Poison","floor":4.0},{"not_picked":["Flying Knee","Distraction"],"picked":"Bane","floor":5.0},{"not_picked":["Flying Knee","PiercingWail"],"picked":"Poisoned Stab","floor":6.0},{"not_picked":["Dagger Throw","Underhanded Strike"],"picked":"Poisoned Stab","floor":8.0},{"not_picked":["Slice","Deadly Poison","Predator"],"picked":"SKIP","floor":10.0},{"not_picked":["Flying Knee","Cloak And Dagger"],"picked":"Catalyst","floor":12.0},{"not_picked":["Underhanded Strike","Dash"],"picked":"Adrenaline","floor":14.0},{"not_picked":["Burst","Venomology"],"picked":"Wraith Form v2","floor":16.0},{"not_picked":["Finisher","All Out Attack","Blade Dance"],"picked":"SKIP","floor":18.0},{"not_picked":["Expertise","Dagger Throw"],"picked":"Prepared","floor":20.0},{"not_picked":["Poisoned Stab","Reflex","Footwork"],"picked":"SKIP","floor":22.0},{"not_picked":["Quick Slash","Dodge and Roll"],"picked":"Dagger Spray+1","floor":24.0},{"not_picked":["Slice","Bouncing Flask"],"picked":"Adrenaline","floor":27.0},{"not_picked":["Endless Agony","Quick Slash","Dagger Spray"],"picked":"SKIP","floor":29.0},{"not_picked":["Slice+1","Expertise","All Out Attack+1"],"picked":"SKIP","floor":31.0},{"not_picked":["Venomology","After Image"],"picked":"Corpse Explosion","floor":33.0},{"not_picked":["Distraction","Dagger Throw","Accuracy"],"picked":"SKIP","floor":35.0},{"not_picked":["Skewer+1","Infinite Blades"],"picked":"Backflip+1","floor":38.0},{"not_picked":["Reflex","Blur","Bane"],"picked":"SKIP","floor":41.0},{"not_picked":["Underhanded Strike+1","Flying Knee","Dash+1"],"picked":"SKIP","floor":42.0},{"not_picked":["Blade Dance","Deflect"],"picked":"Prepared","floor":44.0},{"not_picked":["Eviscerate","Concentrate"],"picked":"Bouncing Flask+1","floor":45.0},{"not_picked":["Skewer","Eviscerate+1"],"picked":"Leg Sweep","floor":47.0},{"not_picked":["Blade Dance","Masterful Stab+1","Terror+1"],"picked":"SKIP","floor":48.0},{"not_picked":["Grand Finale","Heel Hook","Deflect"],"picked":"SKIP","floor":55}],"player_experience":3256194,"relics_obtained":[{"floor":6.0,"key":"Gremlin Horn"},{"floor":8.0,"key":"Shuriken"},{"floor":9.0,"key":"Paper Crane"},{"floor":14.0,"key":"Pear"},{"floor":24.0,"key":"Strawberry"},{"floor":26.0,"key":"Turnip"},{"floor":27.0,"key":"Happy Flower"},{"floor":37.0,"key":"StoneCalendar"},{"floor":41.0,"key":"Bag of Preparation"},{"floor":45.0,"key":"Pantograph"},{"floor":55,"key":"Pen Nib"}],"event_choices":[{"cards_removed":["Crippling Poison"],"damage_healed":0.0,"max_hp_gain":0.0,"max_hp_loss":0.0,"gold_gain":0.0,"event_name":"WeMeetAgain","player_choice":"Gave Card","floor":2.0,"gold_loss":0.0,"damage_taken":0.0,"relics_obtained":["Orichalcum"]},{"damage_healed":0.0,"max_hp_gain":0.0,"max_hp_loss":0.0,"gold_gain":0.0,"cards_transformed":["Strike_G"],"event_name":"Transmorgrifier","player_choice":"Transformed","floor":13.0,"gold_loss":0.0,"damage_taken":0.0,"cards_obtained":["Tactician"]},{"damage_healed":0.0,"max_hp_gain":0.0,"max_hp_loss":41.0,"gold_gain":0.0,"event_name":"Ghosts","player_choice":"Became a Ghost","floor":19.0,"gold_loss":0.0,"damage_taken":0.0,"cards_obtained":["Ghostly","Ghostly","Ghostly"]},{"cards_removed":["Strike_G"],"damage_healed":0.0,"max_hp_gain":0.0,"max_hp_loss":0.0,"gold_gain":0.0,"event_name":"Purifier","player_choice":"Purged","floor":25.0,"gold_loss":0.0,"damage_taken":0.0},{"damage_healed":0.0,"max_hp_gain":0.0,"max_hp_loss":0.0,"gold_gain":0.0,"event_name":"MindBloom","player_choice":"Fight","floor":37.0,"gold_loss":0.0,"damage_taken":0.0},{"damage_healed":0.0,"max_hp_gain":0.0,"max_hp_loss":3.0,"gold_gain":0.0,"event_name":"Winding Halls","player_choice":"Max HP","floor":39.0,"gold_loss":0.0,"damage_taken":0.0}],"is_beta":true,"boss_relics":[{"not_picked":["Black Star","HoveringKite"],"picked":"Astrolabe"},{"not_picked":["Calling Bell","Ring of the Serpent"],"picked":"Runic Pyramid"}],"items_purged_floors":[],"is_endless":false,"potions_floor_spawned":[4,5,6,14,16,20,22,24,27,29,31,33,35,37,38,41,42,44,45,47,48,55],"ascension_level":20}