{"gold_per_floor":[12,12,25,25,35,35,46,56,56,56,91,91,16,32,32,32],"floor_reached":16,"playtime":675,"items_purged":["Strike_G"],"score":204,"play_id":"e82ef85d-6db7-498e-a59e-e5796fc4df02","local_time":"20210202210456","is_ascension_mode":true,"campfire_choices":[{"floor":6,"key":"REST"},{"data":"Dagger Spray","floor":10,"key":"SMITH"},{"data":"Dash","floor":12,"key":"SMITH"},{"floor":15,"key":"REST"}],"neow_cost":"NO_GOLD","seed_source_timestamp":1711582189884500,"circlet_count":0,"master_deck":["AscendersBane","Strike_G","Strike_G+1","Strike_G","Strike_G","Defend_G","Defend_G","Defend_G+1","Defend_G","Defend_G","Survivor","Neutralize","Dagger Spray+1","Blade Dance","Well Laid Plans","Blade Dance","Flying Knee","Dash+1","PiercingWail"],"relics":["Ring of the Snake","Turnip","Singing Bowl"],"potions_floor_usage":[11,16,16],"damage_taken":[{"damage":16,"enemies":"Jaw Worm","floor":1,"turns":8},{"damage":1,"enemies":"Cultist","floor":3,"turns":4},{"damage":0,"enemies":"2 Louse","floor":5,"turns":2},{"damage":8,"enemies":"Large Slime","floor":7,"turns":5},{"damage":0,"enemies":"Exordium Wildlife","floor":8,"turns":3},{"damage":17,"enemies":"3 Sentries","floor":11,"turns":8},{"damage":0,"enemies":"2 Fungi Beasts","floor":14,"turns":3},{"damage":51,"enemies":"Slime Boss","floor":16,"turns":6}],"seed_played":"7858304944401136657","potions_obtained":[{"floor":7,"key":"PowerPotion"},{"floor":8,"key":"SpeedPotion"},{"floor":11,"key":"Dexterity Potion"},{"floor":14,"key":"PowerPotion"}],"is_trial":false,"path_per_floor":["M","?","M","?","M","R","M","M","T","R","E","R","$","M","R","B"],"character_chosen":"THE_SILENT","items_purchased":[],"campfire_rested":2,"item_purchase_floors":[],"current_hp_per_floor":[43,43,42,22,22,41,33,33,33,33,16,16,16,16,35,0],"gold":32,"neow_bonus":"ONE_RARE_RELIC","is_prod":false,"is_daily":false,"chose_seed":false,"campfire_upgraded":2,"win_rate":0,"timestamp":1612328696,"path_taken":["M","?","?","?","M","R","M","M","T","R","E","R","$","M","R","BOSS"],"build_version":"2020-12-18","purchased_purges":1,"victory":false,"max_hp_per_floor":[66,66,66,66,66,66,66,66,66,66,66,66,66,66,66,66],"relic_stats":{"Singing Bowl":0,"counters":[8,39],"Turnip":[6],"obtain_stats":[{"Singing Bowl":11,"Turnip":0,"Ring of the Snake":0},{"Singing Bowl":6,"Turnip":0,"Ring of the Snake":0},{"Singing Bowl":30,"Turnip":0,"Ring of the Snake":0}],"Ring of the Snake":[16]},"card_choices":[{"not_picked":["Dodge and Roll","Prepared"],"picked":"Dagger Spray","floor":1},{"not_picked":["Flying Knee","Concentrate"],"picked":"Blade Dance","floor":3},{"not_picked":["Concentrate","Dodge and Roll"],"picked":"Well Laid Plans","floor":5},{"not_picked":["Noxious Fumes","Leg Sweep"],"picked":"Blade Dance","floor":7},{"not_picked":["Setup","Outmaneuver"],"picked":"Flying Knee","floor":8},{"not_picked":["PiercingWail","Malaise"],"picked":"Dash","floor":11},{"not_picked":["Skewer","Backflip"],"picked":"PiercingWail","floor":14}],"player_experience":3250226,"relics_obtained":[{"floor":11,"key":"Singing Bowl"}],"event_choices":[{"damage_healed":0,"gold_gain":0,"player_choice":"0 cards matched","damage_taken":0,"max_hp_gain":0,"max_hp_loss":0,"event_name":"Match and Keep!","floor":2,"gold_loss":0,"cards_obtained":[]},{"damage_healed":0,"gold_gain":0,"player_choice":"Entered Light","damage_taken":20,"max_hp_gain":0,"max_hp_loss":0,"event_name":"Shining Light","floor":4,"gold_loss":0,"cards_upgraded":["Defend_G","Strike_G"]}],"is_beta":true,"boss_relics":[],"items_purged_floors":[13],"is_endless":false,"potions_floor_spawned":[7,8,11,14],"killed_by":"Slime Boss","ascension_level":20}