{"gold_per_floor":[99,99,99,99,22,22,22,22,22,22,22,22,22,22,22,22,22,0,0,0,0,0,0,0,0],"floor_reached":25,"playtime":1602,"items_purged":[],"score":476,"play_id":"ecfa0f99-6df8-45a1-a000-1827f9228bf0","local_time":"20210130210843","is_ascension_mode":true,"campfire_choices":[{"data":"Predator","floor":7.0,"key":"SMITH"},{"floor":11.0,"key":"REST"},{"data":"Predator","floor":15,"key":"SMITH"},{"floor":23,"key":"REST"}],"neow_cost":"NONE","seed_source_timestamp":1451668078150100,"circlet_count":0,"master_deck":["AscendersBane","Strike_G","Strike_G","Strike_G","Strike_G","Strike_G","Defend_G","Defend_G","Defend_G","Defend_G","Defend_G","Survivor","Neutralize","Sucker Punch","Footwork","Predator+1","Footwork","Malaise","Terror","Blur","Predator+1","Acrobatics","Tools of the Trade","CurseOfTheBell","PiercingWail"],"special_seed":0,"relics":["Ectoplasm","Bag of Marbles","Akabeko","Toy Ornithopter","Calling Bell","Centennial Puzzle","Singing Bowl","Shovel","Juzu Bracelet"],"potions_floor_usage":[13,24,25],"damage_taken":[{"damage":4.0,"enemies":"Small Slimes","floor":1.0,"turns":4.0},{"damage":5.0,"enemies":"Cultist","floor":2.0,"turns":5.0},{"damage":0.0,"enemies":"2 Louse","floor":4.0,"turns":5.0},{"damage":16.0,"enemies":"Gremlin Nob","floor":6.0,"turns":4.0},{"damage":22.0,"enemies":"Exordium Thugs","floor":8.0,"turns":5.0},{"damage":4.0,"enemies":"Exordium Wildlife","floor":10.0,"turns":3.0},{"damage":0,"enemies":"3 Louse","floor":12,"turns":4},{"damage":0,"enemies":"3 Sentries","floor":13,"turns":2},{"damage":22,"enemies":"Slime Boss","floor":16,"turns":13},{"damage":10,"enemies":"2 Thieves","floor":18,"turns":4},{"damage":12,"enemies":"3 Byrds","floor":20,"turns":9},{"damage":0,"enemies":"Centurion and Healer","floor":24,"turns":10},{"damage":63,"enemies":"Slavers","floor":25,"turns":11}],"seed_played":"6944191995449160597","potions_obtained":[{"floor":2.0,"key":"FearPotion"},{"floor":4.0,"key":"Block Potion"},{"floor":10.0,"key":"SkillPotion"},{"floor":16,"key":"SteroidPotion"},{"floor":20,"key":"Block Potion"}],"is_trial":false,"path_per_floor":["M","M","?","M","$","E","R","M","T","M","R","M","E","$","R","B",null,"M","?","M","$","T","R","M","E"],"character_chosen":"THE_SILENT","items_purchased":["Footwork"],"campfire_rested":2,"item_purchase_floors":[5],"current_hp_per_floor":[55,50,50,50,50,34,34,12,12,8,27,27,27,27,27,5,51,43,43,31,31,31,51,58,0],"gold":0,"neow_bonus":"BOSS_RELIC","is_prod":false,"is_daily":false,"chose_seed":false,"campfire_upgraded":2,"win_rate":0,"timestamp":1612069723,"path_taken":["M","M","?","M","$","E","R","M","T","?","R","M","E","?","R","BOSS","M","?","M","?","?","R","M","E"],"build_version":"2020-12-18","purchased_purges":0,"victory":false,"max_hp_per_floor":[66,66,66,66,66,66,66,66,66,66,66,66,66,66,66,66,66,68,68,68,68,68,68,70,70],"relic_stats":{"Centennial Puzzle":[9],"Shovel":0,"Singing Bowl":4,"counters":[13,79],"Ectoplasm":426,"Juzu Bracelet":0,"obtain_stats":[{"Calling Bell":17,"Centennial Puzzle":17,"Shovel":17,"Singing Bowl":17,"Ectoplasm":0,"Bag of Marbles":6,"Juzu Bracelet":22,"Akabeko":9,"Toy Ornithopter":13,"Ring of the Snake":0},{"Calling Bell":9,"Centennial Puzzle":9,"Shovel":9,"Singing Bowl":9,"Ectoplasm":0,"Bag of Marbles":4,"Juzu Bracelet":11,"Akabeko":5,"Toy Ornithopter":8,"Ring of the Snake":0},{"Calling Bell":45,"Centennial Puzzle":45,"Shovel":45,"Singing Bowl":45,"Ectoplasm":0,"Bag of Marbles":18,"Juzu Bracelet":58,"Akabeko":23,"Toy Ornithopter":32,"Ring of the Snake":0}],"Toy Ornithopter":10},"card_choices":[{"not_picked":["Outmaneuver","Escape Plan"],"picked":"Sucker Punch","floor":1.0},{"not_picked":["Acrobatics","Dodge and Roll"],"picked":"Footwork","floor":2.0},{"not_picked":["Expertise","Outmaneuver"],"picked":"Predator","floor":4.0},{"not_picked":["Storm of Steel","PiercingWail"],"picked":"Malaise","floor":6.0},{"not_picked":["Deflect","Sucker Punch"],"picked":"Terror","floor":8.0},{"not_picked":["Finisher","Flying Knee"],"picked":"Blur","floor":10.0},{"not_picked":["Flying Knee","Riddle With Holes"],"picked":"Predator","floor":12},{"not_picked":["Caltrops","Quick Slash"],"picked":"Acrobatics","floor":13},{"not_picked":["After Image","Envenom"],"picked":"Tools of the Trade","floor":16},{"not_picked":["Bane","Deadly Poison","Acrobatics"],"picked":"Singing Bowl","floor":18},{"not_picked":["Dodge and Roll","Flying Knee+1"],"picked":"PiercingWail","floor":20},{"not_picked":["Skewer","Backstab","Flying Knee"],"picked":"Singing Bowl","floor":24}],"player_experience":3215354,"relics_obtained":[{"floor":6.0,"key":"Bag of Marbles"},{"floor":9.0,"key":"Akabeko"},{"floor":13,"key":"Toy Ornithopter"},{"floor":17,"key":"Centennial Puzzle"},{"floor":17,"key":"Singing Bowl"},{"floor":17,"key":"Shovel"},{"floor":22,"key":"Juzu Bracelet"}],"event_choices":[{"damage_healed":0.0,"max_hp_gain":0.0,"max_hp_loss":0.0,"gold_gain":50.0,"event_name":"Golden Shrine","player_choice":"Pray","floor":3.0,"gold_loss":0.0,"damage_taken":0.0},{"damage_healed":0,"gold_gain":50,"player_choice":"Pray","damage_taken":0,"max_hp_gain":0,"max_hp_loss":0,"event_name":"Golden Shrine","floor":19,"gold_loss":0}],"is_beta":true,"boss_relics":[{"not_picked":["Busted Crown","SlaversCollar"],"picked":"Calling Bell"}],"items_purged_floors":[],"is_endless":false,"potions_floor_spawned":[2,4,10,16,20],"killed_by":"Slavers","ascension_level":20}