{"gold_per_floor":[119,119,4,16,16,16,35,35,35,66,66,81,81,100,100,177,177,190,201,40,65,65,65,100,100,150,150,150,182,182,199,199,199],"floor_reached":33,"playtime":1881,"items_purged":["Pain"],"score":612,"play_id":"78180b15-6bba-4e16-b8c5-856de766720b","local_time":"20210201210326","is_ascension_mode":true,"campfire_choices":[{"data":"Skewer","floor":6,"key":"SMITH"},{"data":"Blade Dance","floor":8,"key":"SMITH"},{"data":"Finisher","floor":13,"key":"SMITH"},{"data":"Cloak And Dagger","floor":15,"key":"SMITH"},{"floor":23,"key":"REST"},{"data":"Neutralize","floor":25,"key":"SMITH"},{"data":"PiercingWail","floor":28,"key":"SMITH"},{"floor":32,"key":"REST"}],"neow_cost":"TEN_PERCENT_HP_LOSS","seed_source_timestamp":1623886023752700,"circlet_count":0,"master_deck":["AscendersBane","Strike_G","Defend_G","Defend_G","Defend_G","Defend_G","Survivor","Neutralize+1","Bullet Time","Cloak And Dagger+1","Finisher+1","Dodge and Roll","Skewer+1","Blade Dance+1","Dash","Dash","Venomology","PiercingWail+1","Footwork+1","Deflect","Blade Dance+1","Doubt","Accuracy+1","Acrobatics","Dodge and Roll"],"relics":["Ring of the Snake","Torii","Toy Ornithopter","Cursed Key","Membership Card","Red Mask","Gremlin Horn","PreservedInsect"],"potions_floor_usage":[16,16,19,21,24,24,29,29,31,33],"damage_taken":[{"damage":0,"enemies":"Jaw Worm","floor":1,"turns":5},{"damage":0,"enemies":"Cultist","floor":4,"turns":3},{"damage":0,"enemies":"Small Slimes","floor":7,"turns":3},{"damage":1,"enemies":"Gremlin Nob","floor":10,"turns":3},{"damage":2,"enemies":"3 Louse","floor":12,"turns":4},{"damage":0,"enemies":"Large Slime","floor":14,"turns":3},{"damage":32,"enemies":"Slime Boss","floor":16,"turns":9},{"damage":22,"enemies":"Chosen","floor":18,"turns":6},{"damage":2,"enemies":"Shell Parasite","floor":19,"turns":6},{"damage":10,"enemies":"Masked Bandits","floor":21,"turns":7},{"damage":0,"enemies":"Book of Stabbing","floor":24,"turns":6},{"damage":29,"enemies":"Slavers","floor":29,"turns":10},{"damage":10,"enemies":"Snake Plant","floor":31,"turns":7},{"damage":70,"enemies":"Collector","floor":33,"turns":7}],"seed_played":"6176498577573559166","potions_obtained":[{"floor":10,"key":"SkillPotion"},{"floor":12,"key":"Fire Potion"},{"floor":16,"key":"ColorlessPotion"}],"is_trial":false,"path_per_floor":["M","?","$","M","$","R","M","R","T","E","?","M","R","M","R","B",null,"M","M","$","?","?","R","E","R","T","?","R","E","?","M","R","B"],"character_chosen":"THE_SILENT","items_purchased":["Skewer","Membership Card"],"campfire_rested":2,"item_purchase_floors":[3,20],"current_hp_per_floor":[59,59,59,59,59,59,59,59,59,58,51,49,49,49,49,27,52,30,33,33,28,12,31,41,41,41,41,41,22,22,17,36,0],"gold":199,"neow_bonus":"TRANSFORM_TWO_CARDS","is_prod":false,"is_daily":false,"chose_seed":false,"campfire_upgraded":6,"win_rate":0,"timestamp":1612242206,"path_taken":["M","?","$","M","?","R","M","R","T","E","?","M","R","M","R","BOSS","M","M","$","?","?","R","E","R","T","?","R","E","?","M","R","BOSS"],"build_version":"2020-12-18","purchased_purges":1,"victory":false,"max_hp_per_floor":[60,60,60,60,60,60,60,60,60,60,60,60,60,60,60,60,60,60,60,60,60,65,65,65,65,65,65,65,65,65,65,65,65],"relic_stats":{"Torii":18,"Gremlin Horn":[4,5],"counters":[14,79],"PreservedInsect":0,"Cursed Key":1,"obtain_stats":[{"Torii":9,"Gremlin Horn":24,"PreservedInsect":29,"Red Mask":21,"Membership Card":20,"Cursed Key":17,"Toy Ornithopter":10,"Ring of the Snake":0},{"Torii":3,"Gremlin Horn":11,"PreservedInsect":12,"Red Mask":10,"Membership Card":9,"Cursed Key":7,"Toy Ornithopter":4,"Ring of the Snake":0},{"Torii":11,"Gremlin Horn":55,"PreservedInsect":65,"Red Mask":49,"Membership Card":42,"Cursed Key":30,"Toy Ornithopter":14,"Ring of the Snake":0}],"Toy Ornithopter":50,"Ring of the Snake":[28]},"card_choices":[{"not_picked":["Slice","PiercingWail"],"picked":"Finisher","floor":1},{"not_picked":["Well Laid Plans","Dagger Spray"],"picked":"Blade Dance","floor":4},{"not_picked":["Bane","Heel Hook","Flying Knee"],"picked":"SKIP","floor":7},{"not_picked":["Escape Plan","Tactician"],"picked":"Dash","floor":10},{"not_picked":["Dagger Throw","All Out Attack","Endless Agony"],"picked":"SKIP","floor":12},{"not_picked":["Quick Slash","Backstab"],"picked":"Dash","floor":14},{"not_picked":["Bullet Time","Burst"],"picked":"Venomology","floor":16},{"not_picked":["All Out Attack","Underhanded Strike"],"picked":"PiercingWail","floor":18},{"not_picked":["Deadly Poison","Skewer"],"picked":"Footwork+1","floor":19},{"not_picked":["Flying Knee","Outmaneuver"],"picked":"Deflect","floor":21},{"not_picked":["Backflip","Bane"],"picked":"Blade Dance+1","floor":24},{"not_picked":["Terror","Leg Sweep"],"picked":"Accuracy+1","floor":29},{"not_picked":["Distraction","Calculated Gamble","Prepared"],"picked":"SKIP","floor":31}],"player_experience":3246669,"relics_obtained":[{"floor":9,"key":"Torii"},{"floor":10,"key":"Toy Ornithopter"},{"floor":21,"key":"Red Mask"},{"floor":24,"key":"Gremlin Horn"},{"floor":29,"key":"PreservedInsect"}],"event_choices":[{"damage_healed":0,"gold_gain":0,"player_choice":"2 cards matched","damage_taken":0,"max_hp_gain":0,"max_hp_loss":0,"event_name":"Match and Keep!","floor":2,"gold_loss":0,"cards_obtained":["Dodge and Roll","Pain"]},{"cards_removed":["Strike_G"],"damage_healed":0,"gold_gain":0,"player_choice":"Card Removal","damage_taken":7,"max_hp_gain":0,"max_hp_loss":0,"event_name":"Golden Wing","floor":11,"gold_loss":0},{"damage_healed":0,"gold_gain":0,"player_choice":"Fought Bandits","damage_taken":0,"max_hp_gain":0,"max_hp_loss":0,"event_name":"Masked Bandits","floor":21,"gold_loss":0},{"damage_healed":0,"gold_gain":0,"player_choice":"Shed Blood","damage_taken":21,"max_hp_gain":5,"max_hp_loss":0,"event_name":"Forgotten Altar","floor":22,"gold_loss":0},{"damage_healed":0,"gold_gain":0,"player_choice":"Ignored","damage_taken":0,"max_hp_gain":0,"max_hp_loss":0,"event_name":"The Mausoleum","floor":27,"gold_loss":0},{"damage_healed":0,"gold_gain":0,"cards_transformed":["Strike_G","Strike_G"],"player_choice":"Became Test Subject","damage_taken":0,"max_hp_gain":0,"max_hp_loss":0,"event_name":"Drug Dealer","floor":30,"gold_loss":0,"cards_obtained":["Acrobatics","Dodge and Roll"]}],"is_beta":true,"boss_relics":[{"not_picked":["Calling Bell","Ectoplasm"],"picked":"Cursed Key"}],"items_purged_floors":[3],"is_endless":false,"potions_floor_spawned":[10,12,16,21],"killed_by":"Collector","ascension_level":20}