{"gold_per_floor":[216,236,236,253,97,131,131,159,185,185,201,218,218,244,244,323,323,333,352,363,363,363,395,395,427,427,459,25,54,65,95,95,172,172,183,208,208,226,53,88,105,105,105,105,118,128,159,173,173,173,173],"floor_reached":51,"playtime":25955,"items_purged":["Strike_G","Strike_G"],"score":1775,"play_id":"db245db3-76d3-4bca-828c-5717e60f9721","local_time":"20210206224842","is_ascension_mode":true,"campfire_choices":[{"data":"Underhanded Strike","floor":7,"key":"SMITH"},{"data":"Dagger Throw","floor":10,"key":"SMITH"},{"data":"Malaise","floor":13,"key":"SMITH"},{"data":"Noxious Fumes","floor":15,"key":"SMITH"},{"floor":24,"key":"RECALL"},{"floor":32,"key":"REST"},{"floor":42,"key":"REST"},{"floor":49,"key":"REST"}],"neow_cost":"NONE","seed_source_timestamp":2038120605062200,"circlet_count":0,"master_deck":["AscendersBane","Strike_G","Strike_G","Defend_G","Defend_G","Defend_G","Defend_G","Defend_G","Survivor","Neutralize","Dagger Throw+1","Backstab","Dagger Throw","Underhanded Strike+1","Prepared","Dagger Throw","Calculated Gamble","Malaise+1","Noxious Fumes+1","Die Die Die","Dodge and Roll+1","Well Laid Plans","RitualDagger","Ghostly+1","Ghostly","Ghostly","Backflip","PiercingWail","Leg Sweep","Malaise","Burst","Hologram","Acrobatics","Impervious","Flex+1"],"relics":["Ring of the Snake","Anchor","Toy Ornithopter","Bronze Scales","Letter Opener","Fusion Hammer","Regal Pillow","Potion Belt","Mercury Hourglass","Gremlin Horn","Mango","Molten Egg 2","Strawberry","SacredBark","Dead Branch","PrismaticShard","Incense Burner","Ginger"],"potions_floor_usage":[6,8,14,25,25,25,27,33,36,50,51],"damage_taken":[{"damage":4,"enemies":"Jaw Worm","floor":1,"turns":6},{"damage":0,"enemies":"Cultist","floor":2,"turns":3},{"damage":0,"enemies":"2 Louse","floor":4,"turns":2},{"damage":8,"enemies":"Gremlin Nob","floor":6,"turns":3},{"damage":17,"enemies":"3 Sentries","floor":8,"turns":11},{"damage":0,"enemies":"2 Fungi Beasts","floor":11,"turns":3},{"damage":0,"enemies":"Gremlin Gang","floor":12,"turns":2},{"damage":7,"enemies":"Lagavulin","floor":14,"turns":6},{"damage":6,"enemies":"The Guardian","floor":16,"turns":12},{"damage":1,"enemies":"2 Thieves","floor":18,"turns":3},{"damage":5,"enemies":"Shell Parasite","floor":19,"turns":4},{"damage":6,"enemies":"Snecko","floor":20,"turns":5},{"damage":3,"enemies":"Gremlin Leader","floor":23,"turns":7},{"damage":1,"enemies":"Slavers","floor":25,"turns":4},{"damage":11,"enemies":"Gremlin Leader","floor":27,"turns":8},{"damage":0,"enemies":"Book of Stabbing","floor":29,"turns":5},{"damage":0,"enemies":"Snake Plant","floor":30,"turns":4},{"damage":0,"enemies":"Slavers","floor":31,"turns":4},{"damage":19,"enemies":"Champ","floor":33,"turns":18},{"damage":0,"enemies":"3 Shapes","floor":35,"turns":5},{"damage":1,"enemies":"Mind Bloom Boss Battle","floor":36,"turns":10},{"damage":6,"enemies":"3 Darklings","floor":38,"turns":3},{"damage":33,"enemies":"Nemesis","floor":40,"turns":11},{"damage":0,"enemies":"4 Shapes","floor":41,"turns":4},{"damage":0,"enemies":"Sphere and 2 Shapes","floor":45,"turns":4},{"damage":9,"enemies":"Spire Growth","floor":46,"turns":7},{"damage":0,"enemies":"Reptomancer","floor":47,"turns":6},{"damage":0,"enemies":"Transient","floor":48,"turns":6},{"damage":45,"enemies":"Donu and Deca","floor":50,"turns":9},{"damage":25,"enemies":"Time Eater","floor":51,"turns":5}],"seed_played":"-6288302538619515679","potions_obtained":[{"floor":2,"key":"PowerPotion"},{"floor":4,"key":"AttackPotion"},{"floor":12,"key":"Regen Potion"},{"floor":16,"key":"PowerPotion"},{"floor":23,"key":"EntropicBrew"},{"floor":25,"key":"CultistPotion"},{"floor":30,"key":"CultistPotion"},{"floor":33,"key":"ColorlessPotion"},{"floor":35,"key":"Regen Potion"},{"floor":40,"key":"Strength Potion"},{"floor":41,"key":"ColorlessPotion"},{"floor":46,"key":"BlessingOfTheForge"},{"floor":47,"key":"Ancient Potion"}],"is_trial":false,"path_per_floor":["M","M","?","M","$","E","R","E","T","R","M","M","R","E","R","B",null,"M","M","M","?","?","E","R","E","T","E","$","E","M","E","R","B",null,"M","?","$","M","$","E","M","R","T","?","M","M","E","M","R","B","B"],"character_chosen":"THE_SILENT","items_purchased":["Underhanded Strike","Prepared","Mango","PrismaticShard"],"campfire_rested":3,"item_purchase_floors":[5,5,28,39],"current_hp_per_floor":[55,55,55,55,55,47,47,30,30,30,30,30,30,43,43,37,59,58,53,47,41,33,30,30,32,32,22,36,36,36,43,54,35,49,49,53,53,47,47,14,14,45,45,45,45,36,36,36,54,9,0],"gold":173,"neow_bonus":"HUNDRED_GOLD","is_prod":false,"is_daily":false,"chose_seed":false,"campfire_upgraded":4,"win_rate":0,"timestamp":1612680522,"path_taken":["M","M","?","M","$","E","R","E","T","R","M","M","R","E","R","BOSS","M","M","?","?","?","E","R","E","T","E","$","E","M","E","R","BOSS","M","?","$","M","$","E","M","R","T","?","M","M","E","?","R","BOSS","BOSS"],"build_version":"2020-12-18","purchased_purges":2,"victory":false,"max_hp_per_floor":[66,66,66,66,66,66,66,66,66,66,66,66,66,66,66,66,66,66,66,66,66,33,33,33,33,33,33,47,47,47,54,54,54,54,54,54,54,54,54,54,54,54,54,54,54,54,54,54,54,54,54],"relic_stats":{"Regal Pillow":17,"Gremlin Horn":[16,16],"counters":[30,179],"Bronze Scales":[440],"Dead Branch":[113],"Letter Opener":[299],"Ginger":[1],"obtain_stats":[{"Potion Belt":25,"Regal Pillow":23,"Gremlin Horn":27,"SacredBark":34,"Dead Branch":36,"Mango":28,"Incense Burner":40,"Letter Opener":14,"Ginger":47,"PrismaticShard":39,"Mercury Hourglass":26,"Anchor":6,"Bronze Scales":9,"Strawberry":31,"Molten Egg 2":29,"Fusion Hammer":17,"Toy Ornithopter":8,"Ring of the Snake":0},{"Potion Belt":14,"Regal Pillow":13,"Gremlin Horn":15,"SacredBark":19,"Dead Branch":21,"Mango":15,"Incense Burner":23,"Letter Opener":8,"Ginger":27,"PrismaticShard":22,"Mercury Hourglass":14,"Anchor":4,"Bronze Scales":5,"Strawberry":18,"Molten Egg 2":16,"Fusion Hammer":9,"Toy Ornithopter":5,"Ring of the Snake":0},{"Potion Belt":71,"Regal Pillow":67,"Gremlin Horn":79,"SacredBark":110,"Dead Branch":124,"Mango":79,"Incense Burner":138,"Letter Opener":36,"Ginger":159,"PrismaticShard":127,"Mercury Hourglass":71,"Anchor":14,"Bronze Scales":25,"Strawberry":92,"Molten Egg 2":84,"Fusion Hammer":48,"Toy Ornithopter":25,"Ring of the Snake":0}],"Toy Ornithopter":19,"Ring of the Snake":[60],"Mercury Hourglass":[345]},"card_choices":[{"not_picked":["Sucker Punch","Reflex"],"picked":"Dagger Throw","floor":1},{"not_picked":["Bane","Deadly Poison"],"picked":"Backstab","floor":2},{"not_picked":["Outmaneuver","Acrobatics"],"picked":"Dagger Throw","floor":4},{"not_picked":["Prepared","Choke"],"picked":"Dagger Throw","floor":6},{"not_picked":["Accuracy","Cloak And Dagger"],"picked":"Calculated Gamble","floor":8},{"not_picked":["Dagger Throw","Bane","Flying Knee"],"picked":"SKIP","floor":11},{"not_picked":["Eviscerate","Leg Sweep"],"picked":"Malaise","floor":12},{"not_picked":["Glass Knife","Cloak And Dagger"],"picked":"Noxious Fumes","floor":14},{"not_picked":["Glass Knife","Grand Finale"],"picked":"Die Die Die","floor":16},{"not_picked":["Skewer","Deadly Poison"],"picked":"Dodge and Roll+1","floor":18},{"not_picked":["Underhanded Strike","Endless Agony","Backflip"],"picked":"SKIP","floor":19},{"not_picked":["Infinite Blades+1","Quick Slash"],"picked":"Well Laid Plans","floor":20},{"not_picked":["Quick Slash","Blade Dance"],"picked":"Backflip","floor":23},{"not_picked":["Poisoned Stab","Setup","Crippling Poison"],"picked":"SKIP","floor":25},{"not_picked":["Noxious Fumes","Backflip"],"picked":"PiercingWail","floor":27},{"not_picked":["Quick Slash+1","Accuracy"],"picked":"Leg Sweep","floor":29},{"not_picked":["Grand Finale+1","Deadly Poison","Outmaneuver"],"picked":"SKIP","floor":30},{"not_picked":["Backstab+1","Infinite Blades"],"picked":"Malaise","floor":31},{"not_picked":["Storm of Steel","Unload+1"],"picked":"Burst","floor":33},{"not_picked":["Backflip","Dodge and Roll","Deadly Poison"],"picked":"SKIP","floor":35},{"not_picked":["Riddle With Holes+1","Accuracy","Dash+1"],"picked":"SKIP","floor":38},{"not_picked":["SignatureMove+1","Wild Strike+1","Backflip"],"picked":"SKIP","floor":40},{"not_picked":["Carnage+1","Cloak And Dagger"],"picked":"Hologram","floor":41},{"not_picked":["Force Field","Ball Lightning+1","Headbutt+1"],"picked":"SKIP","floor":45},{"not_picked":["Forethought","EmptyMind"],"picked":"Acrobatics","floor":46},{"not_picked":["Dodge and Roll","Loop"],"picked":"Impervious","floor":47},{"not_picked":["ClearTheMind","Sucker Punch+1"],"picked":"Flex+1","floor":48}],"player_experience":3260054,"relics_obtained":[{"floor":6,"key":"Anchor"},{"floor":8,"key":"Toy Ornithopter"},{"floor":9,"key":"Bronze Scales"},{"floor":14,"key":"Letter Opener"},{"floor":23,"key":"Regal Pillow"},{"floor":25,"key":"Potion Belt"},{"floor":26,"key":"Mercury Hourglass"},{"floor":27,"key":"Gremlin Horn"},{"floor":29,"key":"Molten Egg 2"},{"floor":31,"key":"Strawberry"},{"floor":36,"key":"Dead Branch"},{"floor":40,"key":"Incense Burner"},{"floor":47,"key":"Ginger"}],"event_choices":[{"cards_removed":["Strike_G"],"damage_healed":0,"gold_gain":0,"player_choice":"Offered Basic","damage_taken":0,"max_hp_gain":0,"max_hp_loss":0,"event_name":"Bonfire Elementals","floor":3,"gold_loss":0},{"damage_healed":0,"gold_gain":0,"player_choice":"Joined the Cult","damage_taken":6,"max_hp_gain":0,"max_hp_loss":0,"event_name":"Nest","floor":21,"gold_loss":0,"cards_obtained":["RitualDagger"]},{"damage_healed":0,"gold_gain":0,"player_choice":"Became a Ghost","damage_taken":0,"max_hp_gain":0,"max_hp_loss":33,"event_name":"Ghosts","floor":22,"gold_loss":0,"cards_obtained":["Ghostly","Ghostly","Ghostly"]},{"damage_healed":0,"gold_gain":0,"player_choice":"Fight","damage_taken":0,"max_hp_gain":0,"max_hp_loss":0,"event_name":"MindBloom","floor":36,"gold_loss":0},{"damage_healed":0,"gold_gain":0,"player_choice":"Upgraded","damage_taken":0,"max_hp_gain":0,"max_hp_loss":0,"event_name":"Upgrade Shrine","floor":44,"gold_loss":0,"cards_upgraded":["Ghostly"]}],"is_beta":true,"boss_relics":[{"not_picked":["Velvet Choker","Runic Dome"],"picked":"Fusion Hammer"},{"not_picked":["Coffee Dripper","Busted Crown"],"picked":"SacredBark"}],"items_purged_floors":[5,28],"is_endless":false,"potions_floor_spawned":[2,4,12,16,23,25,30,33,35,40,41,46,47],"killed_by":"Time Eater","ascension_level":20}