{"gold_per_floor":[12,23,41,54,54,54,85,85,85,100,114,125,151,151,151,228,228,241,254,304,316,44,44,44],"floor_reached":24,"playtime":1606,"items_purged":["Strike_G"],"score":520,"play_id":"e8cb918d-3e06-4c1d-a171-0d03c9172e1a","local_time":"20210207162444","is_ascension_mode":true,"campfire_choices":[{"data":"A Thousand Cuts","floor":6,"key":"SMITH"},{"data":"Dagger Spray","floor":8,"key":"SMITH"},{"data":"Accuracy","floor":15,"key":"SMITH"},{"floor":23,"key":"REST"}],"neow_cost":"NO_GOLD","seed_source_timestamp":2125834036321499,"circlet_count":0,"master_deck":["AscendersBane","Strike_G","Strike_G","Strike_G","Defend_G","Defend_G","Defend_G","Defend_G","Survivor","Neutralize+1","Leg Sweep","Dagger Throw+1","Blade Dance","Blade Dance","A Thousand Cuts+1","Dagger Spray+1","Well Laid Plans","Accuracy+1","Corpse Explosion","CurseOfTheBell","Backflip+1","Deflect","Footwork"],"relics":["Ring of the Snake","Whetstone","Sundial","Unceasing Top","Calling Bell","Boot","Meat on the Bone","Shovel","OrangePellets"],"potions_floor_usage":[12,13,16,24,24],"damage_taken":[{"damage":4,"enemies":"Cultist","floor":1,"turns":5},{"damage":5,"enemies":"Jaw Worm","floor":2,"turns":4},{"damage":9,"enemies":"Small Slimes","floor":3,"turns":4},{"damage":1,"enemies":"Exordium Wildlife","floor":4,"turns":3},{"damage":24,"enemies":"Lagavulin","floor":7,"turns":8},{"damage":0,"enemies":"Large Slime","floor":10,"turns":3},{"damage":8,"enemies":"Blue Slaver","floor":11,"turns":3},{"damage":0,"enemies":"Gremlin Gang","floor":12,"turns":1},{"damage":10,"enemies":"3 Sentries","floor":13,"turns":3},{"damage":0,"enemies":"The Guardian","floor":16,"turns":11},{"damage":23,"enemies":"Shell Parasite","floor":18,"turns":5},{"damage":28,"enemies":"2 Thieves","floor":19,"turns":3},{"damage":10,"enemies":"Centurion and Healer","floor":21,"turns":5},{"damage":51,"enemies":"Book of Stabbing","floor":24,"turns":6}],"seed_played":"6927528829713817790","potions_obtained":[{"floor":2,"key":"Energy Potion"},{"floor":7,"key":"DuplicationPotion"},{"floor":11,"key":"AttackPotion"},{"floor":13,"key":"Explosive Potion"},{"floor":19,"key":"Block Potion"},{"floor":21,"key":"Strength Potion"}],"is_trial":false,"path_per_floor":["M","M","M","M","?","R","E","R","T","M","M","M","E","T","R","B",null,"M","M","?","M","$","R","E"],"character_chosen":"THE_SILENT","items_purchased":["Footwork","OrangePellets"],"campfire_rested":1,"item_purchase_floors":[22,22],"current_hp_per_floor":[55,50,41,40,66,66,42,42,42,42,34,34,24,24,24,24,56,45,29,29,31,31,50,0],"gold":44,"neow_bonus":"TRANSFORM_TWO_CARDS","is_prod":false,"is_daily":false,"chose_seed":false,"campfire_upgraded":3,"win_rate":0,"timestamp":1612743884,"path_taken":["M","M","?","?","?","R","E","R","T","M","?","M","E","?","R","BOSS","M","M","?","M","$","R","E"],"build_version":"2020-12-18","purchased_purges":1,"victory":false,"max_hp_per_floor":[66,66,66,66,66,66,66,66,66,66,66,66,66,66,66,66,66,66,66,66,66,66,66,66],"relic_stats":{"OrangePellets":[0],"Shovel":0,"counters":[14,64],"Sundial":[4],"Whetstone":["Dagger Throw","Neutralize"],"Boot":[7],"obtain_stats":[{"Calling Bell":17,"OrangePellets":22,"Shovel":17,"Sundial":9,"Whetstone":7,"Boot":17,"Unceasing Top":13,"Ring of the Snake":0,"Meat on the Bone":17},{"Calling Bell":10,"OrangePellets":13,"Shovel":10,"Sundial":5,"Whetstone":5,"Boot":10,"Unceasing Top":9,"Ring of the Snake":0,"Meat on the Bone":10},{"Calling Bell":45,"OrangePellets":58,"Shovel":45,"Sundial":24,"Whetstone":24,"Boot":45,"Unceasing Top":34,"Ring of the Snake":0,"Meat on the Bone":45}],"Unceasing Top":[0],"Ring of the Snake":[28],"Meat on the Bone":36},"card_choices":[{"not_picked":["Prepared","Concentrate"],"picked":"Dagger Throw","floor":1},{"not_picked":["Poisoned Stab","PiercingWail"],"picked":"Blade Dance","floor":2},{"not_picked":["Crippling Poison","Leg Sweep"],"picked":"Blade Dance","floor":3},{"not_picked":["Tactician","Predator"],"picked":"A Thousand Cuts","floor":4},{"not_picked":["Prepared","Predator"],"picked":"Dagger Spray","floor":7},{"not_picked":["Dodge and Roll","Distraction"],"picked":"Well Laid Plans","floor":10},{"not_picked":["Endless Agony","Infinite Blades","Expertise"],"picked":"SKIP","floor":11},{"not_picked":["Masterful Stab","Slice","Underhanded Strike"],"picked":"SKIP","floor":12},{"not_picked":["Deflect","Outmaneuver"],"picked":"Accuracy","floor":13},{"not_picked":["Unload","Bullet Time"],"picked":"Corpse Explosion","floor":16},{"not_picked":["Outmaneuver","Bane"],"picked":"Backflip+1","floor":18},{"not_picked":["Flechettes","Infinite Blades","Flying Knee"],"picked":"SKIP","floor":19},{"not_picked":["Underhanded Strike","Outmaneuver"],"picked":"Deflect","floor":21}],"player_experience":3287508,"relics_obtained":[{"floor":7,"key":"Whetstone"},{"floor":9,"key":"Sundial"},{"floor":13,"key":"Unceasing Top"},{"floor":17,"key":"Boot"},{"floor":17,"key":"Meat on the Bone"},{"floor":17,"key":"Shovel"}],"event_choices":[{"cards_removed":["Distraction"],"damage_healed":26,"gold_gain":0,"player_choice":"Offered Uncommon","damage_taken":0,"max_hp_gain":0,"max_hp_loss":0,"event_name":"Bonfire Elementals","floor":5,"gold_loss":0},{"damage_healed":0,"gold_gain":50,"player_choice":"Stole From Cult","damage_taken":0,"max_hp_gain":0,"max_hp_loss":0,"event_name":"Nest","floor":20,"gold_loss":0}],"is_beta":true,"boss_relics":[{"not_picked":["Ectoplasm","Runic Dome"],"picked":"Calling Bell"}],"items_purged_floors":[22],"is_endless":false,"potions_floor_spawned":[2,7,11,13,19,21],"killed_by":"Book of Stabbing","ascension_level":20}