{"gold_per_floor":[110,129,129,129,129,129,94,111,111,111,142,58,68,100,100,100],"floor_reached":16,"playtime":853,"items_purged":[],"score":291,"play_id":"a81a8534-e0e2-4264-a62f-4f4d60e762c5","local_time":"20210202202257","is_ascension_mode":true,"campfire_choices":[{"data":"Dagger Throw","floor":6,"key":"SMITH"},{"data":"Underhanded Strike","floor":10,"key":"SMITH"},{"data":"Dagger Throw","floor":15,"key":"SMITH"}],"neow_cost":"NONE","seed_source_timestamp":1708883623036800,"circlet_count":0,"master_deck":["AscendersBane","Strike_G","Strike_G","Strike_G","Strike_G","Defend_G","Defend_G","Defend_G","Defend_G","Defend_G","Survivor","Neutralize","Reflex","Dagger Throw+1","Tactician","Underhanded Strike+1","Prepared","Dagger Throw+1"],"relics":["Ring of the Snake","Torii","Strawberry","HornCleat","Mango"],"potions_floor_usage":[11,11,14],"damage_taken":[{"damage":14,"enemies":"Jaw Worm","floor":1,"turns":8},{"damage":1,"enemies":"2 Louse","floor":2,"turns":3},{"damage":0,"enemies":"Cultist","floor":8,"turns":5},{"damage":12,"enemies":"Lagavulin","floor":11,"turns":6},{"damage":1,"enemies":"Gremlin Gang","floor":13,"turns":4},{"damage":0,"enemies":"Gremlin Nob","floor":14,"turns":2},{"damage":83,"enemies":"The Guardian","floor":16,"turns":18}],"seed_played":"-8206882605831780564","potions_obtained":[{"floor":1,"key":"BlessingOfTheForge"},{"floor":2,"key":"FearPotion"}],"is_trial":false,"path_per_floor":["M","M","?","$","?","R","?","M","T","R","E","$","M","E","R","B"],"character_chosen":"THE_SILENT","items_purchased":["Prepared","FearPotion"],"campfire_rested":0,"item_purchase_floors":[12,12],"current_hp_per_floor":[45,44,49,49,23,23,40,40,47,47,35,35,34,48,48,0],"gold":100,"neow_bonus":"TRANSFORM_CARD","is_prod":false,"is_daily":false,"chose_seed":false,"campfire_upgraded":3,"win_rate":0,"timestamp":1612326177,"path_taken":["M","M","?","$","?","R","?","?","T","R","E","?","?","E","R","BOSS"],"build_version":"2020-12-18","purchased_purges":0,"victory":false,"max_hp_per_floor":[66,66,71,71,71,71,71,71,78,78,78,78,78,92,92,92],"relic_stats":{"Torii":35,"counters":[7,46],"obtain_stats":[{"HornCleat":11,"Torii":5,"Strawberry":9,"Mango":14,"Ring of the Snake":0},{"HornCleat":4,"Torii":2,"Strawberry":3,"Mango":6,"Ring of the Snake":0},{"HornCleat":22,"Torii":11,"Strawberry":16,"Mango":28,"Ring of the Snake":0}],"Ring of the Snake":[14]},"card_choices":[{"not_picked":["All Out Attack","Cloak And Dagger"],"picked":"Dagger Throw","floor":1},{"not_picked":["Blur","Backflip"],"picked":"Tactician","floor":2},{"not_picked":["Backflip","Flechettes"],"picked":"Underhanded Strike","floor":8},{"not_picked":["Endless Agony","Infinite Blades","Outmaneuver"],"picked":"SKIP","floor":11},{"not_picked":["Bouncing Flask","Masterful Stab"],"picked":"Dagger Throw","floor":13},{"not_picked":["Infinite Blades","Dodge and Roll","Concentrate"],"picked":"SKIP","floor":14}],"player_experience":3248550,"relics_obtained":[{"floor":9,"key":"Strawberry"},{"floor":11,"key":"HornCleat"},{"floor":14,"key":"Mango"}],"event_choices":[{"damage_healed":0,"gold_gain":0,"player_choice":"Donut","damage_taken":0,"max_hp_gain":5,"max_hp_loss":0,"event_name":"Big Fish","floor":3,"gold_loss":0},{"damage_healed":0,"gold_gain":0,"player_choice":"Success","damage_taken":26,"relics_obtained":["Torii"],"max_hp_gain":0,"max_hp_loss":0,"event_name":"Scrap Ooze","floor":5,"gold_loss":0},{"damage_healed":17,"gold_gain":0,"player_choice":"Healed","damage_taken":0,"max_hp_gain":0,"max_hp_loss":0,"event_name":"The Cleric","floor":7,"gold_loss":35}],"is_beta":true,"boss_relics":[],"items_purged_floors":[],"is_endless":false,"potions_floor_spawned":[1,2],"killed_by":"The Guardian","ascension_level":20}