{"gold_per_floor":[113,129,139,139,65,65,98,111,161,173,210,222,249,276,288,378,390,375,400,432,444,287,287,301,327,327,327,352,370,370,390,390,390],"floor_reached":33,"playtime":2014,"items_purged":["Strike_G"],"score":608,"play_id":"30c2c036-6078-4d67-a650-1da34f74eedd","local_time":"20210201165552","is_ascension_mode":true,"campfire_choices":[{"data":"Cloak And Dagger","floor":6.0,"key":"SMITH"},{"data":"Deadly Poison","floor":12.0,"key":"SMITH"},{"data":"Accuracy","floor":15.0,"key":"SMITH"},{"floor":23.0,"key":"REST"},{"data":"Blade Dance","floor":27.0,"key":"SMITH"},{"data":"Accuracy","floor":30,"key":"SMITH"},{"floor":32,"key":"REST"}],"neow_cost":"NONE","seed_source_timestamp":1608869157365900,"circlet_count":0,"master_deck":["AscendersBane","Strike_G","Strike_G","Strike_G","Defend_G","Defend_G","Defend_G","Defend_G","Defend_G","Survivor","Neutralize","Unload","Finisher+1","Deadly Poison+1","Cloak And Dagger+1","Accuracy+1","Poisoned Stab+1","Leg Sweep","Dash","Cloak And Dagger","Blade Dance+1","Crippling Poison","Accuracy+1","Venomology","PiercingWail"],"special_seed":0,"relics":["Ring of the Snake","Eternal Feather","MawBank","Nunchaku","SacredBark","Whetstone","Torii"],"potions_floor_usage":[28,29,31,33,33],"damage_taken":[{"damage":0.0,"enemies":"Cultist","floor":1.0,"turns":4.0},{"damage":0.0,"enemies":"2 Louse","floor":2.0,"turns":3.0},{"damage":2.0,"enemies":"Jaw Worm","floor":3.0,"turns":5.0},{"damage":19.0,"enemies":"Lagavulin","floor":7.0,"turns":5.0},{"damage":0.0,"enemies":"Gremlin Gang","floor":8.0,"turns":4.0},{"damage":20.0,"enemies":"Gremlin Nob","floor":11.0,"turns":4.0},{"damage":10.0,"enemies":"Large Slime","floor":13.0,"turns":5.0},{"damage":4.0,"enemies":"Exordium Wildlife","floor":14.0,"turns":4.0},{"damage":24.0,"enemies":"The Guardian","floor":16.0,"turns":10.0},{"damage":8.0,"enemies":"2 Thieves","floor":18.0,"turns":4.0},{"damage":21.0,"enemies":"Spheric Guardian","floor":19.0,"turns":6.0},{"damage":29.0,"enemies":"Chosen and Byrds","floor":20.0,"turns":6.0},{"damage":2.0,"enemies":"Centurion and Healer","floor":24.0,"turns":7.0},{"damage":0,"enemies":"Gremlin Leader","floor":28,"turns":2},{"damage":17,"enemies":"Snake Plant","floor":29,"turns":4},{"damage":25,"enemies":"Snecko","floor":31,"turns":5},{"damage":62,"enemies":"Collector","floor":33,"turns":7}],"seed_played":"-7198483403112101849","potions_obtained":[{"floor":1.0,"key":"Poison Potion"},{"floor":3.0,"key":"DistilledChaos"},{"floor":8.0,"key":"AttackPotion"},{"floor":13.0,"key":"Regen Potion"},{"floor":14.0,"key":"LiquidMemories"},{"floor":20.0,"key":"Fire Potion"},{"floor":24.0,"key":"CunningPotion"},{"floor":28,"key":"FearPotion"}],"is_trial":false,"path_per_floor":["M","M","M","?","$","R","E","M","T","?","E","R","M","M","R","B",null,"M","M","M","?","$","R","M","T","T","R","E","M","R","M","R","B"],"character_chosen":"THE_SILENT","items_purchased":["Accuracy","Accuracy","PowerPotion"],"campfire_rested":2,"item_purchase_floors":[5,22,22],"current_hp_per_floor":[59,59,57,62,62,62,43,43,43,43,23,35,25,21,33,24,59,51,30,1,1,1,34,32,32,32,44,44,27,39,14,50,0],"gold":390,"neow_bonus":"TRANSFORM_CARD","is_prod":false,"is_daily":false,"chose_seed":false,"campfire_upgraded":5,"win_rate":0,"timestamp":1612227352,"path_taken":["M","M","M","?","$","R","E","M","T","?","E","R","M","M","R","BOSS","M","M","M","?","$","R","M","?","T","R","E","M","R","M","R","BOSS"],"build_version":"2020-12-18","purchased_purges":1,"victory":false,"max_hp_per_floor":[66,66,66,71,71,71,71,71,71,71,71,71,71,71,71,71,71,71,71,71,71,71,71,71,71,71,71,71,71,71,71,71,71],"relic_stats":{"Nunchaku":[16],"Torii":0,"counters":[17,85],"Eternal Feather":75,"Whetstone":["Poisoned Stab","Finisher"],"MawBank":156,"obtain_stats":[{"Nunchaku":11,"Torii":28,"SacredBark":17,"Eternal Feather":7,"Whetstone":25,"MawBank":9,"Ring of the Snake":0},{"Nunchaku":6,"Torii":14,"SacredBark":9,"Eternal Feather":4,"Whetstone":13,"MawBank":5,"Ring of the Snake":0},{"Nunchaku":25,"Torii":69,"SacredBark":44,"Eternal Feather":17,"Whetstone":67,"MawBank":21,"Ring of the Snake":0}],"Ring of the Snake":[34]},"card_choices":[{"not_picked":["Heel Hook","Distraction"],"picked":"Finisher","floor":1.0},{"not_picked":["PiercingWail","Underhanded Strike"],"picked":"Deadly Poison","floor":2.0},{"not_picked":["Backstab","Setup"],"picked":"Cloak And Dagger","floor":3.0},{"not_picked":["Prepared","Slice"],"picked":"Poisoned Stab","floor":7.0},{"not_picked":["Tactician","Finisher"],"picked":"Leg Sweep","floor":8.0},{"not_picked":["Prepared","Reflex"],"picked":"Dash","floor":11.0},{"not_picked":["Dagger Throw","Finisher"],"picked":"Cloak And Dagger","floor":13.0},{"not_picked":["Quick Slash","Dash","All Out Attack"],"picked":"SKIP","floor":14.0},{"not_picked":["Sucker Punch","Prepared","Heel Hook"],"picked":"SKIP","floor":18.0},{"not_picked":["Slice+1","Sucker Punch"],"picked":"Blade Dance","floor":19.0},{"not_picked":["Bane","Underhanded Strike"],"picked":"Crippling Poison","floor":20.0},{"not_picked":["Poisoned Stab+1","Sucker Punch","Quick Slash+1"],"picked":"SKIP","floor":24.0},{"not_picked":["Malaise","Noxious Fumes"],"picked":"Venomology","floor":28},{"not_picked":["Caltrops","Eviscerate+1","Slice"],"picked":"SKIP","floor":29},{"not_picked":["Cloak And Dagger","Flying Knee"],"picked":"PiercingWail","floor":31}],"player_experience":3241276,"relics_obtained":[{"floor":7.0,"key":"Eternal Feather"},{"floor":9.0,"key":"MawBank"},{"floor":11.0,"key":"Nunchaku"},{"floor":25.0,"key":"Whetstone"},{"floor":28,"key":"Torii"}],"event_choices":[{"damage_healed":0.0,"max_hp_gain":5.0,"max_hp_loss":0.0,"gold_gain":0.0,"event_name":"Big Fish","player_choice":"Donut","floor":4.0,"gold_loss":0.0,"damage_taken":0.0},{"damage_healed":0.0,"max_hp_gain":0.0,"max_hp_loss":0.0,"gold_gain":0.0,"event_name":"Liars Game","player_choice":"Ignored","floor":10.0,"gold_loss":0.0,"damage_taken":0.0},{"damage_healed":0.0,"max_hp_gain":0.0,"max_hp_loss":0.0,"gold_gain":0.0,"event_name":"Cursed Tome","player_choice":"Ignored","floor":21.0,"gold_loss":0.0,"damage_taken":0.0}],"is_beta":true,"boss_relics":[{"not_picked":["HoveringKite","Tiny House"],"picked":"SacredBark"}],"items_purged_floors":[22],"is_endless":false,"potions_floor_spawned":[1,3,8,13,14,20,24,28,29],"killed_by":"Collector","ascension_level":20}