{"gold_per_floor":[110,129,29,42,7,33,33,44,44,44,70,130,145,61,61,137,137,150,164,164,48,48,48,73,73,96,126,139,154,154,169,169,241,241,251,251,251,271,271,271,300,300,347,170,170,7,35,52,52,52,52,52,52,52,84,84],"floor_reached":57,"playtime":4409,"items_purged":["Expertise"],"score":2762,"play_id":"4ca86a32-1fbf-4913-926e-ebc510c5d746","local_time":"20210131114442","is_ascension_mode":true,"campfire_choices":[{"data":"Predator","floor":7.0,"key":"SMITH"},{"data":"Corpse Explosion","floor":10.0,"key":"SMITH"},{"data":"Blade Dance","floor":15.0,"key":"SMITH"},{"data":"Catalyst","floor":23.0,"key":"SMITH"},{"floor":25.0,"key":"REST"},{"data":"Ghostly","floor":30.0,"key":"SMITH"},{"floor":32.0,"key":"REST"},{"data":"Ghostly","floor":40,"key":"SMITH"},{"floor":42,"key":"RECALL"},{"data":"Wraith Form v2","floor":49,"key":"SMITH"},{"data":"Wraith Form v2","floor":53,"key":"SMITH"}],"neow_cost":"NONE","seed_source_timestamp":0,"circlet_count":0,"master_deck":["AscendersBane","Survivor","Neutralize","Dash","Dagger Throw","Corpse Explosion+1","Distraction","Noxious Fumes","Venomology","Bullet Time","Noxious Fumes","Dagger Throw","Blade Dance+1","Underhanded Strike","Predator+1","Well Laid Plans","Die Die Die","Dash","Ghostly+1","Ghostly","Ghostly+1","Catalyst+1","Backflip","PiercingWail","PiercingWail","Wraith Form v2+1","Wraith Form v2+1"],"special_seed":0,"relics":["Pandora\u0027s Box","MealTicket","Paper Crane","Singing Bowl","Lantern","SacredBark","Regal Pillow","Lizard Tail","Runic Dome","Snake Skull","Oddly Smooth Stone","Potion Belt","Smiling Mask","Anchor"],"potions_floor_usage":[41,41,45,50,51,51,51,56,56],"damage_taken":[{"damage":4.0,"enemies":"Jaw Worm","floor":1.0,"turns":5.0},{"damage":0.0,"enemies":"2 Louse","floor":2.0,"turns":2.0},{"damage":7.0,"enemies":"Small Slimes","floor":4.0,"turns":2.0},{"damage":20.0,"enemies":"Lagavulin","floor":6.0,"turns":4.0},{"damage":10.0,"enemies":"3 Louse","floor":8.0,"turns":2.0},{"damage":6.0,"enemies":"3 Sentries","floor":11.0,"turns":3.0},{"damage":0.0,"enemies":"Lagavulin Event","floor":12.0,"turns":4.0},{"damage":4.0,"enemies":"Exordium Wildlife","floor":13.0,"turns":3.0},{"damage":0.0,"enemies":"Slime Boss","floor":16.0,"turns":6.0},{"damage":19.0,"enemies":"Shell Parasite","floor":18.0,"turns":5.0},{"damage":1.0,"enemies":"Spheric Guardian","floor":19.0,"turns":3.0},{"damage":44.0,"enemies":"Slavers","floor":24.0,"turns":4.0},{"damage":7.0,"enemies":"Book of Stabbing","floor":27.0,"turns":6.0},{"damage":9.0,"enemies":"Centurion and Healer","floor":28.0,"turns":6.0},{"damage":7.0,"enemies":"Snake Plant","floor":29.0,"turns":2.0},{"damage":36.0,"enemies":"Chosen and Byrds","floor":31.0,"turns":7.0},{"damage":1.0,"enemies":"Automaton","floor":33.0,"turns":8.0},{"damage":1,"enemies":"3 Darklings","floor":35,"turns":2},{"damage":2,"enemies":"3 Shapes","floor":38,"turns":2},{"damage":28,"enemies":"Reptomancer","floor":41,"turns":7},{"damage":2,"enemies":"2 Orb Walkers","floor":45,"turns":3},{"damage":11,"enemies":"Nemesis","floor":47,"turns":9},{"damage":12,"enemies":"Jaw Worm Horde","floor":48,"turns":5},{"damage":28,"enemies":"Time Eater","floor":50,"turns":11},{"damage":29,"enemies":"Awakened One","floor":51,"turns":13},{"damage":16,"enemies":"Shield and Spear","floor":55,"turns":9},{"damage":44,"enemies":"The Heart","floor":56,"turns":12}],"seed_played":"5644021007361838632","potions_obtained":[{"floor":1.0,"key":"EssenceOfSteel"},{"floor":6.0,"key":"Block Potion"},{"floor":11.0,"key":"Swift Potion"},{"floor":18.0,"key":"Energy Potion"},{"floor":19.0,"key":"SpeedPotion"},{"floor":28.0,"key":"SkillPotion"},{"floor":33.0,"key":"SneckoOil"},{"floor":41,"key":"FairyPotion"},{"floor":48,"key":"SkillPotion"}],"is_trial":false,"path_per_floor":["M","M","$","M","?","E","R","M","T","R","E","?","M","$","R","B",null,"M","M","?","$","?","R","E","R","T","E","M","M","R","M","R","B",null,"M","$","?","M","?","R","E","R","T","$","?","$","E","M","R","B","B",null,"R","$","E","B",null],"character_chosen":"THE_SILENT","items_purchased":["Underhanded Strike","Well Laid Plans","Fruit Juice","Wraith Form v2","Potion Belt"],"campfire_rested":2,"item_purchase_floors":[3,14,21,44,46],"current_hp_per_floor":[55,55,55,48,64,44,44,34,34,34,30,32,30,45,45,45,65,48,47,37,37,47,47,3,32,32,25,18,13,13,10,40,41,52,53,57,57,55,55,55,29,29,29,44,42,57,46,36,36,8,15,50,50,61,47,3],"gold":84,"neow_bonus":"BOSS_RELIC","is_prod":false,"is_daily":false,"chose_seed":false,"campfire_upgraded":8,"win_rate":0,"timestamp":1612122282,"path_taken":["M","M","$","M","?","E","R","M","T","R","E","?","M","$","R","BOSS","M","M","?","$","?","R","E","R","T","E","M","M","R","M","R","BOSS","M","$","?","M","?","R","E","R","T","$","?","$","E","M","R","BOSS","BOSS","R","$","E","BOSS"],"build_version":"2020-12-18","purchased_purges":1,"victory":true,"max_hp_per_floor":[66,66,66,66,66,66,66,66,66,66,68,70,72,72,72,72,72,74,74,37,37,47,47,47,47,47,47,49,51,51,53,53,55,55,57,57,57,57,57,57,59,59,59,59,59,59,59,61,61,61,61,61,61,61,63,63],"relic_stats":{"Regal Pillow":30,"Lizard Tail":25,"Singing Bowl":24,"counters":[27,145],"Pandora\u0027s Box":["Dash","Dagger Throw","Sucker Punch","Corpse Explosion","Distraction","Noxious Fumes","Expertise","Venomology","Bullet Time","Noxious Fumes"],"MealTicket":60,"Snake Skull":[75],"Smiling Mask":0,"obtain_stats":[{"Potion Belt":46,"Lantern":12,"Regal Pillow":24,"Singing Bowl":11,"SacredBark":17,"Oddly Smooth Stone":43,"Snake Skull":41,"Paper Crane":9,"Smiling Mask":47,"Runic Dome":34,"Lizard Tail":27,"Anchor":55,"Pandora\u0027s Box":0,"MealTicket":6,"Ring of the Snake":0},{"Potion Belt":21,"Lantern":7,"Regal Pillow":12,"Singing Bowl":6,"SacredBark":9,"Oddly Smooth Stone":20,"Snake Skull":20,"Paper Crane":5,"Smiling Mask":22,"Runic Dome":17,"Lizard Tail":13,"Anchor":26,"Pandora\u0027s Box":0,"MealTicket":4,"Ring of the Snake":0},{"Potion Belt":86,"Lantern":22,"Regal Pillow":43,"Singing Bowl":18,"SacredBark":31,"Oddly Smooth Stone":83,"Snake Skull":83,"Paper Crane":15,"Smiling Mask":95,"Runic Dome":72,"Lizard Tail":49,"Anchor":133,"Pandora\u0027s Box":0,"MealTicket":13,"Ring of the Snake":0}]},"card_choices":[{"not_picked":["Cloak And Dagger","Calculated Gamble"],"picked":"Dagger Throw","floor":1.0},{"not_picked":["Finisher","Escape Plan"],"picked":"Blade Dance","floor":2.0},{"not_picked":["Bane","Deadly Poison"],"picked":"Predator","floor":4.0},{"not_picked":["Acrobatics","Endless Agony","Dagger Throw"],"picked":"SKIP","floor":6.0},{"not_picked":["Setup","Slice","Bane"],"picked":"SKIP","floor":8.0},{"not_picked":["Backstab","Envenom","Acrobatics"],"picked":"Singing Bowl","floor":11.0},{"not_picked":["Underhanded Strike","Cloak And Dagger","Poisoned Stab"],"picked":"Singing Bowl","floor":12.0},{"not_picked":["Skewer","Sucker Punch","Underhanded Strike"],"picked":"Singing Bowl","floor":13.0},{"not_picked":["Glass Knife","Venomology"],"picked":"Die Die Die","floor":16.0},{"not_picked":["Bane","Underhanded Strike","Escape Plan"],"picked":"Singing Bowl","floor":18.0},{"not_picked":["Endless Agony","Tactician"],"picked":"Dash","floor":19.0},{"not_picked":["Poisoned Stab","Glass Knife"],"picked":"Backflip","floor":24.0},{"not_picked":["Well Laid Plans","Blur+1"],"picked":"PiercingWail","floor":27.0},{"not_picked":["Skewer","Blade Dance","Blur"],"picked":"Singing Bowl","floor":28.0},{"not_picked":["Dagger Throw","Poisoned Stab","Quick Slash"],"picked":"Singing Bowl","floor":29.0},{"not_picked":["Accuracy","Setup","Cloak And Dagger"],"picked":"Singing Bowl","floor":31.0},{"not_picked":["Grand Finale","Corpse Explosion","After Image"],"picked":"Singing Bowl","floor":33.0},{"not_picked":["Blade Dance","Dagger Spray","Well Laid Plans"],"picked":"Singing Bowl","floor":35},{"not_picked":["Backflip","Escape Plan"],"picked":"PiercingWail","floor":38},{"not_picked":["Dagger Spray","Heel Hook","Flying Knee"],"picked":"Singing Bowl","floor":41},{"not_picked":["Malaise","Slice+1"],"picked":"Wraith Form v2","floor":47},{"not_picked":["Bane","Bouncing Flask","Choke"],"picked":"Singing Bowl","floor":48},{"not_picked":["Flying Knee","Quick Slash","Bullet Time"],"picked":"Singing Bowl","floor":55}],"player_experience":3220426,"relics_obtained":[{"floor":6.0,"key":"MealTicket"},{"floor":9.0,"key":"Paper Crane"},{"floor":11.0,"key":"Singing Bowl"},{"floor":12.0,"key":"Lantern"},{"floor":24.0,"key":"Regal Pillow"},{"floor":27.0,"key":"Lizard Tail"},{"floor":41,"key":"Snake Skull"},{"floor":43,"key":"Oddly Smooth Stone"},{"floor":47,"key":"Smiling Mask"},{"floor":55,"key":"Anchor"}],"event_choices":[{"damage_healed":16.0,"max_hp_gain":0.0,"max_hp_loss":0.0,"gold_gain":0.0,"event_name":"The Cleric","player_choice":"Healed","floor":5.0,"gold_loss":35.0,"damage_taken":0.0},{"damage_healed":0.0,"max_hp_gain":0.0,"max_hp_loss":0.0,"gold_gain":0.0,"event_name":"Dead Adventurer","player_choice":"Searched \u00271\u0027 times","floor":12.0,"gold_loss":0.0,"damage_taken":0.0},{"damage_healed":0.0,"max_hp_gain":0.0,"max_hp_loss":37.0,"gold_gain":0.0,"event_name":"Ghosts","player_choice":"Became a Ghost","floor":20.0,"gold_loss":0.0,"damage_taken":0.0,"cards_obtained":["Ghostly","Ghostly","Ghostly"]},{"damage_healed":0.0,"max_hp_gain":0.0,"max_hp_loss":0.0,"gold_gain":0.0,"event_name":"The Library","player_choice":"Read","floor":22.0,"gold_loss":0.0,"damage_taken":0.0,"cards_obtained":["Catalyst"]},{"damage_healed":0,"gold_gain":0,"player_choice":"Ignored","damage_taken":0,"max_hp_gain":0,"max_hp_loss":0,"event_name":"Tomb of Lord Red Mask","floor":37,"gold_loss":0},{"cards_removed":["Sucker Punch"],"damage_healed":0,"gold_gain":0,"player_choice":"Removed Attack","damage_taken":0,"max_hp_gain":0,"max_hp_loss":0,"event_name":"Falling","floor":39,"gold_loss":0},{"damage_healed":0,"gold_gain":0,"player_choice":"Fight","damage_taken":0,"max_hp_gain":0,"max_hp_loss":0,"event_name":"Mysterious Sphere","floor":45,"gold_loss":0}],"is_beta":true,"boss_relics":[{"not_picked":["Astrolabe","Coffee Dripper"],"picked":"SacredBark"},{"not_picked":["Busted Crown","WristBlade"],"picked":"Runic Dome"}],"items_purged_floors":[3],"is_endless":false,"potions_floor_spawned":[1,2,6,8,11,18,19,28,33,35,41,45,48],"ascension_level":20}