{"gold_per_floor":[109,129,141,141,154,186,166,166,190,190,205,6,36,47,47,124,124,137,156,56,56,56,82,101,101,126,126,126,146,161,195,195,273,273,284,294,294,306,319,346,346,381,381,381,398,211,211,211,211,211],"floor_reached":50,"playtime":2903,"items_purged":["Strike_G","Pain"],"score":1379,"play_id":"94d1c593-6f9a-4160-8365-d52def52a93f","local_time":"20210211210645","is_ascension_mode":true,"campfire_choices":[{"floor":8.0,"key":"REST"},{"floor":10.0,"key":"REST"},{"data":"Catalyst","floor":15.0,"key":"SMITH"},{"data":"Wraith Form v2","floor":25,"key":"SMITH"},{"data":"Ghostly","floor":27,"key":"SMITH"},{"data":"Bouncing Flask","floor":32,"key":"SMITH"},{"data":"Ghostly","floor":41,"key":"SMITH"},{"data":"Ghostly","floor":44,"key":"SMITH"},{"data":"Well Laid Plans","floor":47,"key":"SMITH"},{"floor":49,"key":"RECALL"}],"neow_cost":"NONE","seed_source_timestamp":0,"circlet_count":0,"master_deck":["AscendersBane","Survivor","Neutralize","Flying Knee","Calculated Gamble","Bouncing Flask+1","Eviscerate","Deadly Poison","Footwork","Well Laid Plans+1","Catalyst+1","PiercingWail","Wraith Form v2+1","Acrobatics","Prepared","Ghostly+1","Ghostly+1","Ghostly+1","Malaise","PiercingWail","Tools of the Trade","Distraction","Expertise","Infinite Blades","Catalyst","Cloak And Dagger","Adrenaline","Backflip","Deadly Poison+1","Acrobatics+1","Deflect","Backflip","Dodge and Roll","Noxious Fumes","Burst"],"special_seed":0,"relics":["Sozu","Snake Skull","Art of War","Bag of Preparation","Orichalcum","HoveringKite","PreservedInsect","Whetstone","Pandora\u0027s Box","WarpedTongs","Pen Nib","Happy Flower","Bottled Lightning"],"potions_floor_usage":[],"damage_taken":[{"damage":1.0,"enemies":"Cultist","floor":1.0,"turns":4.0},{"damage":0.0,"enemies":"Jaw Worm","floor":2.0,"turns":4.0},{"damage":0.0,"enemies":"Small Slimes","floor":3.0,"turns":4.0},{"damage":11.0,"enemies":"Red Slaver","floor":5.0,"turns":4.0},{"damage":46.0,"enemies":"Gremlin Nob","floor":6.0,"turns":4.0},{"damage":1.0,"enemies":"Looter","floor":11.0,"turns":3.0},{"damage":6.0,"enemies":"Lagavulin","floor":13.0,"turns":5.0},{"damage":0.0,"enemies":"2 Fungi Beasts","floor":14.0,"turns":3.0},{"damage":12.0,"enemies":"The Guardian","floor":16.0,"turns":6.0},{"damage":19,"enemies":"Spheric Guardian","floor":18,"turns":4},{"damage":2,"enemies":"Chosen","floor":19,"turns":5},{"damage":0,"enemies":"Gremlin Leader","floor":23,"turns":6},{"damage":0,"enemies":"Snake Plant","floor":24,"turns":5},{"damage":0,"enemies":"Centurion and Healer","floor":29,"turns":5},{"damage":10,"enemies":"3 Cultists","floor":30,"turns":6},{"damage":0,"enemies":"Book of Stabbing","floor":31,"turns":4},{"damage":7,"enemies":"Collector","floor":33,"turns":8},{"damage":7,"enemies":"Orb Walker","floor":35,"turns":5},{"damage":0,"enemies":"3 Shapes","floor":36,"turns":5},{"damage":10,"enemies":"Sphere and 2 Shapes","floor":38,"turns":6},{"damage":2,"enemies":"Writhing Mass","floor":39,"turns":2},{"damage":0,"enemies":"Giant Head","floor":40,"turns":6},{"damage":3,"enemies":"Nemesis","floor":42,"turns":5},{"damage":2,"enemies":"Transient","floor":45,"turns":6},{"damage":6,"enemies":"Awakened One","floor":50,"turns":2}],"seed_played":"3234820529823854531","potions_obtained":[],"is_trial":false,"path_per_floor":["M","M","M","?","M","E","?","R","T","R","M","$","E","M","R","B",null,"M","M","$","?","?","E","M","R","T","R","?","M","M","E","R","B",null,"M","M","?","M","M","E","R","E","T","R","M","$","R","?","R","B"],"character_chosen":"THE_SILENT","items_purchased":["Bag of Preparation","Well Laid Plans","Prepared","Noxious Fumes"],"campfire_rested":2,"item_purchase_floors":[12,12,20,46],"current_hp_per_floor":[58,58,58,58,47,1,1,20,20,39,38,38,32,32,32,20,55,36,34,34,34,33,33,33,33,33,33,33,33,23,23,23,16,29,22,22,22,12,10,10,10,7,7,7,5,5,5,5,5,0],"gold":211,"neow_bonus":"BOSS_RELIC","is_prod":false,"is_daily":false,"chose_seed":false,"campfire_upgraded":7,"win_rate":0,"timestamp":1613106405,"path_taken":["M","?","M","?","?","E","?","R","T","R","M","$","E","M","R","BOSS","M","M","$","?","?","E","M","R","T","R","?","M","M","E","R","BOSS","M","M","?","M","M","E","R","E","T","R","?","$","R","?","R","BOSS"],"build_version":"2020-12-18","purchased_purges":2,"victory":false,"max_hp_per_floor":[66,66,66,66,66,66,66,66,66,66,66,66,66,66,66,66,66,66,66,66,66,33,33,33,33,33,33,33,33,33,33,33,33,33,33,33,33,33,33,33,33,33,33,33,33,33,33,33,33,33],"relic_stats":{"Happy Flower":[2],"counters":[25,117],"HoveringKite":[51],"Snake Skull":[157],"PreservedInsect":223,"Pen Nib":[1],"Bag of Preparation":[38],"Whetstone":["Strike_G","Strike_G"],"Orichalcum":[312],"WarpedTongs":[27],"Sozu":10,"Pandora\u0027s Box":["Tools of the Trade","Heel Hook","Distraction","Expertise","Infinite Blades","Catalyst","Cloak And Dagger","Adrenaline","Backflip"],"Art of War":[25],"obtain_stats":[{"Happy Flower":42,"HoveringKite":17,"Snake Skull":6,"PreservedInsect":23,"Pen Nib":40,"Bag of Preparation":12,"Whetstone":31,"Orichalcum":13,"WarpedTongs":37,"Sozu":0,"Pandora\u0027s Box":34,"Art of War":9,"Bottled Lightning":43,"Ring of the Snake":0},{"Happy Flower":23,"HoveringKite":9,"Snake Skull":5,"PreservedInsect":12,"Pen Nib":22,"Bag of Preparation":6,"Whetstone":16,"Orichalcum":7,"WarpedTongs":19,"Sozu":0,"Pandora\u0027s Box":17,"Art of War":5,"Bottled Lightning":23,"Ring of the Snake":0},{"Happy Flower":109,"HoveringKite":37,"Snake Skull":20,"PreservedInsect":52,"Pen Nib":104,"Bag of Preparation":23,"Whetstone":72,"Orichalcum":28,"WarpedTongs":90,"Sozu":0,"Pandora\u0027s Box":80,"Art of War":20,"Bottled Lightning":109,"Ring of the Snake":0}]},"card_choices":[{"not_picked":["Concentrate","Deadly Poison"],"picked":"Flying Knee","floor":1.0},{"not_picked":["Deflect","Outmaneuver"],"picked":"Calculated Gamble","floor":2.0},{"not_picked":["Outmaneuver","Calculated Gamble"],"picked":"Bouncing Flask","floor":3.0},{"not_picked":["Blur","Dagger Throw"],"picked":"Eviscerate","floor":5.0},{"not_picked":["Dodge and Roll","Calculated Gamble"],"picked":"Deadly Poison","floor":6.0},{"not_picked":["Doppelganger","Skewer"],"picked":"Footwork","floor":11.0},{"not_picked":["Terror","Acrobatics"],"picked":"Catalyst","floor":13.0},{"not_picked":["Backflip","Finisher"],"picked":"PiercingWail","floor":14.0},{"not_picked":["Bullet Time","Unload"],"picked":"Wraith Form v2","floor":16.0},{"not_picked":["Flechettes","Outmaneuver","Well Laid Plans"],"picked":"SKIP","floor":18},{"not_picked":["Footwork","Outmaneuver"],"picked":"Acrobatics","floor":19},{"not_picked":["A Thousand Cuts","Footwork","Cloak And Dagger"],"picked":"SKIP","floor":23},{"not_picked":["Calculated Gamble","Prepared","Quick Slash"],"picked":"SKIP","floor":24},{"not_picked":["Cloak And Dagger","Dagger Throw"],"picked":"Malaise","floor":29},{"not_picked":["Accuracy","Escape Plan"],"picked":"PiercingWail","floor":30},{"not_picked":["Backstab","Masterful Stab","Sucker Punch"],"picked":"SKIP","floor":31},{"not_picked":["Dagger Throw","Poisoned Stab"],"picked":"Deadly Poison+1","floor":35},{"not_picked":["Slice","Backstab+1","Sucker Punch"],"picked":"SKIP","floor":36},{"not_picked":["Catalyst","Bullet Time"],"picked":"Acrobatics+1","floor":38},{"not_picked":["Finisher","Outmaneuver"],"picked":"Deflect","floor":39},{"not_picked":["Bouncing Flask","Masterful Stab"],"picked":"Backflip","floor":40},{"not_picked":["Accuracy","Grand Finale"],"picked":"Dodge and Roll","floor":42},{"not_picked":["Well Laid Plans+1","Expertise","Setup"],"picked":"SKIP","floor":45}],"player_experience":3289114,"relics_obtained":[{"floor":6.0,"key":"Snake Skull"},{"floor":9.0,"key":"Art of War"},{"floor":13.0,"key":"Orichalcum"},{"floor":23,"key":"PreservedInsect"},{"floor":31,"key":"Whetstone"},{"floor":40,"key":"Pen Nib"},{"floor":42,"key":"Happy Flower"},{"floor":43,"key":"Bottled Lightning"}],"event_choices":[{"damage_healed":0.0,"max_hp_gain":0.0,"max_hp_loss":0.0,"gold_gain":0.0,"event_name":"WeMeetAgain","player_choice":"Ignored","floor":4.0,"gold_loss":0.0,"damage_taken":0.0},{"damage_healed":0.0,"max_hp_gain":0.0,"max_hp_loss":0.0,"gold_gain":0.0,"event_name":"The Woman in Blue","player_choice":"Bought 1 Potion","floor":7.0,"gold_loss":0.0,"damage_taken":0.0},{"damage_healed":0,"gold_gain":0,"player_choice":"Became a Ghost","damage_taken":0,"max_hp_gain":0,"max_hp_loss":33,"event_name":"Ghosts","floor":22,"gold_loss":0,"cards_obtained":["Ghostly","Ghostly","Ghostly"]},{"damage_healed":0,"gold_gain":0,"player_choice":"Ignored","damage_taken":0,"max_hp_gain":0,"max_hp_loss":0,"event_name":"N\u0027loth","floor":28,"gold_loss":0},{"damage_healed":0,"gold_gain":0,"player_choice":"Rummage","damage_taken":0,"relics_obtained":["WarpedTongs"],"max_hp_gain":0,"max_hp_loss":0,"event_name":"Accursed Blacksmith","floor":37,"gold_loss":0,"cards_obtained":["Pain"]},{"damage_healed":0,"gold_gain":0,"cards_transformed":["Heel Hook"],"player_choice":"Transformed","damage_taken":0,"max_hp_gain":0,"max_hp_loss":0,"event_name":"Transmorgrifier","floor":48,"gold_loss":0,"cards_obtained":["Burst"]}],"is_beta":true,"boss_relics":[{"not_picked":["Tiny House","Busted Crown"],"picked":"HoveringKite"},{"not_picked":["Fusion Hammer","Cursed Key"],"picked":"Pandora\u0027s Box"}],"items_purged_floors":[20,46],"is_endless":false,"potions_floor_spawned":[3,5,11,16,18,19,35,40,45],"killed_by":"Awakened One","ascension_level":20}