{"gold_per_floor":[119,137,160,173,173,173,21,21,74,104,115,115,40,73,73,152,152,164,214,226,121,135,165,165,199,199,209,134,147,157,188,188,265,265,279,24,40,51,51,51,86,86,86,116,132,162,176,226,226,226,226,226,226,9,40,40],"floor_reached":57,"playtime":5830,"items_purged":["Strike_G","Pain","Strike_G"],"score":2845,"play_id":"45d4c94e-a07f-4cc5-a115-db4436c467a8","local_time":"20210513103900","is_ascension_mode":true,"campfire_choices":[{"data":"Poisoned Stab","floor":6.0,"key":"SMITH"},{"data":"Poisoned Stab","floor":8.0,"key":"SMITH"},{"floor":12.0,"key":"REST"},{"data":"Crippling Poison","floor":15.0,"key":"SMITH"},{"floor":24.0,"key":"REST"},{"data":"Footwork","floor":32.0,"key":"SMITH"},{"floor":40,"key":"RECALL"},{"data":"Apotheosis","floor":42,"key":"SMITH"},{"floor":49,"key":"REST"},{"data":"Footwork","floor":53,"key":"SMITH"}],"neow_cost":"NONE","seed_source_timestamp":0,"circlet_count":0,"master_deck":["AscendersBane","Defend_G","Defend_G","Defend_G","Defend_G","Defend_G","Survivor","Neutralize","Poisoned Stab+1","Flechettes","Poisoned Stab+1","Footwork+1","Deadly Poison","Dodge and Roll","Crippling Poison+1","Adrenaline","Adrenaline","All Out Attack+1","PiercingWail","Acrobatics","Blur","Bouncing Flask+1","Backflip+1","Footwork+1","Acrobatics","Dodge and Roll","Adrenaline","Deflect","After Image","Deflect+1","Apotheosis+1","Dark Shackles","Shame","Crippling Poison+1","Malaise","Calculated Gamble"],"special_seed":0,"relics":["Ring of the Snake","Strawberry","Blood Vial","Smiling Mask","Nunchaku","Paper Crane","Cursed Key","Pen Nib","Du-Vu Doll","Turnip","InkBottle","Empty Cage","Membership Card","Pear","Sundial","Snake Skull","OrangePellets","Eternal Feather"],"potions_floor_usage":[44,46,50,56,56],"damage_taken":[{"damage":15.0,"enemies":"Cultist","floor":1.0,"turns":5.0},{"damage":1.0,"enemies":"Small Slimes","floor":2.0,"turns":4.0},{"damage":0.0,"enemies":"Jaw Worm","floor":4.0,"turns":5.0},{"damage":21.0,"enemies":"3 Sentries","floor":10.0,"turns":11.0},{"damage":2.0,"enemies":"2 Fungi Beasts","floor":11.0,"turns":4.0},{"damage":1.0,"enemies":"Lagavulin","floor":14.0,"turns":6.0},{"damage":3.0,"enemies":"The Guardian","floor":16.0,"turns":9.0},{"damage":5.0,"enemies":"3 Byrds","floor":18.0,"turns":4.0},{"damage":7.0,"enemies":"Spheric Guardian","floor":20.0,"turns":4.0},{"damage":16.0,"enemies":"Shelled Parasite and Fungi","floor":22.0,"turns":5.0},{"damage":1.0,"enemies":"Gremlin Leader","floor":23.0,"turns":5.0},{"damage":22.0,"enemies":"Book of Stabbing","floor":25.0,"turns":5.0},{"damage":2.0,"enemies":"3 Cultists","floor":27.0,"turns":4.0},{"damage":0.0,"enemies":"Snecko","floor":29.0,"turns":4.0},{"damage":0.0,"enemies":"Snake Plant","floor":30.0,"turns":3.0},{"damage":8.0,"enemies":"Slavers","floor":31.0,"turns":4.0},{"damage":16.0,"enemies":"Automaton","floor":33.0,"turns":10.0},{"damage":3,"enemies":"3 Darklings","floor":35,"turns":5},{"damage":0,"enemies":"3 Shapes","floor":37,"turns":3},{"damage":0,"enemies":"Writhing Mass","floor":38,"turns":7},{"damage":0,"enemies":"Nemesis","floor":41,"turns":11},{"damage":13,"enemies":"Giant Head","floor":44,"turns":10},{"damage":0,"enemies":"Jaw Worm Horde","floor":45,"turns":5},{"damage":29,"enemies":"Reptomancer","floor":46,"turns":8},{"damage":0,"enemies":"4 Shapes","floor":47,"turns":5},{"damage":14,"enemies":"Donu and Deca","floor":50,"turns":15},{"damage":1,"enemies":"Awakened One","floor":51,"turns":24},{"damage":29,"enemies":"Shield and Spear","floor":55,"turns":14},{"damage":17,"enemies":"The Heart","floor":56,"turns":15}],"seed_played":"6331325941641743833","potions_obtained":[{"floor":4.0,"key":"Block Potion"},{"floor":10.0,"key":"LiquidMemories"},{"floor":11.0,"key":"Energy Potion"},{"floor":16.0,"key":"FearPotion"},{"floor":23.0,"key":"FearPotion"},{"floor":25.0,"key":"SkillPotion"},{"floor":30.0,"key":"SteroidPotion"},{"floor":31.0,"key":"Weak Potion"},{"floor":38,"key":"Block Potion"},{"floor":45,"key":"AttackPotion"}],"is_trial":false,"path_per_floor":["M","M","T","M","?","R","$","R","T","E","M","R","$","E","R","B",null,"M","?","M","$","M","E","R","E","T","M","$","M","M","E","R","B",null,"M","$","M","M","?","R","E","R","T","E","M","E","M","?","R","B","B",null,"R","$","E","B",null],"character_chosen":"THE_SILENT","items_purchased":["Poisoned Stab","Footwork","Deadly Poison","Crippling Poison","Acrobatics","Acrobatics","Membership Card","Apotheosis","GhostInAJar","OrangePellets","Dexterity Potion"],"campfire_rested":3,"item_purchase_floors":[7,7,7,13,21,28,36,36,54,54,54],"current_hp_per_floor":[51,50,50,52,45,45,45,45,45,26,26,47,47,48,48,47,67,64,57,52,52,38,39,60,40,40,40,40,42,44,38,38,24,61,60,60,62,64,54,54,66,66,66,55,57,30,32,32,56,44,45,74,74,74,47,32],"gold":40,"neow_bonus":"RANDOM_COMMON_RELIC","is_prod":false,"is_daily":false,"chose_seed":false,"campfire_upgraded":6,"win_rate":0,"timestamp":1620927540,"path_taken":["M","M","?","M","?","R","?","R","T","E","M","R","$","E","R","BOSS","M","?","?","$","M","E","R","E","T","M","$","M","M","E","R","BOSS","M","$","M","M","?","R","E","R","T","E","M","E","M","?","R","BOSS","BOSS","R","$","E","BOSS"],"build_version":"2020-12-18","purchased_purges":3,"victory":true,"max_hp_per_floor":[73,73,73,73,73,73,73,73,73,73,73,73,73,73,73,73,73,73,73,73,73,73,73,73,73,73,73,73,73,73,73,73,73,73,73,73,73,73,73,73,83,83,83,83,83,83,83,83,83,83,83,83,83,83,83,83],"relic_stats":{"counters":[29,214],"Eternal Feather":0,"Pen Nib":[16],"Snake Skull":[98],"Smiling Mask":88,"Cursed Key":2,"Blood Vial":54,"OrangePellets":[2],"Nunchaku":[22],"Sundial":[12],"Turnip":[14],"obtain_stats":[{"Pear":41,"Eternal Feather":55,"Pen Nib":23,"Snake Skull":46,"Paper Crane":14,"Smiling Mask":9,"Cursed Key":17,"Empty Cage":34,"Blood Vial":3,"Du-Vu Doll":25,"OrangePellets":54,"Nunchaku":10,"Sundial":44,"Strawberry":0,"Turnip":26,"Membership Card":36,"InkBottle":31,"Ring of the Snake":0},{"Pear":21,"Eternal Feather":28,"Pen Nib":11,"Snake Skull":24,"Paper Crane":6,"Smiling Mask":3,"Cursed Key":7,"Empty Cage":17,"Blood Vial":2,"Du-Vu Doll":12,"OrangePellets":27,"Nunchaku":4,"Sundial":22,"Strawberry":0,"Turnip":12,"Membership Card":18,"InkBottle":16,"Ring of the Snake":0},{"Pear":118,"Eternal Feather":199,"Pen Nib":62,"Snake Skull":141,"Paper Crane":35,"Smiling Mask":14,"Cursed Key":44,"Empty Cage":92,"Blood Vial":9,"Du-Vu Doll":67,"OrangePellets":185,"Nunchaku":25,"Sundial":128,"Strawberry":0,"Turnip":67,"Membership Card":97,"InkBottle":82,"Ring of the Snake":0}],"InkBottle":[60],"Ring of the Snake":[58]},"card_choices":[{"not_picked":["Acrobatics","Tactician","PiercingWail"],"picked":"SKIP","floor":1.0},{"not_picked":["Acrobatics","Bane"],"picked":"Poisoned Stab","floor":2.0},{"not_picked":["Sucker Punch","Prepared"],"picked":"Flechettes","floor":4.0},{"not_picked":["Skewer","Outmaneuver"],"picked":"Dodge and Roll","floor":10.0},{"not_picked":["Deflect","Cloak And Dagger","Poisoned Stab"],"picked":"SKIP","floor":11.0},{"not_picked":["Caltrops","Poisoned Stab"],"picked":"Adrenaline","floor":14.0},{"not_picked":["Envenom","Night Terror"],"picked":"Adrenaline","floor":16.0},{"not_picked":["Riddle With Holes","Underhanded Strike+1"],"picked":"All Out Attack+1","floor":18.0},{"not_picked":["Slice","Deflect+1"],"picked":"PiercingWail","floor":20.0},{"not_picked":["Flying Knee","Acrobatics"],"picked":"Blur","floor":22.0},{"not_picked":["Deflect","Setup"],"picked":"Bouncing Flask+1","floor":23.0},{"not_picked":["Infinite Blades","Accuracy"],"picked":"Backflip+1","floor":25.0},{"not_picked":["Flechettes","Slice+1"],"picked":"Footwork","floor":27.0},{"not_picked":["Riddle With Holes","Underhanded Strike+1"],"picked":"Dodge and Roll","floor":29.0},{"not_picked":["Escape Plan","Dagger Spray"],"picked":"Adrenaline","floor":30.0},{"not_picked":["Cloak And Dagger","PiercingWail"],"picked":"Deflect","floor":31.0},{"not_picked":["Tools of the Trade","Glass Knife"],"picked":"After Image","floor":33.0},{"not_picked":["Accuracy","Blur"],"picked":"Deflect+1","floor":35},{"not_picked":["Blur","Slice","Cloak And Dagger+1"],"picked":"SKIP","floor":37},{"not_picked":["Bane","Expertise","Cloak And Dagger+1"],"picked":"SKIP","floor":38},{"not_picked":["Mind Blast","Good Instincts"],"picked":"Dark Shackles","floor":39},{"not_picked":["Outmaneuver","Cloak And Dagger","PiercingWail"],"picked":"SKIP","floor":41},{"not_picked":["Predator","All Out Attack","Infinite Blades"],"picked":"SKIP","floor":44},{"not_picked":["Underhanded Strike+1","Distraction+1"],"picked":"Crippling Poison+1","floor":45},{"not_picked":["Doppelganger","Bouncing Flask+1"],"picked":"Malaise","floor":46},{"not_picked":["Poisoned Stab+1","Deadly Poison","Tactician"],"picked":"SKIP","floor":47},{"not_picked":["Slice","Heel Hook"],"picked":"Calculated Gamble","floor":55}],"player_experience":3667248,"relics_obtained":[{"floor":3.0,"key":"Blood Vial"},{"floor":9.0,"key":"Smiling Mask"},{"floor":10.0,"key":"Nunchaku"},{"floor":14.0,"key":"Paper Crane"},{"floor":23.0,"key":"Pen Nib"},{"floor":25.0,"key":"Du-Vu Doll"},{"floor":26.0,"key":"Turnip"},{"floor":31.0,"key":"InkBottle"},{"floor":41,"key":"Pear"},{"floor":44,"key":"Sundial"},{"floor":46,"key":"Snake Skull"},{"floor":55,"key":"Eternal Feather"}],"event_choices":[{"cards_removed":["Strike_G"],"damage_healed":0.0,"max_hp_gain":0.0,"max_hp_loss":0.0,"gold_gain":0.0,"event_name":"Golden Wing","player_choice":"Card Removal","floor":5.0,"gold_loss":0.0,"damage_taken":7.0},{"damage_healed":0.0,"max_hp_gain":0.0,"max_hp_loss":0.0,"gold_gain":50.0,"event_name":"FaceTrader","player_choice":"Touch","floor":19.0,"gold_loss":0.0,"damage_taken":7.0},{"damage_healed":0,"gold_gain":0,"player_choice":"Memory 3","damage_taken":10,"max_hp_gain":0,"max_hp_loss":0,"event_name":"SensoryStone","floor":39,"gold_loss":0},{"damage_healed":0,"gold_gain":50,"player_choice":"Pray","damage_taken":0,"max_hp_gain":0,"max_hp_loss":0,"event_name":"Golden Shrine","floor":48,"gold_loss":0}],"is_beta":true,"boss_relics":[{"not_picked":["Astrolabe","SacredBark"],"picked":"Cursed Key"},{"not_picked":["Busted Crown","Tiny House"],"picked":"Empty Cage"}],"items_purged_floors":[21,28,54],"is_endless":false,"potions_floor_spawned":[4,10,11,16,23,25,27,30,31,38,45,55],"ascension_level":20}