{"gold_per_floor":[110,110,185,202,212,212,68,98,176,176,204,230,230,290,290,369,369,386,436,486],"floor_reached":20,"playtime":1222,"items_purged":[],"score":410,"play_id":"c21cdc77-e1c3-41a1-a8a4-a890e20ce76f","local_time":"20210509230848","is_ascension_mode":true,"campfire_choices":[{"floor":6,"key":"REST"},{"data":"Bouncing Flask","floor":15,"key":"SMITH"}],"neow_cost":"NONE","seed_source_timestamp":913027098629900,"circlet_count":0,"master_deck":["AscendersBane","Strike_G","Strike_G","Strike_G","Strike_G","Strike_G","Defend_G","Defend_G","Defend_G","Defend_G","Defend_G","Survivor+1","Neutralize+1","Poisoned Stab","Bouncing Flask+1","Dash","Well Laid Plans","Dagger Throw","PiercingWail","Burst"],"relics":["Ring of the Snake","Omamori","Akabeko","Pear","Sundial","Nunchaku","SsserpentHead","Black Star","Blood Vial"],"potions_floor_usage":[8,8,18,18],"damage_taken":[{"damage":3,"enemies":"Cultist","floor":1,"turns":5},{"damage":2,"enemies":"2 Louse","floor":4,"turns":2},{"damage":4,"enemies":"Small Slimes","floor":5,"turns":4},{"damage":0,"enemies":"Gremlin Nob","floor":8,"turns":3},{"damage":14,"enemies":"Lagavulin","floor":11,"turns":7},{"damage":0,"enemies":"Gremlin Gang","floor":14,"turns":5},{"damage":19,"enemies":"The Guardian","floor":16,"turns":10},{"damage":12,"enemies":"2 Thieves","floor":18,"turns":5},{"damage":56,"enemies":"Masked Bandits","floor":20,"turns":5}],"seed_played":"5596528943069428173","potions_obtained":[{"floor":1,"key":"FearPotion"},{"floor":11,"key":"Energy Potion"},{"floor":14,"key":"Swift Potion"}],"is_trial":false,"path_per_floor":["M","?","?","M","M","R","$","E","T","?","E","T","?","M","R","B",null,"M","?","?"],"character_chosen":"THE_SILENT","items_purchased":["Well Laid Plans","Poison Potion"],"campfire_rested":1,"item_purchase_floors":[7,7],"current_hp_per_floor":[56,36,25,23,19,38,38,38,48,48,34,34,34,34,34,15,61,49,49,0],"gold":486,"neow_bonus":"RANDOM_COMMON_RELIC","is_prod":false,"is_daily":false,"chose_seed":false,"campfire_upgraded":1,"win_rate":0,"timestamp":1620626928,"path_taken":["M","?","?","M","M","R","$","E","T","?","E","?","?","?","R","BOSS","M","?","?"],"build_version":"2020-12-18","purchased_purges":0,"victory":false,"max_hp_per_floor":[66,66,66,66,66,66,66,66,76,76,76,76,76,76,76,76,76,76,76,76],"relic_stats":{"Blood Vial":2,"SsserpentHead":150,"Nunchaku":[4],"counters":[9,46],"Sundial":[4],"Black Star":0,"obtain_stats":[{"Blood Vial":19,"SsserpentHead":13,"Nunchaku":11,"Pear":9,"Sundial":10,"Omamori":0,"Black Star":17,"Akabeko":8,"Ring of the Snake":0},{"Blood Vial":8,"SsserpentHead":5,"Nunchaku":5,"Pear":4,"Sundial":4,"Omamori":0,"Black Star":7,"Akabeko":4,"Ring of the Snake":0},{"Blood Vial":41,"SsserpentHead":21,"Nunchaku":21,"Pear":14,"Sundial":14,"Omamori":0,"Black Star":36,"Akabeko":14,"Ring of the Snake":0}],"Ring of the Snake":[18]},"card_choices":[{"not_picked":["Noxious Fumes","Prepared"],"picked":"Poisoned Stab","floor":1},{"not_picked":["Sucker Punch","Expertise"],"picked":"Bouncing Flask","floor":4},{"not_picked":["Flying Knee","Bouncing Flask"],"picked":"Dash","floor":5},{"not_picked":["Setup","Concentrate"],"picked":"Dagger Throw","floor":8},{"not_picked":["Setup","Prepared"],"picked":"PiercingWail","floor":11},{"not_picked":["Concentrate","Deflect","A Thousand Cuts"],"picked":"SKIP","floor":14},{"not_picked":["Concentrate","Deflect","A Thousand Cuts"],"picked":"SKIP","floor":14},{"not_picked":["After Image","Storm of Steel"],"picked":"Burst","floor":16},{"not_picked":["Underhanded Strike","Finisher","Reflex"],"picked":"SKIP","floor":18}],"player_experience":3655519,"relics_obtained":[{"floor":8,"key":"Akabeko"},{"floor":9,"key":"Pear"},{"floor":11,"key":"Nunchaku"}],"event_choices":[{"damage_healed":0,"gold_gain":0,"player_choice":"Entered Light","damage_taken":20,"max_hp_gain":0,"max_hp_loss":0,"event_name":"Shining Light","floor":2,"gold_loss":0,"cards_upgraded":["Neutralize","Survivor"]},{"damage_healed":0,"gold_gain":75,"player_choice":"Gather Gold","damage_taken":11,"max_hp_gain":0,"max_hp_loss":0,"event_name":"World of Goop","floor":3,"gold_loss":0},{"damage_healed":0,"gold_gain":0,"player_choice":"Box","damage_taken":0,"relics_obtained":["Sundial"],"max_hp_gain":0,"max_hp_loss":0,"event_name":"Big Fish","floor":10,"gold_loss":0,"cards_obtained":["Regret"]},{"damage_healed":0,"gold_gain":0,"player_choice":"Trade","damage_taken":0,"relics_obtained":["SsserpentHead"],"max_hp_gain":0,"max_hp_loss":0,"event_name":"FaceTrader","floor":13,"gold_loss":0},{"damage_healed":0,"gold_gain":0,"player_choice":"Stole Relic","damage_taken":0,"relics_obtained":["Blood Vial"],"max_hp_gain":0,"max_hp_loss":0,"event_name":"Addict","floor":19,"gold_loss":0,"cards_obtained":["Shame"]},{"damage_healed":0,"gold_gain":0,"player_choice":"Fought Bandits","damage_taken":0,"max_hp_gain":0,"max_hp_loss":0,"event_name":"Masked Bandits","floor":20,"gold_loss":0}],"is_beta":true,"boss_relics":[{"not_picked":["HoveringKite","Ectoplasm"],"picked":"Black Star"}],"items_purged_floors":[],"is_endless":false,"potions_floor_spawned":[1,11,14],"killed_by":"Masked Bandits","ascension_level":20}