{"gold_per_floor":[115,115,115,132,132,132,165,165,191,208,208,48,48,76,76,152,152,168,168,5,18,68,68,94,94,142,142,156,156,185,205,205,278,278,278,291,291,310,12,12,38,38,120,120],"floor_reached":44,"playtime":2123,"items_purged":["Strike_G","Parasite"],"score":1060,"play_id":"9dbef4ad-2204-4f0f-b29f-97eecaa59dac","local_time":"20210508225422","is_ascension_mode":true,"campfire_choices":[{"data":"Blade Dance","floor":6,"key":"SMITH"},{"data":"Terror","floor":8,"key":"SMITH"},{"data":"Crippling Poison","floor":11,"key":"SMITH"},{"data":"Neutralize","floor":13,"key":"SMITH"},{"data":"Footwork","floor":15,"key":"SMITH"},{"data":"Crippling Poison","floor":23,"key":"SMITH"},{"floor":25,"key":"REST"},{"data":"Skewer","floor":32,"key":"SMITH"},{"floor":40,"key":"RECALL"},{"floor":42,"key":"REST"}],"neow_cost":"NONE","seed_source_timestamp":824839052868900,"circlet_count":0,"master_deck":["AscendersBane","Strike_G+1","Defend_G","Defend_G","Defend_G+1","Defend_G","Defend_G","Survivor+1","Neutralize+1","Blade Dance+1","Terror+1","Crippling Poison+1","Footwork+1","After Image","Crippling Poison+1","Necronomicurse","Skewer+1","Wraith Form v2","Setup+1","Calculated Gamble+1","Tactician+1","Predator+1","PiercingWail"],"special_seed":0,"relics":["Ring of the Snake","NeowsBlessing","Akabeko","War Paint","Bottled Flame","Snecko Eye","Bronze Scales","Boot","Whetstone","Necronomicon","Torii","Astrolabe","TheAbacus","MealTicket"],"potions_floor_usage":[16,18,24,28,33,33,35,44],"damage_taken":[{"damage":0.0,"enemies":"Jaw Worm","floor":1.0,"turns":1.0},{"damage":0.0,"enemies":"Small Slimes","floor":4.0,"turns":1.0},{"damage":0,"enemies":"3 Sentries","floor":7,"turns":1},{"damage":0,"enemies":"2 Louse","floor":10,"turns":1},{"damage":8,"enemies":"Gremlin Nob","floor":14,"turns":3},{"damage":24,"enemies":"Hexaghost","floor":16,"turns":9},{"damage":7,"enemies":"Shell Parasite","floor":18,"turns":3},{"damage":5,"enemies":"Spheric Guardian","floor":21,"turns":7},{"damage":0,"enemies":"Slavers","floor":24,"turns":4},{"damage":0,"enemies":"Centurion and Healer","floor":28,"turns":5},{"damage":3,"enemies":"Gremlin Leader","floor":30,"turns":4},{"damage":0,"enemies":"Chosen and Byrds","floor":31,"turns":4},{"damage":61,"enemies":"Champ","floor":33,"turns":17},{"damage":0,"enemies":"3 Darklings","floor":35,"turns":3},{"damage":0,"enemies":"Orb Walker","floor":36,"turns":1},{"damage":1,"enemies":"Writhing Mass","floor":38,"turns":5},{"damage":21,"enemies":"Giant Head","floor":41,"turns":6},{"damage":46,"enemies":"Nemesis","floor":44,"turns":6}],"seed_played":"-5518704639528270327","potions_obtained":[{"floor":4.0,"key":"LiquidBronze"},{"floor":7,"key":"DistilledChaos"},{"floor":16,"key":"EssenceOfSteel"},{"floor":18,"key":"EssenceOfSteel"},{"floor":24,"key":"SkillPotion"},{"floor":30,"key":"Dexterity Potion"},{"floor":33,"key":"SmokeBomb"},{"floor":41,"key":"DistilledChaos"}],"is_trial":false,"path_per_floor":["M","?","?","M","?","R","E","R","T","M","R","$","R","E","R","B",null,"M","?","$","M","?","R","E","R","T","?","M","?","E","M","R","B",null,"M","M","?","M","$","R","E","R","T","E"],"character_chosen":"THE_SILENT","items_purchased":["Footwork","Bronze Scales","TheAbacus","PiercingWail"],"campfire_rested":2,"item_purchase_floors":[12,20,39,39],"current_hp_per_floor":[59,59,59,59,59,59,59,59,59,59,59,59,59,51,51,27,56,49,49,49,44,44,44,44,63,63,42,42,66,63,63,63,2,50,50,50,50,49,49,49,28,46,46,0],"gold":120,"neow_bonus":"THREE_ENEMY_KILL","is_prod":false,"is_daily":false,"chose_seed":false,"campfire_upgraded":7,"win_rate":0,"timestamp":1620539662,"path_taken":["M","?","?","M","?","R","E","R","T","M","R","$","R","E","R","BOSS","M","?","$","M","?","R","E","R","T","?","M","?","E","?","R","BOSS","M","M","?","M","$","R","E","R","T","E"],"build_version":"2020-12-18","purchased_purges":2,"victory":false,"max_hp_per_floor":[66,66,66,66,66,66,66,66,66,66,66,66,66,66,66,66,66,66,66,66,66,66,66,66,66,66,66,66,66,66,66,66,66,66,66,66,63,63,60,60,60,60,60,60],"relic_stats":{"Torii":4,"counters":[18,81],"Astrolabe":["Setup","Calculated Gamble","Tactician"],"Whetstone":["Strike_G","Endless Agony"],"War Paint":["Survivor","Defend_G"],"Boot":[52],"TheAbacus":[36],"Bronze Scales":[152],"Snecko Eye":[108,115,124,100],"MealTicket":0,"Necronomicon":[24],"obtain_stats":[{"NeowsBlessing":0,"Torii":30,"Astrolabe":34,"Whetstone":26,"War Paint":9,"Boot":24,"Akabeko":7,"Bottled Flame":14,"TheAbacus":39,"Bronze Scales":20,"Snecko Eye":17,"MealTicket":41,"Necronomicon":27,"Ring of the Snake":0},{"NeowsBlessing":0,"Torii":11,"Astrolabe":13,"Whetstone":9,"War Paint":3,"Boot":9,"Akabeko":3,"Bottled Flame":5,"TheAbacus":16,"Bronze Scales":7,"Snecko Eye":6,"MealTicket":17,"Necronomicon":9,"Ring of the Snake":0},{"NeowsBlessing":0,"Torii":39,"Astrolabe":60,"Whetstone":30,"War Paint":3,"Boot":30,"Akabeko":3,"Bottled Flame":7,"TheAbacus":69,"Bronze Scales":19,"Snecko Eye":16,"MealTicket":75,"Necronomicon":30,"Ring of the Snake":0}],"Ring of the Snake":[39]},"card_choices":[{"not_picked":["Deflect","Bane","Backstab"],"picked":"SKIP","floor":1.0},{"not_picked":["Backstab","Dagger Throw"],"picked":"Blade Dance","floor":4.0},{"not_picked":["Grand Finale","Prepared"],"picked":"Terror","floor":7},{"not_picked":["Backflip","Poisoned Stab"],"picked":"Crippling Poison","floor":10},{"not_picked":["Bane","Flying Knee","Doppelganger"],"picked":"SKIP","floor":14},{"not_picked":["Bullet Time","Storm of Steel"],"picked":"After Image","floor":16},{"not_picked":["Tactician","Bane","Prepared"],"picked":"SKIP","floor":18},{"not_picked":["Dodge and Roll","Deflect"],"picked":"Crippling Poison","floor":21},{"not_picked":["Cloak And Dagger","Acrobatics","Poisoned Stab"],"picked":"SKIP","floor":24},{"not_picked":["Deflect","Blade Dance","Blur"],"picked":"SKIP","floor":28},{"not_picked":["Concentrate","Die Die Die","Sucker Punch"],"picked":"SKIP","floor":30},{"not_picked":["Quick Slash","Flying Knee"],"picked":"Skewer","floor":31},{"not_picked":["Night Terror","Malaise"],"picked":"Wraith Form v2","floor":33},{"not_picked":["Deflect","Dagger Spray"],"picked":"Predator+1","floor":36},{"not_picked":["Slice","Sucker Punch","Deflect"],"picked":"SKIP","floor":38},{"not_picked":["Outmaneuver","Dagger Spray","Deflect"],"picked":"SKIP","floor":41}],"player_experience":3635175,"relics_obtained":[{"floor":7,"key":"Akabeko"},{"floor":9,"key":"War Paint"},{"floor":14,"key":"Bottled Flame"},{"floor":24,"key":"Boot"},{"floor":26,"key":"Whetstone"},{"floor":27,"key":"Necronomicon"},{"floor":30,"key":"Torii"},{"floor":41,"key":"MealTicket"}],"event_choices":[{"damage_healed":0.0,"max_hp_gain":0.0,"max_hp_loss":0.0,"gold_gain":0.0,"cards_transformed":["Strike_G"],"event_name":"Living Wall","player_choice":"Change","floor":2.0,"gold_loss":0.0,"damage_taken":0.0,"cards_obtained":["Endless Agony"]},{"damage_healed":0.0,"max_hp_gain":0.0,"max_hp_loss":0.0,"gold_gain":0.0,"event_name":"Liars Game","player_choice":"Ignored","floor":3.0,"gold_loss":0.0,"damage_taken":0.0},{"damage_healed":0,"gold_gain":0,"player_choice":"0 cards matched","damage_taken":0,"max_hp_gain":0,"max_hp_loss":0,"event_name":"Match and Keep!","floor":5,"gold_loss":0,"cards_obtained":[]},{"damage_healed":0,"gold_gain":0,"player_choice":"Ignored","damage_taken":0,"max_hp_gain":0,"max_hp_loss":0,"event_name":"Beggar","floor":19,"gold_loss":0},{"damage_healed":0,"gold_gain":50,"player_choice":"Stole From Cult","damage_taken":0,"max_hp_gain":0,"max_hp_loss":0,"event_name":"Nest","floor":22,"gold_loss":0},{"damage_healed":0,"gold_gain":0,"player_choice":"Obtained Book","damage_taken":21,"max_hp_gain":0,"max_hp_loss":0,"event_name":"Cursed Tome","floor":27,"gold_loss":0},{"damage_healed":24,"gold_gain":0,"player_choice":"Full Heal","damage_taken":0,"max_hp_gain":0,"max_hp_loss":0,"event_name":"Wheel of Change","floor":29,"gold_loss":0},{"damage_healed":0,"gold_gain":0,"player_choice":"Max HP","damage_taken":0,"max_hp_gain":0,"max_hp_loss":3,"event_name":"Winding Halls","floor":37,"gold_loss":0}],"is_beta":true,"boss_relics":[{"not_picked":["Pandora\u0027s Box","Ring of the Serpent"],"picked":"Snecko Eye"},{"not_picked":["Busted Crown","Cursed Key"],"picked":"Astrolabe"}],"items_purged_floors":[12,39],"is_endless":false,"potions_floor_spawned":[4,7,14,16,18,24,30,33,41],"killed_by":"Nemesis","ascension_level":20}