{"gold_per_floor":[112,92,108,119,41,66,66,81,81,91,47,75,75,75,75,149,149,160,160,85,0,19,45,45,45,45,45],"floor_reached":27,"playtime":1150,"items_purged":["Strike_G"],"score":478,"play_id":"57d44bdb-9362-4107-9c11-4f0e2cd9e305","local_time":"20210508232445","is_ascension_mode":true,"campfire_choices":[{"data":"Predator","floor":7,"key":"SMITH"},{"data":"Corpse Explosion","floor":13,"key":"SMITH"},{"data":"Catalyst","floor":15,"key":"SMITH"},{"data":"Ghostly","floor":25,"key":"SMITH"}],"neow_cost":"NONE","seed_source_timestamp":827658699819200,"circlet_count":0,"master_deck":["AscendersBane","Strike_G","Strike_G","Strike_G","Defend_G","Defend_G","Defend_G","Defend_G","Defend_G","Survivor","Neutralize","Dash","Flying Knee","Catalyst+1","Predator+1","Corpse Explosion+1","Malaise","Ghostly+1","Ghostly","Ghostly","Bouncing Flask+1","PiercingWail"],"relics":["Ring of the Snake","Bird Faced Urn","Thread and Needle","Turnip","MealTicket","HoveringKite","Prayer Wheel","Bottled Lightning"],"potions_floor_usage":[6,6,16,23],"damage_taken":[{"damage":2,"enemies":"2 Louse","floor":1,"turns":3},{"damage":1,"enemies":"Cultist","floor":3,"turns":5},{"damage":12,"enemies":"Jaw Worm","floor":4,"turns":6},{"damage":17,"enemies":"3 Sentries","floor":6,"turns":8},{"damage":3,"enemies":"Looter","floor":8,"turns":4},{"damage":0,"enemies":"Large Slime","floor":10,"turns":4},{"damage":22,"enemies":"Lagavulin","floor":12,"turns":8},{"damage":2,"enemies":"The Guardian","floor":16,"turns":8},{"damage":0,"enemies":"3 Byrds","floor":18,"turns":2},{"damage":12,"enemies":"Chosen","floor":22,"turns":4},{"damage":12,"enemies":"Slavers","floor":23,"turns":5},{"damage":24,"enemies":"Gremlin Leader","floor":27,"turns":3}],"seed_played":"7411714803613782569","potions_obtained":[{"floor":1,"key":"Energy Potion"},{"floor":2,"key":"Regen Potion"},{"floor":12,"key":"SkillPotion"},{"floor":16,"key":"SkillPotion"}],"is_trial":false,"path_per_floor":["M","?","M","M","$","E","R","M","T","M","?","E","R","T","R","B",null,"M","?","$","?","M","E","$","R","T","E"],"character_chosen":"THE_SILENT","items_purchased":["Predator"],"campfire_rested":0,"item_purchase_floors":[5],"current_hp_per_floor":[57,57,56,44,44,42,42,39,39,39,39,17,17,17,17,15,53,53,33,33,33,21,9,24,24,24,0],"gold":45,"neow_bonus":"REMOVE_CARD","is_prod":false,"is_daily":false,"chose_seed":false,"campfire_upgraded":4,"win_rate":0,"timestamp":1620541485,"path_taken":["M","?","M","M","?","E","R","M","T","M","?","E","R","?","R","BOSS","M","?","$","?","M","E","$","R","T","E"],"build_version":"2020-12-18","purchased_purges":1,"victory":false,"max_hp_per_floor":[66,66,66,66,66,66,66,66,66,66,66,66,66,66,66,66,66,66,33,33,33,33,33,33,33,33,33],"relic_stats":{"counters":[12,60],"Bird Faced Urn":[0],"HoveringKite":[3],"MealTicket":15,"Prayer Wheel":1,"Turnip":[2],"obtain_stats":[{"Bird Faced Urn":6,"HoveringKite":17,"Thread and Needle":9,"MealTicket":14,"Prayer Wheel":21,"Turnip":12,"Bottled Lightning":23,"Ring of the Snake":0},{"Bird Faced Urn":4,"HoveringKite":8,"Thread and Needle":5,"MealTicket":7,"Prayer Wheel":9,"Turnip":7,"Bottled Lightning":11,"Ring of the Snake":0},{"Bird Faced Urn":22,"HoveringKite":46,"Thread and Needle":26,"MealTicket":38,"Prayer Wheel":48,"Turnip":38,"Bottled Lightning":57,"Ring of the Snake":0}],"Ring of the Snake":[24]},"card_choices":[{"not_picked":["Accuracy","Infinite Blades"],"picked":"Dash","floor":1},{"not_picked":["Distraction","Choke"],"picked":"Flying Knee","floor":3},{"not_picked":["Cloak And Dagger","Dodge and Roll"],"picked":"Catalyst","floor":4},{"not_picked":["Skewer","Masterful Stab"],"picked":"Corpse Explosion","floor":6},{"not_picked":["Prepared","Expertise","Choke"],"picked":"SKIP","floor":8},{"not_picked":["Bane","Blade Dance","Poisoned Stab"],"picked":"SKIP","floor":10},{"not_picked":["Quick Slash","Terror","Dodge and Roll"],"picked":"SKIP","floor":12},{"not_picked":["Grand Finale","Bullet Time"],"picked":"Malaise","floor":16},{"not_picked":["Prepared","Flying Knee+1","Terror"],"picked":"SKIP","floor":18},{"not_picked":["Underhanded Strike","Dagger Spray"],"picked":"Bouncing Flask+1","floor":22},{"not_picked":["Underhanded Strike","Quick Slash"],"picked":"PiercingWail","floor":22},{"not_picked":["Storm of Steel","Blade Dance","Unload"],"picked":"SKIP","floor":23},{"not_picked":["Storm of Steel","Blade Dance","Unload"],"picked":"SKIP","floor":23}],"player_experience":3637934,"relics_obtained":[{"floor":6,"key":"Bird Faced Urn"},{"floor":9,"key":"Thread and Needle"},{"floor":12,"key":"Turnip"},{"floor":14,"key":"MealTicket"},{"floor":23,"key":"Bottled Lightning"}],"event_choices":[{"damage_healed":0,"gold_gain":0,"player_choice":"Bought 1 Potion","damage_taken":0,"max_hp_gain":0,"max_hp_loss":0,"event_name":"The Woman in Blue","floor":2,"gold_loss":0},{"damage_healed":0,"gold_gain":0,"player_choice":"Left Gold","damage_taken":0,"max_hp_gain":0,"max_hp_loss":0,"event_name":"World of Goop","floor":11,"gold_loss":44},{"damage_healed":0,"gold_gain":0,"player_choice":"Became a Ghost","damage_taken":0,"max_hp_gain":0,"max_hp_loss":33,"event_name":"Ghosts","floor":19,"gold_loss":0,"cards_obtained":["Ghostly","Ghostly","Ghostly"]},{"damage_healed":0,"gold_gain":0,"player_choice":"Obtained Relic","damage_taken":0,"relics_obtained":["Prayer Wheel"],"max_hp_gain":0,"max_hp_loss":0,"event_name":"Addict","floor":21,"gold_loss":85}],"is_beta":true,"boss_relics":[{"not_picked":["Tiny House","Ectoplasm"],"picked":"HoveringKite"}],"items_purged_floors":[20],"is_endless":false,"potions_floor_spawned":[1,12,16],"killed_by":"Gremlin Leader","ascension_level":20}