{"gold_per_floor":[113,129,144,161,177,208,208,208,208,208,219,219,238,271,271,345,345,362,374,374,374,33,60,84,84],"floor_reached":25,"playtime":1370,"items_purged":["Strike_G"],"score":466,"play_id":"3554fbbd-9da3-482f-88c0-46ca7d7881eb","local_time":"20210509151923","is_ascension_mode":true,"campfire_choices":[{"data":"Dagger Throw","floor":7,"key":"SMITH"},{"floor":10,"key":"REST"},{"data":"Underhanded Strike","floor":15,"key":"SMITH"}],"neow_cost":"TEN_PERCENT_HP_LOSS","seed_source_timestamp":884714096145800,"circlet_count":0,"master_deck":["AscendersBane","Strike_G","Strike_G","Strike_G","Strike_G","Defend_G","Defend_G","Defend_G","Defend_G","Defend_G","Survivor","Neutralize","Flying Knee","Dagger Throw+1","Dagger Throw+1","Crippling Poison","Adrenaline","Underhanded Strike+1","Terror","Acrobatics","Glass Knife","Finesse","Underhanded Strike"],"relics":["Ring of the Snake","Calipers","Ancient Tea Set","Meat on the Bone","Tiny Chest","Gremlin Horn","HoveringKite","Medical Kit","Juzu Bracelet","Happy Flower"],"potions_floor_usage":[6,11,16,23],"damage_taken":[{"damage":0,"enemies":"Cultist","floor":1,"turns":3},{"damage":10,"enemies":"Small Slimes","floor":2,"turns":4},{"damage":1,"enemies":"2 Louse","floor":3,"turns":2},{"damage":21,"enemies":"Large Slime","floor":4,"turns":8},{"damage":0,"enemies":"Blue Slaver","floor":5,"turns":6},{"damage":20,"enemies":"Gremlin Nob","floor":6,"turns":4},{"damage":1,"enemies":"Exordium Wildlife","floor":11,"turns":2},{"damage":0,"enemies":"3 Louse","floor":13,"turns":2},{"damage":14,"enemies":"3 Sentries","floor":14,"turns":7},{"damage":27,"enemies":"The Guardian","floor":16,"turns":13},{"damage":2,"enemies":"3 Byrds","floor":18,"turns":6},{"damage":1,"enemies":"Chosen","floor":19,"turns":3},{"damage":28,"enemies":"Book of Stabbing","floor":23,"turns":5},{"damage":31,"enemies":"Slavers","floor":25,"turns":2}],"seed_played":"6752028976987946118","potions_obtained":[{"floor":1,"key":"SteroidPotion"},{"floor":4,"key":"Swift Potion"},{"floor":5,"key":"SkillPotion"},{"floor":11,"key":"SpeedPotion"},{"floor":19,"key":"Weak Potion"}],"is_trial":false,"path_per_floor":["M","M","M","M","M","E","R","?","T","R","M","?","M","E","R","B",null,"M","M","?","?","$","E","T","E"],"character_chosen":"THE_SILENT","items_purchased":["Medical Kit","Finesse"],"campfire_rested":1,"item_purchase_floors":[22,22],"current_hp_per_floor":[59,49,48,27,27,7,7,7,7,25,36,31,31,29,29,14,49,47,46,46,46,46,30,30,0],"gold":84,"neow_bonus":"ONE_RARE_RELIC","is_prod":false,"is_daily":false,"chose_seed":false,"campfire_upgraded":2,"win_rate":0,"timestamp":1620598763,"path_taken":["M","M","M","M","?","E","R","?","T","R","M","?","M","E","R","BOSS","M","M","?","?","$","E","?","E"],"build_version":"2020-12-18","purchased_purges":1,"victory":false,"max_hp_per_floor":[60,60,60,60,60,60,60,60,60,60,60,60,60,60,60,60,60,60,60,60,60,60,60,60,60],"relic_stats":{"Gremlin Horn":[3,3],"Happy Flower":[0],"counters":[14,67],"HoveringKite":[12],"Tiny Chest":0,"Juzu Bracelet":0,"Medical Kit":[0],"obtain_stats":[{"Calipers":0,"Gremlin Horn":14,"Happy Flower":24,"HoveringKite":17,"Tiny Chest":12,"Juzu Bracelet":23,"Ancient Tea Set":6,"Medical Kit":22,"Ring of the Snake":0,"Meat on the Bone":9},{"Calipers":0,"Gremlin Horn":9,"Happy Flower":13,"HoveringKite":10,"Tiny Chest":7,"Juzu Bracelet":13,"Ancient Tea Set":6,"Medical Kit":12,"Ring of the Snake":0,"Meat on the Bone":6},{"Calipers":0,"Gremlin Horn":38,"Happy Flower":65,"HoveringKite":51,"Tiny Chest":29,"Juzu Bracelet":65,"Ancient Tea Set":27,"Medical Kit":60,"Ring of the Snake":0,"Meat on the Bone":27}],"Ring of the Snake":[28],"Meat on the Bone":48},"card_choices":[{"not_picked":["Footwork","Acrobatics"],"picked":"Flying Knee","floor":1},{"not_picked":["Dagger Spray","Eviscerate"],"picked":"Dagger Throw","floor":2},{"not_picked":["Slice","Dagger Spray"],"picked":"Dagger Throw","floor":3},{"not_picked":["Deflect","Masterful Stab"],"picked":"Crippling Poison","floor":4},{"not_picked":["Sucker Punch","Flying Knee"],"picked":"Adrenaline","floor":5},{"not_picked":["Endless Agony","Reflex"],"picked":"Underhanded Strike","floor":6},{"not_picked":["Backflip","Blur"],"picked":"Terror","floor":11},{"not_picked":["Skewer","Catalyst"],"picked":"Acrobatics","floor":13},{"not_picked":["Quick Slash","Catalyst","Dagger Spray"],"picked":"SKIP","floor":14},{"not_picked":["Envenom","A Thousand Cuts"],"picked":"Glass Knife","floor":16},{"not_picked":["Cloak And Dagger","Slice","Flying Knee+1"],"picked":"SKIP","floor":18},{"not_picked":["All Out Attack","Poisoned Stab","Accuracy"],"picked":"SKIP","floor":19},{"not_picked":["Noxious Fumes","Poisoned Stab"],"picked":"Underhanded Strike","floor":23}],"player_experience":3649562,"relics_obtained":[{"floor":6,"key":"Ancient Tea Set"},{"floor":9,"key":"Meat on the Bone"},{"floor":14,"key":"Gremlin Horn"},{"floor":23,"key":"Juzu Bracelet"},{"floor":24,"key":"Happy Flower"}],"event_choices":[{"damage_healed":0,"gold_gain":0,"player_choice":"Grow","damage_taken":0,"max_hp_gain":0,"max_hp_loss":0,"event_name":"Living Wall","floor":8,"gold_loss":0,"cards_upgraded":["Dagger Throw"]},{"damage_healed":0,"gold_gain":0,"player_choice":"Success","damage_taken":5,"relics_obtained":["Tiny Chest"],"max_hp_gain":0,"max_hp_loss":0,"event_name":"Scrap Ooze","floor":12,"gold_loss":0},{"damage_healed":0,"gold_gain":0,"player_choice":"Ignored","damage_taken":0,"max_hp_gain":0,"max_hp_loss":0,"event_name":"The Mausoleum","floor":21,"gold_loss":0}],"is_beta":true,"boss_relics":[{"not_picked":["Cursed Key","Tiny House"],"picked":"HoveringKite"}],"items_purged_floors":[22],"is_endless":false,"potions_floor_spawned":[1,4,5,11,19],"killed_by":"Slavers","ascension_level":20}