{"gold_per_floor":[111,111,186,201,215,241,241,241,265,283,293,293,325,355,355,433,433,448,448,87,97,97,97],"floor_reached":23,"playtime":1089,"items_purged":["Strike_G"],"score":398,"play_id":"70dfaa7c-3751-4ee2-b538-2fa81b792888","local_time":"20210509145618","is_ascension_mode":true,"campfire_choices":[{"data":"Predator","floor":7.0,"key":"SMITH"},{"data":"Deadly Poison","floor":12.0,"key":"SMITH"},{"data":"Phantasmal Killer","floor":15.0,"key":"SMITH"}],"neow_cost":"NONE","seed_source_timestamp":0,"circlet_count":0,"master_deck":["AscendersBane","Strike_G","Strike_G","Strike_G","Strike_G","Defend_G","Defend_G","Defend_G","Defend_G","Defend_G","Survivor","Neutralize","Predator+1","Dagger Spray","Deadly Poison+1","Acrobatics","Phantasmal Killer+1","Tools of the Trade"],"special_seed":0,"relics":["Ring of the Snake","Ancient Tea Set","Art of War","Matryoshka","Snecko Eye","White Beast Statue"],"potions_floor_usage":[21,23,23],"damage_taken":[{"damage":8.0,"enemies":"Jaw Worm","floor":1.0,"turns":8.0},{"damage":0.0,"enemies":"2 Louse","floor":4.0,"turns":3.0},{"damage":0.0,"enemies":"Cultist","floor":5.0,"turns":4.0},{"damage":8.0,"enemies":"Gremlin Nob","floor":6.0,"turns":3.0},{"damage":0.0,"enemies":"Looter","floor":10.0,"turns":3.0},{"damage":1.0,"enemies":"Exordium Thugs","floor":11.0,"turns":4.0},{"damage":29.0,"enemies":"3 Sentries","floor":13.0,"turns":9.0},{"damage":34.0,"enemies":"Hexaghost","floor":16.0,"turns":9.0},{"damage":24,"enemies":"Chosen","floor":18,"turns":4},{"damage":19,"enemies":"Spheric Guardian","floor":21,"turns":4},{"damage":29,"enemies":"Slavers","floor":23,"turns":3}],"seed_played":"6348625120900241393","potions_obtained":[{"floor":4.0,"key":"AttackPotion"},{"floor":5.0,"key":"Poison Potion"},{"floor":16.0,"key":"ColorlessPotion"},{"floor":19,"key":"Dexterity Potion"},{"floor":19,"key":"Swift Potion"},{"floor":21,"key":"Block Potion"}],"is_trial":false,"path_per_floor":["M","?","?","M","M","E","R","?","T","M","M","R","E","?","R","B",null,"M","?","$","M","$","E"],"character_chosen":"THE_SILENT","items_purchased":["White Beast Statue"],"campfire_rested":0,"item_purchase_floors":[20],"current_hp_per_floor":[57,62,51,51,51,43,43,77,77,77,76,76,47,47,47,13,61,37,37,37,18,18,0],"gold":97,"neow_bonus":"TEN_PERCENT_HP_BONUS","is_prod":false,"is_daily":false,"chose_seed":false,"campfire_upgraded":3,"win_rate":0,"timestamp":1620597378,"path_taken":["M","?","?","M","M","E","R","?","T","?","M","R","E","?","R","BOSS","M","?","$","M","?","E"],"build_version":"2020-12-18","purchased_purges":1,"victory":false,"max_hp_per_floor":[72,77,77,77,77,77,77,77,77,77,77,77,77,77,77,77,77,77,77,77,77,77,77],"relic_stats":{"counters":[11,54],"Snecko Eye":[23,26,17,29],"Art of War":[2],"obtain_stats":[{"Matryoshka":13,"Snecko Eye":17,"Art of War":9,"Ancient Tea Set":6,"White Beast Statue":20,"Ring of the Snake":0},{"Matryoshka":7,"Snecko Eye":8,"Art of War":4,"Ancient Tea Set":4,"White Beast Statue":9,"Ring of the Snake":0},{"Matryoshka":34,"Snecko Eye":43,"Art of War":18,"Ancient Tea Set":18,"White Beast Statue":47,"Ring of the Snake":0}],"Ring of the Snake":[22]},"card_choices":[{"not_picked":["Sucker Punch","Calculated Gamble"],"picked":"Predator","floor":1.0},{"not_picked":["Cloak And Dagger","Heel Hook"],"picked":"Dagger Spray","floor":4.0},{"not_picked":["Reflex","Outmaneuver","Endless Agony"],"picked":"SKIP","floor":5.0},{"not_picked":["Prepared","Reflex"],"picked":"Skewer","floor":6.0},{"not_picked":["Dagger Spray","Choke"],"picked":"Deadly Poison","floor":10.0},{"not_picked":["Prepared","All Out Attack"],"picked":"Acrobatics","floor":11.0},{"not_picked":["Backflip","Flying Knee"],"picked":"Phantasmal Killer","floor":13.0},{"not_picked":["Bullet Time","Grand Finale"],"picked":"Tools of the Trade","floor":16.0},{"not_picked":["Poisoned Stab","Noxious Fumes","Backstab"],"picked":"SKIP","floor":18},{"not_picked":["Masterful Stab","Flying Knee","Dodge and Roll"],"picked":"SKIP","floor":21}],"player_experience":3648473,"relics_obtained":[{"floor":6.0,"key":"Ancient Tea Set"},{"floor":9.0,"key":"Art of War"},{"floor":13.0,"key":"Matryoshka"}],"event_choices":[{"damage_healed":0.0,"max_hp_gain":5.0,"max_hp_loss":0.0,"gold_gain":0.0,"event_name":"Big Fish","player_choice":"Donut","floor":2.0,"gold_loss":0.0,"damage_taken":0.0},{"damage_healed":0.0,"max_hp_gain":0.0,"max_hp_loss":0.0,"gold_gain":75.0,"event_name":"World of Goop","player_choice":"Gather Gold","floor":3.0,"gold_loss":0.0,"damage_taken":11.0},{"cards_removed":["Skewer"],"damage_healed":34.0,"max_hp_gain":0.0,"max_hp_loss":0.0,"gold_gain":0.0,"event_name":"Bonfire Elementals","player_choice":"Offered Uncommon","floor":8.0,"gold_loss":0.0,"damage_taken":0.0},{"damage_healed":0.0,"max_hp_gain":0.0,"max_hp_loss":0.0,"gold_gain":30.0,"event_name":"Dead Adventurer","player_choice":"Searched \u00271\u0027 times","floor":14.0,"gold_loss":0.0,"damage_taken":0.0},{"damage_healed":0,"gold_gain":0,"player_choice":"Got Potions","damage_taken":0,"max_hp_gain":0,"max_hp_loss":0,"event_name":"Lab","floor":19,"gold_loss":0}],"is_beta":true,"boss_relics":[{"not_picked":["Ring of the Serpent","Busted Crown"],"picked":"Snecko Eye"}],"items_purged_floors":[20],"is_endless":false,"potions_floor_spawned":[4,5,16,21],"killed_by":"Slavers","ascension_level":20}