{"gold_per_floor":[218,234,284,295,295,295,320,338,361,361,386,398,398,410,410,485,485,500,58,70,70,83,83],"floor_reached":23,"playtime":1191,"items_purged":["Strike_G"],"score":406,"play_id":"02840749-b21e-4439-b441-4368d9f61a35","local_time":"20210509084609","is_ascension_mode":true,"campfire_choices":[{"data":"Bouncing Flask","floor":6.0,"key":"SMITH"},{"floor":10.0,"key":"REST"},{"floor":13.0,"key":"REST"},{"data":"Deadly Poison","floor":15.0,"key":"SMITH"}],"neow_cost":"NONE","seed_source_timestamp":861277984239000,"circlet_count":0,"master_deck":["AscendersBane","Strike_G","Strike_G","Strike_G","Strike_G","Defend_G","Defend_G","Defend_G","Defend_G","Defend_G","Survivor","Neutralize+1","Crippling Poison","Bouncing Flask+1","Dagger Spray+1","Blade Dance","Deadly Poison+1","Escape Plan","Backflip","Noxious Fumes","Catalyst","Leg Sweep"],"special_seed":0,"relics":["Ring of the Snake","Whetstone","Toy Ornithopter","Centennial Puzzle","SacredBark","Meat on the Bone"],"potions_floor_usage":[22,22],"damage_taken":[{"damage":2.0,"enemies":"Jaw Worm","floor":1.0,"turns":5.0},{"damage":0.0,"enemies":"Cultist","floor":2.0,"turns":4.0},{"damage":2.0,"enemies":"2 Louse","floor":4.0,"turns":3.0},{"damage":10.0,"enemies":"Lagavulin","floor":7.0,"turns":5.0},{"damage":41.0,"enemies":"Gremlin Gang","floor":8.0,"turns":4.0},{"damage":10.0,"enemies":"Gremlin Nob","floor":11.0,"turns":3.0},{"damage":1.0,"enemies":"Red Slaver","floor":12.0,"turns":3.0},{"damage":3.0,"enemies":"Looter","floor":14.0,"turns":3.0},{"damage":29.0,"enemies":"Hexaghost","floor":16.0,"turns":9.0},{"damage":6.0,"enemies":"3 Byrds","floor":18.0,"turns":5.0},{"damage":16.0,"enemies":"Shell Parasite","floor":20.0,"turns":4.0},{"damage":38,"enemies":"Snecko","floor":22,"turns":7},{"damage":34,"enemies":"Book of Stabbing","floor":23,"turns":5}],"seed_played":"1605224538889963589","potions_obtained":[{"floor":1.0,"key":"Poison Potion"},{"floor":4.0,"key":"SteroidPotion"},{"floor":5.0,"key":"Poison Potion"},{"floor":11.0,"key":"AttackPotion"},{"floor":12.0,"key":"EntropicBrew"},{"floor":14.0,"key":"Fruit Juice"}],"is_trial":false,"path_per_floor":["M","M","?","M","?","R","E","M","T","R","E","M","R","M","R","B",null,"M","$","M","$","M","E"],"character_chosen":"THE_SILENT","items_purchased":["Meat on the Bone","Backflip","Noxious Fumes"],"campfire_rested":2,"item_purchase_floors":[19,19,19],"current_hp_per_floor":[57,57,57,55,55,55,45,4,4,23,13,12,31,28,28,14,57,51,51,47,47,31,0],"gold":83,"neow_bonus":"HUNDRED_GOLD","is_prod":false,"is_daily":false,"chose_seed":false,"campfire_upgraded":2,"win_rate":0,"timestamp":1620575169,"path_taken":["M","M","?","?","?","R","E","M","T","R","E","M","R","M","R","BOSS","M","$","M","?","?","E"],"build_version":"2020-12-18","purchased_purges":1,"victory":false,"max_hp_per_floor":[66,66,66,66,66,66,66,66,66,66,66,66,66,66,66,71,71,71,71,71,71,71,71],"relic_stats":{"Centennial Puzzle":[21],"counters":[13,60],"Whetstone":["Neutralize","Dagger Spray"],"obtain_stats":[{"Centennial Puzzle":11,"SacredBark":17,"Whetstone":7,"Toy Ornithopter":9,"Ring of the Snake":0,"Meat on the Bone":19},{"Centennial Puzzle":6,"SacredBark":9,"Whetstone":4,"Toy Ornithopter":5,"Ring of the Snake":0,"Meat on the Bone":10},{"Centennial Puzzle":24,"SacredBark":39,"Whetstone":17,"Toy Ornithopter":21,"Ring of the Snake":0,"Meat on the Bone":44}],"Toy Ornithopter":20,"Ring of the Snake":[26],"Meat on the Bone":24},"card_choices":[{"not_picked":["Accuracy","Dagger Spray"],"picked":"Crippling Poison","floor":1.0},{"not_picked":["Slice","Calculated Gamble"],"picked":"Bouncing Flask","floor":2.0},{"not_picked":["Prepared","Dodge and Roll","Accuracy"],"picked":"SKIP","floor":4.0},{"not_picked":["Backstab","Dodge and Roll"],"picked":"Dagger Spray","floor":7.0},{"not_picked":["Flying Knee","Cloak And Dagger"],"picked":"Blade Dance","floor":8.0},{"not_picked":["Concentrate","Night Terror"],"picked":"Deadly Poison","floor":11.0},{"not_picked":["Quick Slash","Dagger Throw","Outmaneuver"],"picked":"SKIP","floor":12.0},{"not_picked":["Dodge and Roll","Sucker Punch","Cloak And Dagger"],"picked":"SKIP","floor":14.0},{"not_picked":["Deadly Poison","Flying Knee"],"picked":"Escape Plan","floor":18.0},{"not_picked":["Underhanded Strike","Riddle With Holes"],"picked":"Catalyst","floor":20.0},{"not_picked":["Bane","Infinite Blades"],"picked":"Leg Sweep","floor":22}],"player_experience":3642468,"relics_obtained":[{"floor":7.0,"key":"Whetstone"},{"floor":9.0,"key":"Toy Ornithopter"},{"floor":11.0,"key":"Centennial Puzzle"}],"event_choices":[{"damage_healed":0.0,"max_hp_gain":0.0,"max_hp_loss":0.0,"gold_gain":50.0,"event_name":"Golden Shrine","player_choice":"Pray","floor":3.0,"gold_loss":0.0,"damage_taken":0.0},{"damage_healed":0.0,"max_hp_gain":0.0,"max_hp_loss":0.0,"gold_gain":0.0,"event_name":"Lab","player_choice":"Got Potions","floor":5.0,"gold_loss":0.0,"damage_taken":0.0}],"is_beta":true,"boss_relics":[{"not_picked":["HoveringKite","WristBlade"],"picked":"SacredBark"}],"items_purged_floors":[19],"is_endless":false,"potions_floor_spawned":[1,4,11,12,14],"killed_by":"Book of Stabbing","ascension_level":20}