{"gold_per_floor":[362,375,375,7,24,24,51,63,63,63,123,138,138,166,166,239,239,256,256,275,7,7,7],"floor_reached":23,"playtime":1772,"items_purged":[],"score":448,"play_id":"d436ee99-c1ff-406d-889d-640718af2421","local_time":"20210507182306","is_ascension_mode":true,"campfire_choices":[{"data":"Eviscerate","floor":6,"key":"SMITH"},{"data":"Dagger Spray","floor":10,"key":"SMITH"},{"floor":13,"key":"REST"},{"data":"Bouncing Flask","floor":15,"key":"SMITH"}],"neow_cost":"PERCENT_DAMAGE","seed_source_timestamp":722535786591800,"circlet_count":0,"master_deck":["AscendersBane","Strike_G","Strike_G","Strike_G","Strike_G","Strike_G","Defend_G","Defend_G","Defend_G","Defend_G","Defend_G","Survivor","Neutralize","Dagger Throw","Well Laid Plans","Eviscerate+1","Dagger Throw","Bouncing Flask+1","Footwork","Dagger Spray+1","Dash","Reflex","Acrobatics","Tools of the Trade","Slice+1"],"relics":["Ring of the Snake","Sling","Pantograph","Lizard Tail","Mango","Du-Vu Doll","Runic Pyramid","Toxic Egg 2","Girya"],"potions_floor_usage":[7,14,16,20,23],"damage_taken":[{"damage":3,"enemies":"Jaw Worm","floor":1,"turns":7},{"damage":1,"enemies":"Cultist","floor":2,"turns":4},{"damage":0,"enemies":"2 Louse","floor":5,"turns":4},{"damage":4,"enemies":"Gremlin Nob","floor":7,"turns":3},{"damage":5,"enemies":"Looter","floor":8,"turns":4},{"damage":26,"enemies":"Lagavulin Event","floor":11,"turns":5},{"damage":6,"enemies":"Exordium Thugs","floor":12,"turns":3},{"damage":0,"enemies":"3 Sentries","floor":14,"turns":5},{"damage":44,"enemies":"Hexaghost","floor":16,"turns":9},{"damage":21,"enemies":"Chosen","floor":18,"turns":7},{"damage":18,"enemies":"2 Thieves","floor":20,"turns":4},{"damage":73,"enemies":"Book of Stabbing","floor":23,"turns":5}],"seed_played":"-1978541828103092966","potions_obtained":[{"floor":1,"key":"Block Potion"},{"floor":5,"key":"DistilledChaos"},{"floor":8,"key":"Swift Potion"},{"floor":11,"key":"DistilledChaos"},{"floor":14,"key":"ColorlessPotion"},{"floor":19,"key":"Weak Potion"},{"floor":20,"key":"Strength Potion"}],"is_trial":false,"path_per_floor":["M","M","?","$","M","R","E","M","T","R","?","M","R","E","R","B",null,"M","?","M","$","T","E"],"character_chosen":"THE_SILENT","items_purchased":["Sling","Well Laid Plans","Eviscerate","Dagger Throw","Toxic Egg 2"],"campfire_rested":1,"item_purchase_floors":[4,4,4,4,21],"current_hp_per_floor":[41,40,36,36,36,36,32,27,27,27,15,9,33,33,33,14,64,43,43,25,25,25,0],"gold":7,"neow_bonus":"TWO_FIFTY_GOLD","is_prod":false,"is_daily":false,"chose_seed":false,"campfire_upgraded":3,"win_rate":0,"timestamp":1620436986,"path_taken":["M","M","?","$","?","R","E","M","T","R","?","M","R","E","R","BOSS","M","?","M","$","?","E"],"build_version":"2020-12-18","purchased_purges":0,"victory":false,"max_hp_per_floor":[66,66,66,66,66,66,66,66,66,66,80,80,80,80,80,80,80,80,80,80,80,80,80],"relic_stats":{"Lizard Tail":40,"counters":[12,60],"Pantograph":25,"obtain_stats":[{"Du-Vu Doll":14,"Girya":22,"Lizard Tail":9,"Pantograph":7,"Mango":11,"Toxic Egg 2":21,"Sling":4,"Ring of the Snake":0,"Runic Pyramid":17},{"Du-Vu Doll":8,"Girya":11,"Lizard Tail":5,"Pantograph":4,"Mango":6,"Toxic Egg 2":11,"Sling":2,"Ring of the Snake":0,"Runic Pyramid":9},{"Du-Vu Doll":35,"Girya":55,"Lizard Tail":22,"Pantograph":18,"Mango":27,"Toxic Egg 2":55,"Sling":11,"Ring of the Snake":0,"Runic Pyramid":44}],"Ring of the Snake":[24]},"card_choices":[{"not_picked":["Concentrate","Outmaneuver"],"picked":"Dagger Throw","floor":1},{"not_picked":["Acrobatics","Sucker Punch","Prepared"],"picked":"SKIP","floor":2},{"not_picked":["Acrobatics","Footwork"],"picked":"Bouncing Flask","floor":5},{"not_picked":["PiercingWail","Acrobatics"],"picked":"Footwork","floor":7},{"not_picked":["A Thousand Cuts","Terror"],"picked":"Dagger Spray","floor":8},{"not_picked":["Outmaneuver","Backflip"],"picked":"Dash","floor":11},{"not_picked":["Masterful Stab","Sucker Punch"],"picked":"Reflex","floor":12},{"not_picked":["Concentrate","Outmaneuver"],"picked":"Acrobatics","floor":14},{"not_picked":["Doppelganger","Burst"],"picked":"Tools of the Trade","floor":16},{"not_picked":["Well Laid Plans","Sucker Punch","Heel Hook"],"picked":"SKIP","floor":18},{"not_picked":["Deflect","Outmaneuver"],"picked":"Slice+1","floor":20}],"player_experience":3633050,"relics_obtained":[{"floor":7,"key":"Pantograph"},{"floor":9,"key":"Lizard Tail"},{"floor":11,"key":"Mango"},{"floor":14,"key":"Du-Vu Doll"},{"floor":22,"key":"Girya"}],"event_choices":[{"damage_healed":0,"gold_gain":0,"player_choice":"Bought 0 Potions","damage_taken":0,"max_hp_gain":0,"max_hp_loss":0,"event_name":"The Woman in Blue","floor":3,"gold_loss":0},{"damage_healed":0,"gold_gain":0,"player_choice":"Searched \u00271\u0027 times","damage_taken":0,"max_hp_gain":0,"max_hp_loss":0,"event_name":"Dead Adventurer","floor":11,"gold_loss":0},{"damage_healed":0,"gold_gain":0,"player_choice":"Got Potions","damage_taken":0,"max_hp_gain":0,"max_hp_loss":0,"event_name":"Lab","floor":19,"gold_loss":0}],"is_beta":true,"boss_relics":[{"not_picked":["Tiny House","Philosopher\u0027s Stone"],"picked":"Runic Pyramid"}],"items_purged_floors":[],"is_endless":false,"potions_floor_spawned":[1,5,8,11,14,20],"killed_by":"Book of Stabbing","ascension_level":20}