{"gold_per_floor":[152,192,232,232,18,18,47,47,47,113,171,231,267,51,51,178,178,243,255,315,380,143,200,200,58,58,101,136,136,171,232,232,305,305,342,342,359,150,150,183,183,241,293,293,329,357,424,463,463,488,488,488,488,149,209,209],"floor_reached":56,"playtime":5246,"items_purged":["Strike_G","Strike_G","Strike_G","Strike_G","Doubt"],"score":2168,"play_id":"04aa2987-eaf4-40b9-af21-c46b264613f1","local_time":"20210512005754","is_ascension_mode":true,"campfire_choices":[{"data":"HandOfGreed","floor":6,"key":"SMITH"},{"floor":8,"key":"REST"},{"data":"Dagger Spray","floor":15,"key":"SMITH"},{"data":"Footwork","floor":29,"key":"SMITH"},{"data":"Noxious Fumes","floor":32,"key":"SMITH"},{"floor":49,"key":"RECALL"},{"data":"Wraith Form v2","floor":53,"key":"SMITH"}],"neow_cost":"PERCENT_DAMAGE","seed_source_timestamp":1088345111462400,"circlet_count":0,"master_deck":["AscendersBane","Defend_G","Defend_G","Defend_G","Defend_G","Defend_G","Survivor","Neutralize","HandOfGreed+1","Terror","PiercingWail","Well Laid Plans","Acrobatics","Dagger Spray+1","Quick Slash+1","Noxious Fumes+1","Master of Strategy","Infinite Blades+1","Leg Sweep","Backflip","Footwork+1","Blade Dance","Wraith Form v2+1","Dagger Throw+1","Deflect+1","Secret Technique","PiercingWail","Cloak And Dagger","Malaise","Infinite Blades","PiercingWail+1","Backflip","Wraith Form v2","Cloak And Dagger","Good Instincts"],"relics":["Ring of the Snake","Membership Card","Singing Bowl","Oddly Smooth Stone","Mummified Hand","PreservedInsect","Sling","Sozu","Bronze Scales","Peace Pipe","FaceOfCleric","Orrery","Meat on the Bone","Vajra","Bag of Marbles","Cursed Key","HornCleat","Kunai","Gambling Chip","Ancient Tea Set","Mercury Hourglass","Letter Opener"],"potions_floor_usage":[7,11,56],"damage_taken":[{"damage":1,"enemies":"2 Louse","floor":1,"turns":4},{"damage":0,"enemies":"Cultist","floor":2,"turns":4},{"damage":7,"enemies":"Jaw Worm","floor":3,"turns":5},{"damage":6,"enemies":"Gremlin Nob","floor":7,"turns":3},{"damage":2,"enemies":"Exordium Thugs","floor":10,"turns":4},{"damage":3,"enemies":"Lagavulin","floor":11,"turns":7},{"damage":12,"enemies":"3 Louse","floor":12,"turns":6},{"damage":0,"enemies":"Large Slime","floor":13,"turns":2},{"damage":35,"enemies":"Slime Boss","floor":16,"turns":15},{"damage":12,"enemies":"2 Thieves","floor":18,"turns":4},{"damage":5,"enemies":"Spheric Guardian","floor":19,"turns":3},{"damage":13,"enemies":"Centurion and Healer","floor":20,"turns":7},{"damage":10,"enemies":"Shelled Parasite and Fungi","floor":21,"turns":5},{"damage":3,"enemies":"Book of Stabbing","floor":23,"turns":3},{"damage":6,"enemies":"Snake Plant","floor":27,"turns":4},{"damage":2,"enemies":"Gremlin Leader","floor":28,"turns":4},{"damage":2,"enemies":"Book of Stabbing","floor":30,"turns":2},{"damage":3,"enemies":"Centurion and Healer","floor":31,"turns":5},{"damage":32,"enemies":"Champ","floor":33,"turns":15},{"damage":5,"enemies":"3 Darklings","floor":35,"turns":4},{"damage":0,"enemies":"Orb Walker","floor":37,"turns":2},{"damage":0,"enemies":"Reptomancer","floor":40,"turns":4},{"damage":24,"enemies":"Nemesis","floor":42,"turns":7},{"damage":1,"enemies":"4 Shapes","floor":45,"turns":5},{"damage":0,"enemies":"Giant Head","floor":46,"turns":5},{"damage":0,"enemies":"Jaw Worm Horde","floor":47,"turns":5},{"damage":2,"enemies":"Sphere and 2 Shapes","floor":48,"turns":7},{"damage":21,"enemies":"Donu and Deca","floor":50,"turns":13},{"damage":46,"enemies":"Time Eater","floor":51,"turns":20},{"damage":16,"enemies":"Shield and Spear","floor":55,"turns":6},{"damage":72,"enemies":"The Heart","floor":56,"turns":5}],"seed_played":"-8615591920684225162","potions_obtained":[{"floor":2,"key":"Dexterity Potion"},{"floor":3,"key":"Explosive Potion"},{"floor":7,"key":"FairyPotion"},{"floor":10,"key":"CunningPotion"}],"is_trial":false,"path_per_floor":["M","M","M","?","$","R","E","R","T","M","E","M","M","$","R","B",null,"M","M","M","M","$","E","?","$","T","M","E","R","E","M","R","B",null,"M","?","M","$","?","E","?","E","T","?","M","E","M","M","R","B","B",null,"R","$","E","B"],"character_chosen":"THE_SILENT","items_purchased":["Membership Card","PiercingWail","Well Laid Plans","PreservedInsect","Sling","Dagger Spray","Master of Strategy","Bronze Scales","Orrery","HornCleat","Wraith Form v2","Mercury Hourglass","Cloak And Dagger","Good Instincts"],"campfire_rested":1,"item_purchase_floors":[5,5,5,14,14,14,22,22,25,38,54,54,54,54],"current_hp_per_floor":[43,43,36,36,36,36,32,52,52,52,51,41,41,41,41,6,57,45,42,31,21,21,18,18,22,22,29,42,42,55,55,55,36,79,75,75,76,76,70,71,71,60,60,60,60,61,64,63,63,55,22,84,84,84,71,0],"gold":209,"neow_bonus":"RANDOM_COLORLESS_2","is_prod":false,"is_daily":false,"chose_seed":false,"campfire_upgraded":5,"win_rate":0,"timestamp":1620806274,"path_taken":["M","M","M","?","?","R","E","R","T","M","E","M","M","$","R","BOSS","M","M","M","?","$","E","?","?","T","?","E","R","E","M","R","BOSS","M","?","M","$","?","E","?","E","T","?","M","E","M","M","R","BOSS","BOSS","R","$","E","BOSS"],"build_version":"2020-12-18","purchased_purges":5,"victory":false,"max_hp_per_floor":[66,66,66,66,66,66,68,68,68,70,72,74,74,74,74,74,74,74,76,78,78,78,78,78,82,82,83,86,86,89,92,92,93,93,94,94,95,95,99,100,95,96,96,96,97,98,101,102,102,103,104,104,104,104,107,107],"relic_stats":{"Singing Bowl":30,"counters":[31,185],"PreservedInsect":452,"Letter Opener":[20],"Cursed Key":1,"Mercury Hourglass":[36],"Sozu":9,"Peace Pipe":0,"FaceOfCleric":16,"Mummified Hand":[96],"Bronze Scales":[418],"Gambling Chip":[23],"Kunai":[43],"obtain_stats":[{"Singing Bowl":7,"Oddly Smooth Stone":9,"Vajra":28,"PreservedInsect":14,"Letter Opener":55,"Sling":14,"Cursed Key":34,"Ancient Tea Set":46,"Mercury Hourglass":54,"Sozu":17,"Peace Pipe":23,"HornCleat":38,"FaceOfCleric":24,"Mummified Hand":11,"Bronze Scales":22,"Gambling Chip":42,"Orrery":25,"Bag of Marbles":30,"Membership Card":5,"Kunai":40,"Ring of the Snake":0,"Meat on the Bone":26},{"Singing Bowl":4,"Oddly Smooth Stone":4,"Vajra":16,"PreservedInsect":8,"Letter Opener":30,"Sling":8,"Cursed Key":19,"Ancient Tea Set":25,"Mercury Hourglass":29,"Sozu":9,"Peace Pipe":14,"HornCleat":21,"FaceOfCleric":14,"Mummified Hand":6,"Bronze Scales":13,"Gambling Chip":23,"Orrery":14,"Bag of Marbles":17,"Membership Card":3,"Kunai":22,"Ring of the Snake":0,"Meat on the Bone":14},{"Singing Bowl":16,"Oddly Smooth Stone":16,"Vajra":80,"PreservedInsect":35,"Letter Opener":180,"Sling":35,"Cursed Key":102,"Ancient Tea Set":129,"Mercury Hourglass":174,"Sozu":50,"Peace Pipe":72,"HornCleat":108,"FaceOfCleric":72,"Mummified Hand":27,"Bronze Scales":69,"Gambling Chip":119,"Orrery":72,"Bag of Marbles":82,"Membership Card":13,"Kunai":112,"Ring of the Snake":0,"Meat on the Bone":72}],"Ring of the Snake":[62],"Meat on the Bone":84},"card_choices":[{"not_picked":["Apotheosis","Secret Technique"],"picked":"HandOfGreed","floor":0},{"not_picked":["Sucker Punch","Bane"],"picked":"Terror","floor":1},{"not_picked":["Terror","Skewer","Prepared"],"picked":"SKIP","floor":2},{"not_picked":["Deflect","Poisoned Stab"],"picked":"Dagger Throw","floor":3},{"not_picked":["Dodge and Roll","Sucker Punch","Outmaneuver"],"picked":"Singing Bowl","floor":7},{"not_picked":["Dagger Spray","Expertise","Backflip"],"picked":"Singing Bowl","floor":10},{"not_picked":["Prepared","Envenom","Sucker Punch"],"picked":"Singing Bowl","floor":11},{"not_picked":["Caltrops","Distraction","Cloak And Dagger"],"picked":"Singing Bowl","floor":12},{"not_picked":["Flying Knee","Dagger Throw"],"picked":"Acrobatics","floor":13},{"not_picked":["Unload","Glass Knife"],"picked":"Die Die Die","floor":16},{"not_picked":["Finisher","Escape Plan"],"picked":"Quick Slash+1","floor":18},{"not_picked":["Backflip","Underhanded Strike","Outmaneuver"],"picked":"Singing Bowl","floor":19},{"not_picked":["Endless Agony","Bane","Blade Dance"],"picked":"Singing Bowl","floor":20},{"not_picked":["Outmaneuver","Tactician"],"picked":"Noxious Fumes","floor":21},{"not_picked":["Noxious Fumes","Acrobatics"],"picked":"Infinite Blades+1","floor":23},{"not_picked":["Backflip","Flechettes"],"picked":"Leg Sweep","floor":25},{"not_picked":["Deflect","Quick Slash"],"picked":"Backflip","floor":25},{"not_picked":["Dagger Throw","Storm of Steel","Tools of the Trade"],"picked":"Singing Bowl","floor":25},{"not_picked":["Noxious Fumes+1","Deflect"],"picked":"Footwork","floor":25},{"not_picked":["Backflip","Leg Sweep","Riddle With Holes+1"],"picked":"Singing Bowl","floor":25},{"not_picked":["Masterful Stab","Caltrops"],"picked":"Blade Dance","floor":27},{"not_picked":["Choke","Deadly Poison","Dagger Spray+1"],"picked":"Singing Bowl","floor":28},{"not_picked":["Choke","Deadly Poison","Prepared"],"picked":"Singing Bowl","floor":30},{"not_picked":["Blade Dance","Dash","Outmaneuver"],"picked":"Singing Bowl","floor":31},{"not_picked":["Glass Knife","Bullet Time"],"picked":"Wraith Form v2","floor":33},{"not_picked":["Terror","Slice"],"picked":"Dagger Throw+1","floor":35},{"not_picked":["Setup","Sucker Punch"],"picked":"Deflect+1","floor":37},{"not_picked":["Blind","Dramatic Entrance"],"picked":"Secret Technique","floor":39},{"not_picked":["Mayhem","HandOfGreed","Violence"],"picked":"Singing Bowl","floor":39},{"not_picked":["Swift Strike","Secret Weapon","Trip"],"picked":"Singing Bowl","floor":39},{"not_picked":["Well Laid Plans","Concentrate"],"picked":"PiercingWail","floor":40},{"not_picked":["Sucker Punch","Quick Slash"],"picked":"Cloak And Dagger","floor":42},{"not_picked":["Sucker Punch","Escape Plan"],"picked":"Infinite Blades","floor":45},{"not_picked":["Predator","Deadly Poison"],"picked":"PiercingWail+1","floor":46},{"not_picked":["Underhanded Strike","Bouncing Flask","Endless Agony"],"picked":"Singing Bowl","floor":47},{"not_picked":["Setup","Skewer"],"picked":"Backflip","floor":48},{"not_picked":["Setup","Finisher","Dagger Spray"],"picked":"Singing Bowl","floor":55}],"player_experience":3662002,"relics_obtained":[{"floor":7,"key":"Singing Bowl"},{"floor":9,"key":"Oddly Smooth Stone"},{"floor":11,"key":"Mummified Hand"},{"floor":23,"key":"Peace Pipe"},{"floor":26,"key":"Meat on the Bone"},{"floor":28,"key":"Vajra"},{"floor":30,"key":"Bag of Marbles"},{"floor":40,"key":"Kunai"},{"floor":42,"key":"Gambling Chip"},{"floor":46,"key":"Ancient Tea Set"},{"floor":55,"key":"Letter Opener"}],"event_choices":[{"cards_removed":["Strike_G"],"damage_healed":0,"gold_gain":0,"player_choice":"Purged","damage_taken":0,"max_hp_gain":0,"max_hp_loss":0,"event_name":"Purifier","floor":4,"gold_loss":0},{"damage_healed":0,"gold_gain":0,"player_choice":"Trade","damage_taken":0,"relics_obtained":["FaceOfCleric"],"max_hp_gain":0,"max_hp_loss":0,"event_name":"FaceTrader","floor":24,"gold_loss":0},{"cards_removed":["Die Die Die"],"damage_healed":0,"gold_gain":0,"player_choice":"Removed Attack","damage_taken":0,"max_hp_gain":0,"max_hp_loss":0,"event_name":"Falling","floor":36,"gold_loss":0},{"damage_healed":0,"gold_gain":0,"player_choice":"Memory 3","damage_taken":10,"max_hp_gain":0,"max_hp_loss":0,"event_name":"SensoryStone","floor":39,"gold_loss":0},{"damage_healed":0,"gold_gain":0,"player_choice":"Max HP","damage_taken":0,"max_hp_gain":0,"max_hp_loss":5,"event_name":"Winding Halls","floor":41,"gold_loss":0},{"damage_healed":0,"gold_gain":0,"cards_transformed":["Dagger Throw"],"player_choice":"Transformed","damage_taken":0,"max_hp_gain":0,"max_hp_loss":0,"event_name":"Transmorgrifier","floor":44,"gold_loss":0,"cards_obtained":["Malaise"]}],"is_beta":true,"boss_relics":[{"not_picked":["SacredBark","WristBlade"],"picked":"Sozu"},{"not_picked":["Calling Bell","Philosopher\u0027s Stone"],"picked":"Cursed Key"}],"items_purged_floors":[14,22,25,38,54],"is_endless":false,"potions_floor_spawned":[2,3,7,10,18,20,23,27,31,40,45,47,48],"killed_by":"The Heart","ascension_level":20}