{"gold_per_floor":[212,230,230,240,256,256,256,272,320,348,348,348,306,306],"floor_reached":14,"playtime":636,"items_purged":[],"score":184,"play_id":"a8fb1f34-f0b3-4d4e-8a5f-b73edae9284d","local_time":"20210508230516","is_ascension_mode":true,"campfire_choices":[{"data":"Predator","floor":6,"key":"SMITH"},{"data":"Bouncing Flask","floor":11,"key":"SMITH"}],"neow_cost":"NONE","seed_source_timestamp":827002262941200,"circlet_count":0,"master_deck":["AscendersBane","Strike_G","Strike_G","Strike_G","Strike_G","Strike_G","Defend_G","Defend_G","Defend_G","Defend_G","Defend_G","Survivor","Neutralize","Dagger Throw","Dagger Spray","Predator+1","PiercingWail","Bouncing Flask+1","Noxious Fumes"],"relics":["Ring of the Snake","Akabeko","Pantograph"],"potions_floor_usage":[10,14,14],"damage_taken":[{"damage":5,"enemies":"Cultist","floor":1,"turns":5},{"damage":1,"enemies":"2 Louse","floor":2,"turns":3},{"damage":2,"enemies":"Small Slimes","floor":4,"turns":3},{"damage":7,"enemies":"Red Slaver","floor":5,"turns":3},{"damage":1,"enemies":"Exordium Wildlife","floor":8,"turns":4},{"damage":15,"enemies":"Lagavulin","floor":10,"turns":5},{"damage":16,"enemies":"Exordium Thugs","floor":13,"turns":5},{"damage":20,"enemies":"3 Sentries","floor":14,"turns":2}],"seed_played":"-3891178687360336326","potions_obtained":[{"floor":1,"key":"GamblersBrew"},{"floor":4,"key":"LiquidBronze"},{"floor":8,"key":"FearPotion"},{"floor":13,"key":"Swift Potion"}],"is_trial":false,"path_per_floor":["M","M","$","M","M","R","?","M","T","E","R","?","M","E"],"character_chosen":"THE_SILENT","items_purchased":[],"campfire_rested":0,"item_purchase_floors":[],"current_hp_per_floor":[54,53,53,51,44,44,44,43,43,28,28,28,12,0],"gold":306,"neow_bonus":"HUNDRED_GOLD","is_prod":false,"is_daily":false,"chose_seed":false,"campfire_upgraded":2,"win_rate":0,"timestamp":1620540316,"path_taken":["M","?","?","M","M","R","?","M","T","E","R","?","M","E"],"build_version":"2020-12-18","purchased_purges":0,"victory":false,"max_hp_per_floor":[66,66,66,66,66,66,66,66,66,66,66,66,66,66],"relic_stats":{"counters":[8,30],"Pantograph":0,"obtain_stats":[{"Pantograph":10,"Akabeko":9,"Ring of the Snake":0},{"Pantograph":6,"Akabeko":5,"Ring of the Snake":0},{"Pantograph":23,"Akabeko":18,"Ring of the Snake":0}],"Ring of the Snake":[16]},"card_choices":[{"not_picked":["Deadly Poison","Acrobatics"],"picked":"Dagger Throw","floor":1},{"not_picked":["Dodge and Roll","Leg Sweep"],"picked":"Dagger Spray","floor":2},{"not_picked":["Flechettes","Masterful Stab"],"picked":"Predator","floor":4},{"not_picked":["Dagger Throw","Endless Agony"],"picked":"PiercingWail","floor":5},{"not_picked":["Backstab","Deflect"],"picked":"Bouncing Flask","floor":8},{"not_picked":["Bouncing Flask","Acrobatics"],"picked":"Noxious Fumes","floor":10},{"not_picked":["Dagger Spray","Noxious Fumes","Bane"],"picked":"SKIP","floor":13}],"player_experience":3637298,"relics_obtained":[{"floor":9,"key":"Akabeko"},{"floor":10,"key":"Pantograph"}],"event_choices":[{"damage_healed":0,"gold_gain":0,"player_choice":"Ignored","damage_taken":0,"max_hp_gain":0,"max_hp_loss":0,"event_name":"Liars Game","floor":7,"gold_loss":0},{"damage_healed":0,"gold_gain":0,"player_choice":"Fled","damage_taken":0,"max_hp_gain":0,"max_hp_loss":0,"event_name":"Scrap Ooze","floor":12,"gold_loss":0}],"is_beta":true,"boss_relics":[],"items_purged_floors":[],"is_endless":false,"potions_floor_spawned":[1,4,8,13],"killed_by":"3 Sentries","ascension_level":20}