{"gold_per_floor":[129,160,172,199,225,272,284,17,65,99,109,109,119,133,133,133],"floor_reached":16,"playtime":1860,"items_purged":[],"score":228,"play_id":"73bac4a8-6f53-4f2f-aad9-d834b97f3436","local_time":"20210506215814","is_ascension_mode":true,"campfire_choices":[{"floor":7,"key":"REST"},{"floor":12,"key":"REST"},{"floor":15,"key":"REST"}],"neow_cost":"NONE","seed_source_timestamp":648908072238200,"circlet_count":0,"master_deck":["AscendersBane","Strike_G","Strike_G","Strike_G","Strike_G","Strike_G","Defend_G","Defend_G","Defend_G","Defend_G","Defend_G","Survivor","Neutralize","Flying Knee","Skewer","Blade Dance","Dash+1","Predator+1"],"special_seed":0,"relics":["Ring of the Snake","MawBank","Molten Egg 2","InkBottle","Juzu Bracelet","Art of War"],"potions_floor_usage":[6,10,11,16],"damage_taken":[{"damage":0,"enemies":"Cultist","floor":1,"turns":4},{"damage":1,"enemies":"2 Louse","floor":2,"turns":3},{"damage":6,"enemies":"Jaw Worm","floor":4,"turns":6},{"damage":3,"enemies":"Looter","floor":5,"turns":4},{"damage":31,"enemies":"Gremlin Nob","floor":6,"turns":4},{"damage":27,"enemies":"3 Sentries","floor":10,"turns":10},{"damage":6,"enemies":"Exordium Wildlife","floor":11,"turns":6},{"damage":14,"enemies":"Large Slime","floor":13,"turns":6},{"damage":0,"enemies":"Looter","floor":14,"turns":3},{"damage":35,"enemies":"Slime Boss","floor":16,"turns":8}],"seed_played":"-6410380966043700205","potions_obtained":[{"floor":1,"key":"LiquidMemories"},{"floor":4,"key":"Energy Potion"},{"floor":6,"key":"Strength Potion"},{"floor":10,"key":"AttackPotion"}],"is_trial":false,"path_per_floor":["M","M","$","M","M","E","R","$","T","E","M","R","M","M","R","B"],"character_chosen":"THE_SILENT","items_purchased":["InkBottle"],"campfire_rested":3,"item_purchase_floors":[8],"current_hp_per_floor":[59,58,58,52,49,18,37,37,37,10,4,23,9,9,28,0],"gold":133,"neow_bonus":"RANDOM_COMMON_RELIC","is_prod":false,"is_daily":false,"chose_seed":false,"campfire_upgraded":0,"win_rate":0,"timestamp":1620363494,"path_taken":["M","M","?","M","?","E","R","?","T","E","M","R","M","M","R","BOSS"],"build_version":"2020-12-18","purchased_purges":0,"victory":false,"max_hp_per_floor":[66,66,66,66,66,66,66,66,66,66,66,66,66,66,66,66],"relic_stats":{"counters":[10,54],"Juzu Bracelet":0,"Art of War":[0],"MawBank":96,"obtain_stats":[{"Molten Egg 2":6,"Juzu Bracelet":9,"Art of War":10,"MawBank":0,"InkBottle":8,"Ring of the Snake":0},{"Molten Egg 2":5,"Juzu Bracelet":5,"Art of War":6,"MawBank":0,"InkBottle":5,"Ring of the Snake":0},{"Molten Egg 2":21,"Juzu Bracelet":21,"Art of War":31,"MawBank":0,"InkBottle":21,"Ring of the Snake":0}],"InkBottle":[11],"Ring of the Snake":[20]},"card_choices":[{"not_picked":["Reflex","Deflect"],"picked":"Flying Knee","floor":1},{"not_picked":["Outmaneuver","Poisoned Stab"],"picked":"Skewer","floor":2},{"not_picked":["Riddle With Holes","Setup","Quick Slash"],"picked":"SKIP","floor":4},{"not_picked":["Underhanded Strike","Flying Knee","Blade Dance"],"picked":"SKIP","floor":5},{"not_picked":["Heel Hook+1","Expertise","Blade Dance"],"picked":"SKIP","floor":6},{"not_picked":["Night Terror","Cloak And Dagger"],"picked":"Blade Dance","floor":10},{"not_picked":["Escape Plan","Concentrate","Acrobatics"],"picked":"SKIP","floor":11},{"not_picked":["Acrobatics","Underhanded Strike+1"],"picked":"Dash+1","floor":13},{"not_picked":["Flying Knee+1","Underhanded Strike+1"],"picked":"Predator+1","floor":14}],"player_experience":3621874,"relics_obtained":[{"floor":6,"key":"Molten Egg 2"},{"floor":9,"key":"Juzu Bracelet"},{"floor":10,"key":"Art of War"}],"event_choices":[],"is_beta":true,"boss_relics":[],"items_purged_floors":[],"is_endless":false,"potions_floor_spawned":[1,4,6,10],"killed_by":"Slime Boss","ascension_level":20}