{"gold_per_floor":[19,19,19,39,63,63,79,79,79,119,137,137,150,193,193,291,291,316,316,316,339,5,44,63,63,63,79,118,133,133],"floor_reached":30,"playtime":3136,"items_purged":[],"score":564,"play_id":"05e11177-9af3-454c-bbac-59f3d931dbb4","local_time":"20210510162813","is_ascension_mode":true,"campfire_choices":[{"data":"Underhanded Strike","floor":6.0,"key":"SMITH"},{"data":"Dash","floor":8.0,"key":"SMITH"},{"data":"Skewer","floor":15.0,"key":"SMITH"},{"floor":25,"key":"REST"}],"neow_cost":"NO_GOLD","seed_source_timestamp":973389570736500,"circlet_count":0,"master_deck":["AscendersBane","Strike_G","Strike_G","Strike_G","Defend_G","Defend_G","Defend_G","Defend_G+1","Survivor","Neutralize","Dagger Throw","Dagger Throw","Underhanded Strike+1","Dash+1","Acrobatics","Well Laid Plans","Acrobatics+1","Skewer+1","Tools of the Trade","Underhanded Strike","Tactician","RitualDagger","Corpse Explosion","PiercingWail","Deadly Poison+1","Grand Finale","Predator+1","PiercingWail"],"special_seed":0,"relics":["Ring of the Snake","Golden Idol","Ice Cream","Torii","Prayer Wheel","Lantern","Black Star","FossilizedHelix","War Paint","Bottled Lightning","Shovel","Ginger"],"potions_floor_usage":[18,23,28,28,29,29,30],"damage_taken":[{"damage":1.0,"enemies":"Small Slimes","floor":1.0,"turns":4.0},{"damage":0.0,"enemies":"Jaw Worm","floor":4.0,"turns":4.0},{"damage":1.0,"enemies":"Cultist","floor":5.0,"turns":3.0},{"damage":16.0,"enemies":"Exordium Thugs","floor":7.0,"turns":6.0},{"damage":5.0,"enemies":"Lagavulin","floor":10.0,"turns":8.0},{"damage":0.0,"enemies":"2 Fungi Beasts","floor":11.0,"turns":3.0},{"damage":0.0,"enemies":"Looter","floor":13.0,"turns":2.0},{"damage":11.0,"enemies":"3 Sentries","floor":14.0,"turns":7.0},{"damage":11.0,"enemies":"The Guardian","floor":16.0,"turns":13.0},{"damage":1,"enemies":"3 Byrds","floor":18,"turns":6},{"damage":9,"enemies":"2 Thieves","floor":21,"turns":2},{"damage":12,"enemies":"Book of Stabbing","floor":23,"turns":7},{"damage":0,"enemies":"3 Cultists","floor":24,"turns":3},{"damage":1,"enemies":"Centurion and Healer","floor":27,"turns":3},{"damage":28,"enemies":"Slavers","floor":28,"turns":4},{"damage":1,"enemies":"Snecko","floor":29,"turns":4},{"damage":21,"enemies":"Gremlin Leader","floor":30,"turns":6}],"seed_played":"4117055069555520202","potions_obtained":[{"floor":7.0,"key":"Weak Potion"},{"floor":10.0,"key":"Fire Potion"},{"floor":23,"key":"CunningPotion"},{"floor":24,"key":"EntropicBrew"},{"floor":29,"key":"ColorlessPotion"}],"is_trial":false,"path_per_floor":["M","?","?","M","M","R","M","R","T","E","M","T","M","E","R","B",null,"M","?","?","M","$","E","M","R","T","M","E","M","E"],"character_chosen":"THE_SILENT","items_purchased":["FossilizedHelix"],"campfire_rested":1,"item_purchase_floors":[22],"current_hp_per_floor":[58,58,58,58,57,57,41,41,41,36,36,36,36,25,25,14,49,48,42,42,33,33,21,21,39,39,38,10,9,0],"gold":133,"neow_bonus":"REMOVE_TWO","is_prod":false,"is_daily":false,"chose_seed":false,"campfire_upgraded":3,"win_rate":0,"timestamp":1620689293,"path_taken":["M","?","?","M","?","R","M","R","T","E","M","?","M","E","R","BOSS","M","?","?","M","$","E","M","R","T","M","E","?","E"],"build_version":"2020-12-18","purchased_purges":0,"victory":false,"max_hp_per_floor":[66,60,60,60,60,60,60,60,60,60,60,60,60,60,60,60,60,60,60,60,60,60,60,60,60,60,60,60,60,60],"relic_stats":{"Shovel":0,"Torii":55,"counters":[17,85],"Golden Idol":92,"Prayer Wheel":6,"Black Star":2,"Ginger":[3],"War Paint":["Defend_G","Acrobatics"],"obtain_stats":[{"Ice Cream":9,"Lantern":14,"Shovel":28,"Torii":10,"Golden Idol":2,"Prayer Wheel":12,"Black Star":17,"Bottled Lightning":23,"Ginger":28,"War Paint":23,"FossilizedHelix":22,"Ring of the Snake":0},{"Ice Cream":4,"Lantern":8,"Shovel":15,"Torii":5,"Golden Idol":1,"Prayer Wheel":6,"Black Star":9,"Bottled Lightning":12,"Ginger":15,"War Paint":12,"FossilizedHelix":11,"Ring of the Snake":0},{"Ice Cream":17,"Lantern":37,"Shovel":75,"Torii":25,"Golden Idol":4,"Prayer Wheel":28,"Black Star":50,"Bottled Lightning":65,"Ginger":75,"War Paint":65,"FossilizedHelix":58,"Ring of the Snake":0}],"Ring of the Snake":[34]},"card_choices":[{"not_picked":["Dagger Spray","Underhanded Strike"],"picked":"Dagger Throw","floor":1.0},{"not_picked":["Slice","Dodge and Roll"],"picked":"Dagger Throw","floor":4.0},{"not_picked":["Dagger Spray","Deflect"],"picked":"Underhanded Strike","floor":5.0},{"not_picked":["Noxious Fumes","Escape Plan"],"picked":"Dash","floor":7.0},{"not_picked":["Outmaneuver","Deflect","Storm of Steel"],"picked":"SKIP","floor":10.0},{"not_picked":["Dodge and Roll","Terror"],"picked":"Acrobatics","floor":11.0},{"not_picked":["Quick Slash","Blur"],"picked":"Well Laid Plans","floor":13.0},{"not_picked":["Dagger Throw","Riddle With Holes"],"picked":"Acrobatics","floor":13.0},{"not_picked":["Glass Knife","Corpse Explosion"],"picked":"Skewer","floor":14.0},{"not_picked":["Bullet Time","Wraith Form v2"],"picked":"Tools of the Trade","floor":16.0},{"not_picked":["Skewer+1","Escape Plan"],"picked":"Underhanded Strike","floor":18},{"not_picked":["Deflect","Caltrops"],"picked":"Tactician","floor":18},{"not_picked":["Underhanded Strike","Cloak And Dagger"],"picked":"PiercingWail","floor":21},{"not_picked":["Slice","Poisoned Stab","Bane"],"picked":"SKIP","floor":21},{"not_picked":["Deflect","Dagger Throw","Backflip"],"picked":"SKIP","floor":23},{"not_picked":["Backstab","Masterful Stab"],"picked":"Deadly Poison+1","floor":24},{"not_picked":["Predator","Sucker Punch","Cloak And Dagger"],"picked":"SKIP","floor":24},{"not_picked":["Riddle With Holes","Expertise"],"picked":"Grand Finale","floor":27},{"not_picked":["Outmaneuver","Predator","Prepared"],"picked":"SKIP","floor":27},{"not_picked":["Setup","Catalyst","Finisher+1"],"picked":"SKIP","floor":28},{"not_picked":["Crippling Poison","Flying Knee"],"picked":"Predator+1","floor":29},{"not_picked":["Acrobatics","Flying Knee"],"picked":"PiercingWail","floor":29}],"player_experience":3658866,"relics_obtained":[{"floor":9.0,"key":"Ice Cream"},{"floor":10.0,"key":"Torii"},{"floor":12.0,"key":"Prayer Wheel"},{"floor":14.0,"key":"Lantern"},{"floor":23,"key":"War Paint"},{"floor":23,"key":"Bottled Lightning"},{"floor":28,"key":"Shovel"},{"floor":28,"key":"Ginger"}],"event_choices":[{"damage_healed":0.0,"max_hp_gain":0.0,"max_hp_loss":6.0,"gold_gain":0.0,"event_name":"Golden Idol","player_choice":"Lose Max HP","floor":2.0,"gold_loss":0.0,"damage_taken":0.0,"relics_obtained":["Golden Idol"]},{"cards_removed":["Strike_G"],"damage_healed":0.0,"max_hp_gain":0.0,"max_hp_loss":0.0,"gold_gain":0.0,"event_name":"Purifier","player_choice":"Purged","floor":3.0,"gold_loss":0.0,"damage_taken":0.0},{"damage_healed":0,"gold_gain":0,"player_choice":"Joined the Cult","damage_taken":6,"max_hp_gain":0,"max_hp_loss":0,"event_name":"Nest","floor":19,"gold_loss":0,"cards_obtained":["RitualDagger"]},{"damage_healed":0,"gold_gain":0,"player_choice":"1 cards matched","damage_taken":0,"max_hp_gain":0,"max_hp_loss":0,"event_name":"Match and Keep!","floor":20,"gold_loss":0,"cards_obtained":["Corpse Explosion"]}],"is_beta":true,"boss_relics":[{"not_picked":["WristBlade","Tiny House"],"picked":"Black Star"}],"items_purged_floors":[],"is_endless":false,"potions_floor_spawned":[7,10,14,23,24,29],"killed_by":"Gremlin Leader","ascension_level":20}