{"gold_per_floor":[110,121,141,53,18,18,18,18,99,115,148,148,174,174,174,174],"floor_reached":16,"playtime":863,"items_purged":[],"score":216,"play_id":"6b35d614-4c5e-48a9-8cea-9297bbf37567","local_time":"20210509232345","is_ascension_mode":true,"campfire_choices":[{"data":"Dagger Spray","floor":6,"key":"SMITH"},{"data":"Flying Knee","floor":8,"key":"SMITH"},{"data":"Predator","floor":12,"key":"SMITH"},{"data":"Wraith Form v2","floor":15,"key":"SMITH"}],"neow_cost":"NONE","seed_source_timestamp":914283138027400,"circlet_count":0,"master_deck":["AscendersBane","Strike_G","Strike_G","Strike_G","Strike_G","Defend_G","Defend_G","Defend_G","Defend_G","Defend_G","Survivor","Neutralize","Masterful Stab","Flying Knee+1","Dagger Spray+1","Well Laid Plans","Leg Sweep","Predator+1","Wraith Form v2+1"],"relics":["Ring of the Snake","MealTicket","Pear","Prayer Wheel","Regal Pillow"],"potions_floor_usage":[10],"damage_taken":[{"damage":20,"enemies":"Cultist","floor":1,"turns":7},{"damage":16,"enemies":"Small Slimes","floor":2,"turns":3},{"damage":0,"enemies":"2 Louse","floor":3,"turns":2},{"damage":1,"enemies":"Looter","floor":10,"turns":3},{"damage":26,"enemies":"Gremlin Nob","floor":11,"turns":4},{"damage":20,"enemies":"Lagavulin","floor":13,"turns":8},{"damage":40,"enemies":"Hexaghost","floor":16,"turns":11}],"seed_played":"8993752554131310224","potions_obtained":[{"floor":2,"key":"Explosive Potion"},{"floor":3,"key":"Fruit Juice"},{"floor":10,"key":"FairyPotion"}],"is_trial":false,"path_per_floor":["M","M","M","$","?","R","?","R","T","M","E","R","E","?","R","B"],"character_chosen":"THE_SILENT","items_purchased":["Well Laid Plans"],"campfire_rested":0,"item_purchase_floors":[4],"current_hp_per_floor":[39,23,23,38,54,54,47,47,57,61,35,35,15,15,15,0],"gold":174,"neow_bonus":"RANDOM_COMMON_RELIC","is_prod":false,"is_daily":false,"chose_seed":false,"campfire_upgraded":4,"win_rate":0,"timestamp":1620627825,"path_taken":["M","M","M","$","?","R","?","R","T","M","E","R","E","?","R","BOSS"],"build_version":"2020-12-18","purchased_purges":0,"victory":false,"max_hp_per_floor":[66,66,66,66,66,66,66,66,76,81,81,81,81,81,81,81],"relic_stats":{"Regal Pillow":0,"counters":[7,38],"MealTicket":15,"Prayer Wheel":0,"obtain_stats":[{"Regal Pillow":13,"Pear":9,"MealTicket":0,"Prayer Wheel":11,"Ring of the Snake":0},{"Regal Pillow":6,"Pear":3,"MealTicket":0,"Prayer Wheel":5,"Ring of the Snake":0},{"Regal Pillow":27,"Pear":12,"MealTicket":0,"Prayer Wheel":19,"Ring of the Snake":0}],"Ring of the Snake":[14]},"card_choices":[{"not_picked":["Deflect","Slice"],"picked":"Masterful Stab","floor":1},{"not_picked":["Slice","Backflip"],"picked":"Flying Knee","floor":2},{"not_picked":["PiercingWail","Cloak And Dagger"],"picked":"Dagger Spray","floor":3},{"not_picked":["Dodge and Roll","Choke"],"picked":"Leg Sweep","floor":10},{"not_picked":["Prepared","Cloak And Dagger"],"picked":"Predator","floor":11},{"not_picked":["Escape Plan","Dodge and Roll"],"picked":"Wraith Form v2","floor":13}],"player_experience":3656741,"relics_obtained":[{"floor":9,"key":"Pear"},{"floor":11,"key":"Prayer Wheel"},{"floor":13,"key":"Regal Pillow"}],"event_choices":[{"damage_healed":16,"gold_gain":0,"player_choice":"Healed","damage_taken":0,"max_hp_gain":0,"max_hp_loss":0,"event_name":"The Cleric","floor":5,"gold_loss":35},{"cards_removed":["Strike_G"],"damage_healed":0,"gold_gain":0,"player_choice":"Card Removal","damage_taken":7,"max_hp_gain":0,"max_hp_loss":0,"event_name":"Golden Wing","floor":7,"gold_loss":0},{"damage_healed":0,"gold_gain":0,"player_choice":"Ignored","damage_taken":0,"max_hp_gain":0,"max_hp_loss":0,"event_name":"Liars Game","floor":14,"gold_loss":0}],"is_beta":true,"boss_relics":[],"items_purged_floors":[],"is_endless":false,"potions_floor_spawned":[2,3,10],"killed_by":"Hexaghost","ascension_level":20}