{"gold_per_floor":[112,127,127,138,148,148,179,179,179,179,25,37,37,67,67,146,146,166,81,81,97,130,130,165,165,165,22,42,60,60,90,90,168,168,184,184,184,196,207,240,240,267,267,267,10,21,35,35,35,35,35,35,35,35,65,65],"floor_reached":56,"playtime":6178,"items_purged":["Strike_G","Strike_G"],"score":1981,"play_id":"2b79def3-6c44-40b4-aca4-66b167ae8e09","local_time":"20210507125230","is_ascension_mode":true,"campfire_choices":[{"data":"Poisoned Stab","floor":6,"key":"SMITH"},{"data":"Bouncing Flask","floor":8,"key":"SMITH"},{"floor":10,"key":"REST"},{"floor":15,"key":"REST"},{"floor":23,"key":"REST"},{"floor":25,"key":"REST"},{"floor":32,"key":"RECALL"},{"floor":41,"key":"REST"},{"data":"PiercingWail","floor":44,"key":"SMITH"},{"data":"Neutralize","floor":49,"key":"SMITH"},{"data":"PiercingWail","floor":53,"key":"SMITH"}],"neow_cost":"NONE","seed_source_timestamp":698294841469400,"circlet_count":0,"master_deck":["AscendersBane","Defend_G","Defend_G","Defend_G","Defend_G","Defend_G","Survivor","Neutralize+1","Underhanded Strike","Bouncing Flask+1","Poisoned Stab+1","Escape Plan","Blade Dance","PiercingWail+1","Venomology","CurseOfTheBell","Footwork+1","Backflip","PiercingWail+1","Infinite Blades+1","Well Laid Plans+1","Noxious Fumes+1","Footwork+1","Blur+1","Wraith Form v2+1","Poisoned Stab+1","Phantasmal Killer+1","Noxious Fumes+1","Cloak And Dagger+1","Deadly Poison+1","Blade Dance+1","Backflip+1","Backflip+1","Malaise+1","Secret Technique+1","Leg Sweep+1","Prepared+1","Dodge and Roll+1"],"relics":["SlaversCollar","Bronze Scales","InkBottle","Toy Ornithopter","Art of War","Calling Bell","Centennial Puzzle","Frozen Egg 2","TungstenRod","Ornamental Fan","Nilry\u0027s Codex","Red Mask","Bird Faced Urn","Ginger","Toxic Egg 2","Astrolabe","Paper Crane","Meat on the Bone","StoneCalendar"],"potions_floor_usage":[7,14,16,18,21,22,22,24,29,29,31,33,38,38,40,42,46,50,50,51,56,56],"damage_taken":[{"damage":0,"enemies":"Jaw Worm","floor":1,"turns":6},{"damage":3,"enemies":"Cultist","floor":2,"turns":4},{"damage":0,"enemies":"Small Slimes","floor":4,"turns":3},{"damage":12,"enemies":"Looter","floor":5,"turns":4},{"damage":28,"enemies":"3 Sentries","floor":7,"turns":11},{"damage":11,"enemies":"Large Slime","floor":12,"turns":6},{"damage":25,"enemies":"Lagavulin","floor":14,"turns":4},{"damage":21,"enemies":"The Guardian","floor":16,"turns":7},{"damage":27,"enemies":"2 Thieves","floor":18,"turns":4},{"damage":1,"enemies":"Shell Parasite","floor":21,"turns":5},{"damage":21,"enemies":"Masked Bandits","floor":22,"turns":4},{"damage":1,"enemies":"Book of Stabbing","floor":24,"turns":5},{"damage":16,"enemies":"Sentry and Sphere","floor":28,"turns":4},{"damage":7,"enemies":"Centurion and Healer","floor":29,"turns":8},{"damage":0,"enemies":"Gremlin Leader","floor":31,"turns":6},{"damage":14,"enemies":"Champ","floor":33,"turns":15},{"damage":8,"enemies":"3 Shapes","floor":35,"turns":6},{"damage":0,"enemies":"3 Darklings","floor":38,"turns":5},{"damage":0,"enemies":"Sphere and 2 Shapes","floor":39,"turns":4},{"damage":45,"enemies":"Reptomancer","floor":40,"turns":8},{"damage":7,"enemies":"Nemesis","floor":42,"turns":7},{"damage":0,"enemies":"Writhing Mass","floor":46,"turns":8},{"damage":15,"enemies":"Transient","floor":47,"turns":6},{"damage":38,"enemies":"Awakened One","floor":50,"turns":21},{"damage":29,"enemies":"Time Eater","floor":51,"turns":16},{"damage":37,"enemies":"Shield and Spear","floor":55,"turns":10},{"damage":63,"enemies":"The Heart","floor":56,"turns":2}],"seed_played":"-4912456123756636381","potions_obtained":[{"floor":1,"key":"BlessingOfTheForge"},{"floor":14,"key":"CunningPotion"},{"floor":18,"key":"SteroidPotion"},{"floor":22,"key":"GhostInAJar"},{"floor":29,"key":"Weak Potion"},{"floor":31,"key":"FairyPotion"},{"floor":35,"key":"Fire Potion"},{"floor":40,"key":"Energy Potion"},{"floor":47,"key":"AttackPotion"},{"floor":55,"key":"Explosive Potion"}],"is_trial":false,"path_per_floor":["M","M","?","M","M","R","E","R","T","R","$","M","?","E","R","B",null,"M","?","?","M","?","R","E","R","T","$","M","M","?","E","R","B",null,"M","?","?","M","M","E","R","E","T","R","$","M","M","?","R","B","B",null,"R","$","E","B"],"character_chosen":"THE_SILENT","items_purchased":["AttackPotion","Poisoned Stab","Well Laid Plans+1","Malaise+1","Secret Technique+1"],"campfire_rested":5,"item_purchase_floors":[11,11,27,45,45],"current_hp_per_floor":[59,56,56,56,44,44,16,16,16,35,35,24,24,4,23,7,51,29,29,12,16,5,24,28,47,47,47,37,63,63,66,66,54,63,61,61,61,63,63,33,51,59,59,59,59,63,60,60,60,37,35,54,54,54,39,0],"gold":65,"neow_bonus":"BOSS_RELIC","is_prod":false,"is_daily":false,"chose_seed":false,"campfire_upgraded":5,"win_rate":0,"timestamp":1620417150,"path_taken":["M","M","?","?","M","R","E","R","T","R","$","M","?","E","R","BOSS","M","?","?","M","?","R","E","R","T","?","?","M","?","E","R","BOSS","M","?","?","?","M","E","R","E","T","R","$","M","?","?","R","BOSS","BOSS","R","$","E","BOSS"],"build_version":"2020-12-18","purchased_purges":2,"victory":false,"max_hp_per_floor":[66,66,66,66,66,66,66,66,66,66,66,66,66,66,66,66,66,66,66,66,66,66,66,66,66,66,66,66,66,66,66,66,66,66,66,63,63,63,63,63,63,63,63,63,63,63,63,60,60,60,60,60,60,60,60,60],"relic_stats":{"counters":[27,189],"Astrolabe":["Poisoned Stab","Phantasmal Killer","Noxious Fumes"],"StoneCalendar":[0],"Ginger":[15],"Centennial Puzzle":[42],"Ornamental Fan":[164],"Bronze Scales":[641],"Bird Faced Urn":[110],"Art of War":[37],"obtain_stats":[{"Nilry\u0027s Codex":20,"Astrolabe":34,"StoneCalendar":55,"Ginger":26,"Frozen Egg 2":17,"Paper Crane":40,"Calling Bell":17,"SlaversCollar":0,"Centennial Puzzle":17,"Ornamental Fan":19,"Bronze Scales":3,"Bird Faced Urn":24,"Art of War":14,"Red Mask":22,"Toxic Egg 2":31,"InkBottle":7,"Toy Ornithopter":9,"TungstenRod":17,"Ring of the Snake":0,"Meat on the Bone":42},{"Nilry\u0027s Codex":9,"Astrolabe":16,"StoneCalendar":26,"Ginger":12,"Frozen Egg 2":8,"Paper Crane":20,"Calling Bell":8,"SlaversCollar":0,"Centennial Puzzle":8,"Ornamental Fan":9,"Bronze Scales":2,"Bird Faced Urn":12,"Art of War":7,"Red Mask":11,"Toxic Egg 2":15,"InkBottle":5,"Toy Ornithopter":5,"TungstenRod":8,"Ring of the Snake":0,"Meat on the Bone":21},{"Nilry\u0027s Codex":49,"Astrolabe":96,"StoneCalendar":187,"Ginger":63,"Frozen Egg 2":45,"Paper Crane":119,"Calling Bell":45,"SlaversCollar":0,"Centennial Puzzle":45,"Ornamental Fan":49,"Bronze Scales":10,"Bird Faced Urn":63,"Art of War":38,"Red Mask":58,"Toxic Egg 2":81,"InkBottle":28,"Toy Ornithopter":28,"TungstenRod":45,"Ring of the Snake":0,"Meat on the Bone":126}],"InkBottle":[75],"Toy Ornithopter":72,"TungstenRod":82,"Meat on the Bone":12},"card_choices":[{"not_picked":["Sucker Punch","Slice"],"picked":"Masterful Stab","floor":1},{"not_picked":["Dodge and Roll","Bane"],"picked":"Underhanded Strike","floor":2},{"not_picked":["Dagger Spray","Footwork"],"picked":"Bouncing Flask","floor":4},{"not_picked":["Outmaneuver","Accuracy"],"picked":"Poisoned Stab","floor":5},{"not_picked":["Outmaneuver","Dagger Spray"],"picked":"Escape Plan","floor":7},{"not_picked":["Distraction","Expertise"],"picked":"Blade Dance","floor":12},{"not_picked":["Distraction","Sucker Punch"],"picked":"PiercingWail","floor":14},{"not_picked":["Doppelganger","Envenom"],"picked":"Venomology","floor":16},{"not_picked":["Skewer","Infinite Blades+1"],"picked":"Footwork+1","floor":18},{"not_picked":["Backstab+1","Outmaneuver"],"picked":"Backflip","floor":21},{"not_picked":["Sucker Punch","Calculated Gamble"],"picked":"PiercingWail","floor":22},{"not_picked":["Sucker Punch","Prepared"],"picked":"Infinite Blades+1","floor":24},{"not_picked":["Outmaneuver","Infinite Blades+1"],"picked":"Noxious Fumes+1","floor":28},{"not_picked":["Outmaneuver","Underhanded Strike","Dagger Throw"],"picked":"SKIP","floor":29},{"not_picked":["PiercingWail+1","Eviscerate"],"picked":"Blur+1","floor":31},{"not_picked":["Storm of Steel+1","Adrenaline+1"],"picked":"Wraith Form v2+1","floor":33},{"not_picked":["Underhanded Strike","Dagger Throw"],"picked":"Cloak And Dagger+1","floor":35},{"not_picked":["Quick Slash","Dash"],"picked":"Blade Dance+1","floor":38},{"not_picked":["Deflect+1","Dagger Throw"],"picked":"Backflip+1","floor":39},{"not_picked":["Heel Hook","Sucker Punch","Concentrate+1"],"picked":"SKIP","floor":40},{"not_picked":["Calculated Gamble+1","Doppelganger+1"],"picked":"Backflip+1","floor":42},{"not_picked":["Expertise+1","Bane"],"picked":"Leg Sweep+1","floor":46},{"not_picked":["Riddle With Holes","Leg Sweep+1"],"picked":"Prepared+1","floor":47},{"not_picked":["Backstab+1","Dagger Spray"],"picked":"Dodge and Roll+1","floor":55}],"player_experience":3626872,"relics_obtained":[{"floor":7,"key":"InkBottle"},{"floor":9,"key":"Toy Ornithopter"},{"floor":14,"key":"Art of War"},{"floor":17,"key":"Centennial Puzzle"},{"floor":17,"key":"Frozen Egg 2"},{"floor":17,"key":"TungstenRod"},{"floor":20,"key":"Nilry\u0027s Codex"},{"floor":22,"key":"Red Mask"},{"floor":24,"key":"Bird Faced Urn"},{"floor":26,"key":"Ginger"},{"floor":31,"key":"Toxic Egg 2"},{"floor":40,"key":"Paper Crane"},{"floor":42,"key":"Meat on the Bone"},{"floor":55,"key":"StoneCalendar"}],"event_choices":[{"cards_removed":["Masterful Stab"],"damage_healed":0,"gold_gain":0,"player_choice":"Gave Card","damage_taken":0,"relics_obtained":["Bronze Scales"],"max_hp_gain":0,"max_hp_loss":0,"event_name":"WeMeetAgain","floor":3,"gold_loss":0},{"damage_healed":0,"gold_gain":0,"player_choice":"Ignored","damage_taken":0,"max_hp_gain":0,"max_hp_loss":0,"event_name":"Liars Game","floor":13,"gold_loss":0},{"damage_healed":0,"gold_gain":0,"player_choice":"Obtained Relic","damage_taken":0,"relics_obtained":["Ornamental Fan"],"max_hp_gain":0,"max_hp_loss":0,"event_name":"Addict","floor":19,"gold_loss":85},{"damage_healed":0,"gold_gain":0,"player_choice":"Obtained Book","damage_taken":21,"max_hp_gain":0,"max_hp_loss":0,"event_name":"Cursed Tome","floor":20,"gold_loss":0},{"damage_healed":0,"gold_gain":0,"player_choice":"Fought Bandits","damage_taken":0,"max_hp_gain":0,"max_hp_loss":0,"event_name":"Masked Bandits","floor":22,"gold_loss":0},{"damage_healed":0,"gold_gain":0,"player_choice":"Read","damage_taken":0,"max_hp_gain":0,"max_hp_loss":0,"event_name":"The Library","floor":30,"gold_loss":0,"cards_obtained":["Footwork"]},{"damage_healed":0,"gold_gain":0,"player_choice":"Max HP","damage_taken":0,"max_hp_gain":0,"max_hp_loss":3,"event_name":"Winding Halls","floor":36,"gold_loss":0},{"damage_healed":0,"gold_gain":0,"cards_transformed":["Poisoned Stab"],"player_choice":"Transformed","damage_taken":0,"max_hp_gain":0,"max_hp_loss":0,"event_name":"Transmorgrifier","floor":37,"gold_loss":0,"cards_obtained":["Deadly Poison"]},{"cards_removed":["Parasite"],"damage_healed":0,"gold_gain":0,"player_choice":"Removed Curses","damage_taken":0,"max_hp_gain":0,"max_hp_loss":0,"event_name":"Fountain of Cleansing","floor":48,"gold_loss":0}],"is_beta":true,"boss_relics":[{"not_picked":["Velvet Choker","Tiny House"],"picked":"Calling Bell"},{"not_picked":["Sozu","Runic Pyramid"],"picked":"Astrolabe"}],"items_purged_floors":[11,27],"is_endless":false,"potions_floor_spawned":[1,14,18,22,29,31,35,40,47,55],"killed_by":"The Heart","ascension_level":20}