{"gold_per_floor":[210,220,370,370,28,28,0,0,0,26,26,57,67,87,87,158,158,178,178,196,211,227,227,227,253,253,253,253,40,59,75,75,149,149,169,169],"floor_reached":36,"playtime":3138,"items_purged":["Doubt"],"score":784,"play_id":"af15d574-d793-4dff-af30-48a044db1de3","local_time":"20210507110833","is_ascension_mode":true,"campfire_choices":[{"data":"Underhanded Strike","floor":6.0,"key":"SMITH"},{"floor":8.0,"key":"REST"},{"floor":15.0,"key":"REST"},{"floor":23.0,"key":"REST"},{"floor":27.0,"key":"REST"},{"floor":32.0,"key":"REST"}],"neow_cost":"NONE","seed_source_timestamp":0,"circlet_count":0,"master_deck":["AscendersBane","Strike_G","Strike_G+1","Defend_G","Defend_G","Defend_G","Defend_G","Defend_G","Survivor+1","Neutralize","Underhanded Strike+1","Dagger Throw+1","Dagger Throw+1","Tools of the Trade","Reflex","Footwork","Underhanded Strike","PiercingWail","Grand Finale","Underhanded Strike+1","Venomology","Tactician+1","PiercingWail+1","Escape Plan","Dash","Phantasmal Killer","Adrenaline","Backflip"],"special_seed":0,"relics":["Ring of the Snake","Art of War","Nunchaku","Snecko Eye","Whetstone","Kunai","Membership Card","Empty Cage"],"potions_floor_usage":[36],"damage_taken":[{"damage":1.0,"enemies":"Small Slimes","floor":1.0,"turns":4.0},{"damage":11.0,"enemies":"Jaw Worm","floor":2.0,"turns":5.0},{"damage":18.0,"enemies":"Lagavulin","floor":10.0,"turns":9.0},{"damage":15.0,"enemies":"3 Sentries","floor":12.0,"turns":8.0},{"damage":0.0,"enemies":"Cultist","floor":13.0,"turns":3.0},{"damage":0.0,"enemies":"Looter","floor":14.0,"turns":2.0},{"damage":25.0,"enemies":"Slime Boss","floor":16.0,"turns":12.0},{"damage":17.0,"enemies":"3 Byrds","floor":18.0,"turns":8.0},{"damage":10.0,"enemies":"2 Thieves","floor":20.0,"turns":4.0},{"damage":10.0,"enemies":"Snake Plant","floor":21.0,"turns":4.0},{"damage":0.0,"enemies":"Sentry and Sphere","floor":22.0,"turns":4.0},{"damage":26.0,"enemies":"Book of Stabbing","floor":25.0,"turns":5.0},{"damage":0.0,"enemies":"Snecko","floor":30.0,"turns":5.0},{"damage":4.0,"enemies":"Shelled Parasite and Fungi","floor":31.0,"turns":5.0},{"damage":19.0,"enemies":"Automaton","floor":33.0,"turns":11.0},{"damage":29,"enemies":"3 Darklings","floor":35,"turns":4},{"damage":34,"enemies":"Orb Walker","floor":36,"turns":4}],"seed_played":"822601326374281543","potions_obtained":[{"floor":1.0,"key":"Energy Potion"},{"floor":13.0,"key":"Poison Potion"},{"floor":16.0,"key":"Dexterity Potion"},{"floor":20.0,"key":"SteroidPotion"},{"floor":22.0,"key":"BlessingOfTheForge"},{"floor":30.0,"key":"FearPotion"}],"is_trial":false,"path_per_floor":["M","M","?","?","$","R","?","R","T","E","$","E","M","M","R","B",null,"M","?","M","M","M","R","?","E","T","R","?","$","M","M","R","B",null,"M","M"],"character_chosen":"THE_SILENT","items_purchased":["Dagger Throw","Tools of the Trade","Reflex","Membership Card","Dash"],"campfire_rested":5,"item_purchase_floors":[5,5,5,29,29],"current_hp_per_floor":[58,47,47,27,27,27,27,46,46,28,28,13,13,13,32,7,51,34,34,24,14,14,33,33,7,7,26,26,26,26,22,41,22,55,26,0],"gold":169,"neow_bonus":"HUNDRED_GOLD","is_prod":false,"is_daily":false,"chose_seed":false,"campfire_upgraded":1,"win_rate":0,"timestamp":1620410913,"path_taken":["M","M","?","?","$","R","?","R","T","E","$","E","M","M","R","BOSS","M","?","M","?","M","R","?","E","T","R","?","$","M","?","R","BOSS","M","M"],"build_version":"2020-12-18","purchased_purges":1,"victory":false,"max_hp_per_floor":[66,66,66,66,66,66,66,66,66,66,66,66,66,66,66,66,66,66,66,66,66,66,66,66,66,66,66,66,66,66,66,66,66,66,66,66],"relic_stats":{"Nunchaku":[19],"counters":[17,97],"Snecko Eye":[112,130,106,113],"Art of War":[4],"Whetstone":["Dagger Throw","Dagger Throw"],"Kunai":[16],"obtain_stats":[{"Nunchaku":12,"Snecko Eye":17,"Art of War":10,"Whetstone":25,"Kunai":26,"Membership Card":29,"Empty Cage":34,"Ring of the Snake":0},{"Nunchaku":4,"Snecko Eye":7,"Art of War":3,"Whetstone":12,"Kunai":12,"Membership Card":12,"Empty Cage":15,"Ring of the Snake":0},{"Nunchaku":26,"Snecko Eye":43,"Art of War":18,"Whetstone":68,"Kunai":68,"Membership Card":68,"Empty Cage":89,"Ring of the Snake":0}],"Ring of the Snake":[34]},"card_choices":[{"not_picked":["Crippling Poison","Deflect"],"picked":"Underhanded Strike","floor":1.0},{"not_picked":["Underhanded Strike","Tactician"],"picked":"Dagger Throw","floor":2.0},{"not_picked":["Expertise","Deflect","Poisoned Stab"],"picked":"SKIP","floor":10.0},{"not_picked":["Masterful Stab","Bouncing Flask"],"picked":"Footwork","floor":12.0},{"not_picked":["Poisoned Stab","Flying Knee"],"picked":"Underhanded Strike","floor":13.0},{"not_picked":["Riddle With Holes","Calculated Gamble"],"picked":"PiercingWail","floor":14.0},{"not_picked":["Tools of the Trade","After Image"],"picked":"Grand Finale","floor":16.0},{"not_picked":["Deadly Poison","Dagger Throw","Quick Slash"],"picked":"SKIP","floor":18.0},{"not_picked":["Deflect","Blade Dance","Deadly Poison"],"picked":"SKIP","floor":20.0},{"not_picked":["Backflip","Dagger Spray"],"picked":"Venomology","floor":21.0},{"not_picked":["Dodge and Roll+1","All Out Attack"],"picked":"Tactician+1","floor":22.0},{"not_picked":["Well Laid Plans","Quick Slash"],"picked":"PiercingWail+1","floor":25.0},{"not_picked":["Dagger Spray","Flechettes+1","Poisoned Stab+1"],"picked":"SKIP","floor":30.0},{"not_picked":["Dodge and Roll","Dagger Throw"],"picked":"Phantasmal Killer","floor":31.0},{"not_picked":["Storm of Steel","Doppelganger"],"picked":"Adrenaline","floor":33.0},{"not_picked":["Prepared","Acrobatics"],"picked":"Backflip","floor":35}],"player_experience":3623734,"relics_obtained":[{"floor":10.0,"key":"Art of War"},{"floor":12.0,"key":"Nunchaku"},{"floor":25.0,"key":"Whetstone"},{"floor":26.0,"key":"Kunai"}],"event_choices":[{"damage_healed":0.0,"max_hp_gain":0.0,"max_hp_loss":0.0,"gold_gain":150.0,"event_name":"Liars Game","player_choice":"AGREE","floor":3.0,"gold_loss":0.0,"damage_taken":0.0,"cards_obtained":["Doubt"]},{"damage_healed":0.0,"max_hp_gain":0.0,"max_hp_loss":0.0,"gold_gain":0.0,"event_name":"Shining Light","player_choice":"Entered Light","floor":4.0,"gold_loss":0.0,"damage_taken":20.0,"cards_upgraded":["Strike_G","Survivor"]},{"damage_healed":0.0,"max_hp_gain":0.0,"max_hp_loss":0.0,"gold_gain":0.0,"event_name":"World of Goop","player_choice":"Left Gold","floor":7.0,"gold_loss":28.0,"damage_taken":0.0},{"damage_healed":0.0,"max_hp_gain":0.0,"max_hp_loss":0.0,"gold_gain":0.0,"event_name":"Duplicator","player_choice":"Copied","floor":19.0,"gold_loss":0.0,"damage_taken":0.0,"cards_obtained":["Underhanded Strike"]},{"damage_healed":0.0,"max_hp_gain":0.0,"max_hp_loss":0.0,"gold_gain":0.0,"cards_transformed":["Strike_G"],"event_name":"Transmorgrifier","player_choice":"Transformed","floor":28.0,"gold_loss":0.0,"damage_taken":0.0,"cards_obtained":["Escape Plan"]}],"is_beta":true,"boss_relics":[{"not_picked":["Calling Bell","Fusion Hammer"],"picked":"Snecko Eye"},{"not_picked":["Velvet Choker","SlaversCollar"],"picked":"Empty Cage"}],"items_purged_floors":[5],"is_endless":false,"potions_floor_spawned":[1,13,16,20,22,30],"killed_by":"Orb Walker","ascension_level":20}