{"gold_per_floor":[113,124,124,38,38,38],"floor_reached":6,"playtime":282,"items_purged":[],"score":68,"play_id":"a4a7b97f-9c11-43d8-94a2-18ad07e6f4a3","local_time":"20210513235057","is_ascension_mode":true,"campfire_choices":[],"neow_cost":"NONE","seed_source_timestamp":1262095077885100,"circlet_count":0,"master_deck":["AscendersBane","Strike_G","Strike_G","Strike_G","Strike_G","Strike_G","Defend_G","Defend_G","Defend_G","Defend_G","Defend_G","Survivor","Neutralize","Riddle With Holes","Deadly Poison","Well Laid Plans"],"relics":["Ring of the Snake","Golden Idol","Smiling Mask"],"potions_floor_usage":[6],"damage_taken":[{"damage":2,"enemies":"Jaw Worm","floor":1,"turns":5},{"damage":6,"enemies":"Cultist","floor":2,"turns":4},{"damage":59,"enemies":"Lagavulin","floor":6,"turns":11}],"seed_played":"-2541147822228350553","potions_obtained":[{"floor":0,"key":"EssenceOfSteel"},{"floor":0,"key":"EssenceOfSteel"},{"floor":2,"key":"Fire Potion"}],"is_trial":false,"path_per_floor":["M","M","?","$","?","E"],"character_chosen":"THE_SILENT","items_purchased":["Well Laid Plans"],"campfire_rested":0,"item_purchase_floors":[4],"current_hp_per_floor":[57,51,51,51,51,0],"gold":38,"neow_bonus":"THREE_SMALL_POTIONS","is_prod":false,"is_daily":false,"chose_seed":false,"campfire_upgraded":0,"win_rate":0,"timestamp":1620975057,"path_taken":["M","M","?","$","?","E"],"build_version":"2020-12-18","purchased_purges":0,"victory":false,"max_hp_per_floor":[66,66,60,60,60,60],"relic_stats":{"counters":[3,20],"Golden Idol":0,"Smiling Mask":0,"obtain_stats":[{"Golden Idol":3,"Smiling Mask":5,"Ring of the Snake":0},{"Golden Idol":2,"Smiling Mask":2,"Ring of the Snake":0},{"Golden Idol":9,"Smiling Mask":9,"Ring of the Snake":0}],"Ring of the Snake":[6]},"card_choices":[{"not_picked":["Slice","Deadly Poison"],"picked":"Riddle With Holes","floor":1},{"not_picked":["Reflex","Tactician"],"picked":"Deadly Poison","floor":2}],"player_experience":3673078,"relics_obtained":[],"event_choices":[{"damage_healed":0,"gold_gain":0,"player_choice":"Lose Max HP","damage_taken":0,"relics_obtained":["Golden Idol"],"max_hp_gain":0,"max_hp_loss":6,"event_name":"Golden Idol","floor":3,"gold_loss":0},{"damage_healed":0,"gold_gain":0,"player_choice":"Gave Potion","damage_taken":0,"relics_obtained":["Smiling Mask"],"max_hp_gain":0,"max_hp_loss":0,"event_name":"WeMeetAgain","floor":5,"gold_loss":0}],"is_beta":true,"boss_relics":[],"items_purged_floors":[],"is_endless":false,"potions_floor_spawned":[2],"killed_by":"Lagavulin","ascension_level":20}