{"gold_per_floor":[362,379,0,11,11,11,11,54,54,54,54,80,409,409,409,511,511,535,563,563,590,599,626,626,154,232,266,275,319,346,370,370,444,444,463,477,39,66,85,85,122,140,149,191,191,230,289,316,316,316,316,316,316,17,54,54],"floor_reached":57,"playtime":4587,"items_purged":["Strike_G","Concentrate"],"score":2870,"play_id":"b8197833-e074-4d6e-8739-4a771056e12b","local_time":"20210509164422","is_ascension_mode":true,"campfire_choices":[{"data":"Apotheosis","floor":6.0,"key":"SMITH"},{"floor":11,"key":"REST"},{"floor":15,"key":"RECALL"},{"floor":24,"key":"REST"},{"floor":32,"key":"REST"},{"floor":40,"key":"REST"},{"floor":45,"key":"REST"},{"data":"Parasite","floor":49,"key":"PURGE"},{"data":"Strike_G","floor":53,"key":"PURGE"}],"neow_cost":"PERCENT_DAMAGE","seed_source_timestamp":886552672101200,"circlet_count":0,"master_deck":["AscendersBane","Strike_G","Defend_G","Defend_G","Defend_G+1","Defend_G","Defend_G","Survivor+1","Neutralize","Footwork","Masterful Stab","Apotheosis+1","Noxious Fumes","Crippling Poison","Poisoned Stab","Caltrops","Burst","Dagger Spray+1","Footwork","Catalyst","Dodge and Roll","Blur","Escape Plan","Noxious Fumes","Dodge and Roll","Footwork","Leg Sweep+1","Impatience","Deflect","Good Instincts","Finesse","Dark Shackles","Blur+1","Corpse Explosion","Bouncing Flask","Prepared","PiercingWail","Secret Technique","Backflip+1","Blur+1","Escape Plan+1"],"special_seed":0,"relics":["Ring of the Snake","Snake Skull","CeramicFish","Pear","Old Coin","Bloody Idol","Velvet Choker","Mummified Hand","Matryoshka","Toy Ornithopter","The Courier","War Paint","Vajra","Cursed Key","Potion Belt","Ornamental Fan","Blood Vial","Peace Pipe","MealTicket","Incense Burner","Orrery","Nunchaku"],"potions_floor_usage":[23,23,36,41,41,42,50,51,56,56,56],"damage_taken":[{"damage":7.0,"enemies":"Jaw Worm","floor":1.0,"turns":6.0},{"damage":0.0,"enemies":"2 Louse","floor":2.0,"turns":4.0},{"damage":0.0,"enemies":"Small Slimes","floor":4.0,"turns":5.0},{"damage":0.0,"enemies":"Looter","floor":5.0,"turns":1.0},{"damage":5,"enemies":"Lagavulin","floor":8,"turns":6},{"damage":8,"enemies":"3 Louse","floor":12,"turns":2},{"damage":35,"enemies":"3 Sentries","floor":13,"turns":8},{"damage":17,"enemies":"The Guardian","floor":16,"turns":9},{"damage":9,"enemies":"Spheric Guardian","floor":18,"turns":6},{"damage":3,"enemies":"3 Byrds","floor":19,"turns":3},{"damage":9,"enemies":"Centurion and Healer","floor":21,"turns":8},{"damage":30,"enemies":"Slavers","floor":23,"turns":6},{"damage":0,"enemies":"Gremlin Leader","floor":27,"turns":7},{"damage":44,"enemies":"Book of Stabbing","floor":29,"turns":6},{"damage":18,"enemies":"Shelled Parasite and Fungi","floor":30,"turns":4},{"damage":38,"enemies":"Cultist and Chosen","floor":31,"turns":8},{"damage":18,"enemies":"Champ","floor":33,"turns":13},{"damage":21,"enemies":"Orb Walker","floor":35,"turns":5},{"damage":16,"enemies":"3 Darklings","floor":36,"turns":6},{"damage":32,"enemies":"Transient","floor":39,"turns":6},{"damage":19,"enemies":"Reptomancer","floor":41,"turns":8},{"damage":47,"enemies":"Jaw Worm Horde","floor":42,"turns":5},{"damage":6,"enemies":"Nemesis","floor":44,"turns":9},{"damage":8,"enemies":"Reptomancer","floor":46,"turns":8},{"damage":9,"enemies":"2 Orb Walkers","floor":47,"turns":5},{"damage":0,"enemies":"Sphere and 2 Shapes","floor":48,"turns":5},{"damage":35,"enemies":"Awakened One","floor":50,"turns":24},{"damage":20,"enemies":"Donu and Deca","floor":51,"turns":11},{"damage":13,"enemies":"Shield and Spear","floor":55,"turns":11},{"damage":63,"enemies":"The Heart","floor":56,"turns":12}],"seed_played":"-2477824837935072471","potions_obtained":[{"floor":1.0,"key":"FairyPotion"},{"floor":4.0,"key":"SmokeBomb"},{"floor":13,"key":"Energy Potion"},{"floor":19,"key":"Swift Potion"},{"floor":27,"key":"FairyPotion"},{"floor":30,"key":"SpeedPotion"},{"floor":35,"key":"Dexterity Potion"},{"floor":41,"key":"Explosive Potion"},{"floor":42,"key":"GamblersBrew"},{"floor":46,"key":"AttackPotion"},{"floor":47,"key":"Energy Potion"}],"is_trial":false,"path_per_floor":["M","M","$","M","M","R","?","E","T","?","R","M","E","?","R","B",null,"M","M","?","M","?","E","R","$","T","E","?","E","M","M","R","B",null,"M","M","$","?","M","R","E","M","T","E","R","E","?","M","R","B","B",null,"R","$","E","B",null],"character_chosen":"THE_SILENT","items_purchased":["Apotheosis","Snake Skull","Noxious Fumes","Dodge and Roll","Blur","Matryoshka","Impatience","GhostInAJar","Deflect","Potion Belt","SpeedPotion","Secret Technique","Orrery","Poison Potion"],"campfire_rested":5,"item_purchase_floors":[3,3,3,25,25,25,37,37,37,37,37,54,54,54],"current_hp_per_floor":[37,37,37,37,37,37,37,32,42,35,57,49,14,22,22,5,58,49,46,46,47,52,27,49,59,64,74,76,42,34,30,52,39,67,56,50,60,65,38,60,61,24,29,35,57,61,64,76,73,43,30,62,62,73,70,15],"gold":54,"neow_bonus":"TWO_FIFTY_GOLD","is_prod":false,"is_daily":false,"chose_seed":false,"campfire_upgraded":1,"win_rate":0,"timestamp":1620603862,"path_taken":["M","M","$","M","M","R","?","E","T","?","R","M","E","?","R","BOSS","M","M","?","M","?","E","R","$","T","E","?","E","M","?","R","BOSS","M","M","$","?","M","R","E","M","T","E","R","E","?","M","R","BOSS","BOSS","R","$","E","BOSS"],"build_version":"2020-12-18","purchased_purges":2,"victory":true,"max_hp_per_floor":[66,66,66,66,66,66,66,66,76,76,76,76,76,76,76,76,76,76,76,76,76,76,76,76,76,76,76,76,76,76,76,76,76,76,76,76,76,76,76,76,76,76,76,76,76,76,76,76,73,73,73,73,73,73,73,73],"relic_stats":{"counters":[30,217],"CeramicFish":261,"Snake Skull":[319],"War Paint":["Defend_G","Survivor"],"Cursed Key":1,"Blood Vial":12,"Peace Pipe":2,"Nunchaku":[0],"Mummified Hand":[97],"Ornamental Fan":[8],"Bloody Idol":197,"MealTicket":11,"obtain_stats":[{"Potion Belt":37,"Pear":9,"Golden Idol":14,"CeramicFish":8,"Velvet Choker":17,"Vajra":29,"Snake Skull":3,"The Courier":26,"Incense Burner":47,"War Paint":27,"Cursed Key":34,"Old Coin":13,"Blood Vial":43,"Peace Pipe":44,"Nunchaku":55,"Matryoshka":25,"Mummified Hand":23,"Ornamental Fan":41,"Bloody Idol":20,"Orrery":54,"MealTicket":46,"Toy Ornithopter":26,"Ring of the Snake":0},{"Potion Belt":19,"Pear":5,"Golden Idol":7,"CeramicFish":5,"Velvet Choker":8,"Vajra":14,"Snake Skull":2,"The Courier":12,"Incense Burner":25,"War Paint":13,"Cursed Key":17,"Old Coin":7,"Blood Vial":22,"Peace Pipe":23,"Nunchaku":29,"Matryoshka":12,"Mummified Hand":12,"Ornamental Fan":21,"Bloody Idol":10,"Orrery":28,"MealTicket":24,"Toy Ornithopter":12,"Ring of the Snake":0},{"Potion Belt":113,"Pear":22,"Golden Idol":32,"CeramicFish":22,"Velvet Choker":41,"Vajra":77,"Snake Skull":10,"The Courier":64,"Incense Burner":154,"War Paint":71,"Cursed Key":102,"Old Coin":32,"Blood Vial":132,"Peace Pipe":141,"Nunchaku":205,"Matryoshka":64,"Mummified Hand":64,"Ornamental Fan":127,"Bloody Idol":50,"Orrery":194,"MealTicket":149,"Toy Ornithopter":64,"Ring of the Snake":0}],"Toy Ornithopter":36,"Ring of the Snake":[60]},"card_choices":[{"not_picked":["Outmaneuver","Heel Hook"],"picked":"Footwork","floor":1.0},{"not_picked":["Prepared","Deflect"],"picked":"Masterful Stab","floor":2.0},{"not_picked":["Quick Slash","Riddle With Holes"],"picked":"Crippling Poison","floor":4.0},{"not_picked":["Slice","Reflex"],"picked":"Poisoned Stab","floor":8},{"not_picked":["Prepared","Dagger Throw"],"picked":"Caltrops","floor":12},{"not_picked":["Dagger Spray","Bullet Time","Dagger Throw"],"picked":"SKIP","floor":13},{"not_picked":["Doppelganger","Storm of Steel"],"picked":"Burst","floor":16},{"not_picked":["Deadly Poison","Slice","Predator"],"picked":"SKIP","floor":18},{"not_picked":["Distraction","Slice"],"picked":"Dagger Spray+1","floor":19},{"not_picked":["Blade Dance","Concentrate+1"],"picked":"Footwork","floor":21},{"not_picked":["All Out Attack","Deadly Poison","Cloak And Dagger"],"picked":"SKIP","floor":23},{"not_picked":["Prepared","Endless Agony"],"picked":"Escape Plan","floor":27},{"not_picked":["Predator","Dagger Throw"],"picked":"Noxious Fumes","floor":29},{"not_picked":["Prepared","Blade Dance"],"picked":"Dodge and Roll","floor":30},{"not_picked":["Reflex","Skewer"],"picked":"Footwork","floor":31},{"not_picked":["Poisoned Stab","Dagger Spray+1"],"picked":"Leg Sweep+1","floor":35},{"not_picked":["Endless Agony+1","Backstab+1","Eviscerate+1"],"picked":"SKIP","floor":36},{"not_picked":["Panache","Dramatic Entrance"],"picked":"Good Instincts","floor":38},{"not_picked":["Jack Of All Trades","Discovery"],"picked":"Finesse","floor":38},{"not_picked":["Metamorphosis","Good Instincts"],"picked":"Dark Shackles","floor":38},{"not_picked":["Finisher+1","Crippling Poison","Outmaneuver+1"],"picked":"SKIP","floor":39},{"not_picked":["Sucker Punch","Dagger Throw"],"picked":"Blur+1","floor":41},{"not_picked":["Terror","Blur+1","Backstab"],"picked":"SKIP","floor":42},{"not_picked":["Bane+1","Poisoned Stab+1"],"picked":"Corpse Explosion","floor":44},{"not_picked":["Dagger Throw","PiercingWail"],"picked":"Bouncing Flask","floor":46},{"not_picked":["Underhanded Strike","Dagger Spray+1"],"picked":"Prepared","floor":47},{"not_picked":["Terror","Flying Knee"],"picked":"PiercingWail","floor":48},{"not_picked":["Storm of Steel","Blur"],"picked":"Backflip+1","floor":54},{"not_picked":["Underhanded Strike","Dagger Throw"],"picked":"Blur+1","floor":54},{"not_picked":["Setup","Concentrate"],"picked":"Escape Plan+1","floor":55}],"player_experience":3650932,"relics_obtained":[{"floor":8,"key":"CeramicFish"},{"floor":9,"key":"Pear"},{"floor":13,"key":"Old Coin"},{"floor":23,"key":"Mummified Hand"},{"floor":26,"key":"Toy Ornithopter"},{"floor":26,"key":"The Courier"},{"floor":27,"key":"War Paint"},{"floor":29,"key":"Vajra"},{"floor":41,"key":"Ornamental Fan"},{"floor":43,"key":"Blood Vial"},{"floor":44,"key":"Peace Pipe"},{"floor":46,"key":"MealTicket"},{"floor":47,"key":"Incense Burner"},{"floor":55,"key":"Nunchaku"}],"event_choices":[{"damage_healed":0,"gold_gain":0,"player_choice":"Ignored","damage_taken":0,"max_hp_gain":0,"max_hp_loss":0,"event_name":"Shining Light","floor":7,"gold_loss":0},{"cards_removed":["Strike_G"],"damage_healed":0,"gold_gain":0,"player_choice":"Card Removal","damage_taken":7,"max_hp_gain":0,"max_hp_loss":0,"event_name":"Golden Wing","floor":10,"gold_loss":0},{"damage_healed":0,"gold_gain":0,"player_choice":"Take Damage","damage_taken":26,"relics_obtained":["Golden Idol"],"max_hp_gain":0,"max_hp_loss":0,"event_name":"Golden Idol","floor":14,"gold_loss":0},{"damage_healed":0,"gold_gain":0,"player_choice":"Gave Idol","damage_taken":0,"relics_obtained":["Bloody Idol"],"max_hp_gain":0,"max_hp_loss":0,"event_name":"Forgotten Altar","floor":20,"relics_lost":["Golden Idol"],"gold_loss":0},{"damage_healed":0,"gold_gain":0,"player_choice":"Read","damage_taken":0,"max_hp_gain":0,"max_hp_loss":0,"event_name":"The Library","floor":22,"gold_loss":0,"cards_obtained":["Catalyst"]},{"damage_healed":0,"gold_gain":0,"cards_transformed":["Strike_G"],"player_choice":"Transformed","damage_taken":0,"max_hp_gain":0,"max_hp_loss":0,"event_name":"Transmorgrifier","floor":28,"gold_loss":0,"cards_obtained":["Concentrate"]},{"damage_healed":0,"gold_gain":0,"player_choice":"Memory 3","damage_taken":10,"max_hp_gain":0,"max_hp_loss":0,"event_name":"SensoryStone","floor":38,"gold_loss":0},{"damage_healed":0,"gold_gain":0,"player_choice":"Fight","damage_taken":0,"max_hp_gain":0,"max_hp_loss":0,"event_name":"Mysterious Sphere","floor":47,"gold_loss":0}],"is_beta":true,"boss_relics":[{"not_picked":["Sozu","Busted Crown"],"picked":"Velvet Choker"},{"not_picked":["Snecko Eye","Philosopher\u0027s Stone"],"picked":"Cursed Key"}],"items_purged_floors":[25,37],"is_endless":false,"potions_floor_spawned":[1,4,13,19,27,30,35,41,42,46,47],"ascension_level":20}