{"gold_per_floor":[366,386,386,386,401,29,55,55,55,55,65,215,215,229,229,302,302,313,313,313,313,330,330,360,360,360,390,407,442,458,111,111,187,187,203,218,237,127,137,171,171,190,215,227,227,257,275,303,303,303,303,303,303,94,125,125],"floor_reached":57,"playtime":3384,"items_purged":["Catalyst","Strike_G+1"],"score":3204,"play_id":"66e3586e-67e5-4dbe-aaa9-f99b651f8662","local_time":"20210509002538","is_ascension_mode":true,"campfire_choices":[{"data":"Panache","floor":8.0,"key":"SMITH"},{"data":"Blade Dance","floor":10.0,"key":"SMITH"},{"data":"Blade Dance","floor":13.0,"key":"SMITH"},{"data":"Neutralize","floor":15.0,"key":"SMITH"},{"floor":23.0,"key":"RECALL"},{"floor":32.0,"key":"REST"},{"floor":41.0,"key":"REST"},{"floor":49.0,"key":"REST"},{"floor":53.0,"key":"REST"}],"neow_cost":"PERCENT_DAMAGE","seed_source_timestamp":828834672393900,"circlet_count":0,"master_deck":["AscendersBane","Strike_G+1","Strike_G+1","Defend_G+1","Defend_G+1","Defend_G+1","Defend_G+1","Defend_G+1","Survivor","Neutralize+1","Blade Dance+1","Blade Dance+1","Blade Dance+1","Panache+1","Acrobatics","PiercingWail","After Image","Ghostly","Ghostly","Ghostly","Tactician+1","Footwork+1","Wraith Form v2","Terror+1","Tools of the Trade","Panache+1","Flash of Steel","Night Terror","Accuracy+1","Prepared+1","Expertise+1","Blade Dance","PiercingWail+1","Malaise","Calculated Gamble"],"special_seed":0,"relics":["Ring of the Snake","StrikeDummy","Omamori","Ancient Tea Set","White Beast Statue","Fusion Hammer","PreservedInsect","MealTicket","Paper Crane","Prayer Wheel","Bronze Scales","DollysMirror","WristBlade","InkBottle","Happy Flower","Unceasing Top","Blue Candle"],"potions_floor_usage":[56,56],"damage_taken":[{"damage":0.0,"enemies":"Cultist","floor":1.0,"turns":5.0},{"damage":0.0,"enemies":"Jaw Worm","floor":2.0,"turns":4.0},{"damage":0.0,"enemies":"Small Slimes","floor":5.0,"turns":3.0},{"damage":17.0,"enemies":"Gremlin Nob","floor":7.0,"turns":3.0},{"damage":4.0,"enemies":"Exordium Thugs","floor":11.0,"turns":5.0},{"damage":0.0,"enemies":"2 Fungi Beasts","floor":14.0,"turns":3.0},{"damage":0.0,"enemies":"Slime Boss","floor":16.0,"turns":5.0},{"damage":0.0,"enemies":"Chosen","floor":18.0,"turns":3.0},{"damage":0.0,"enemies":"2 Thieves","floor":22.0,"turns":4.0},{"damage":0.0,"enemies":"Book of Stabbing","floor":24.0,"turns":4.0},{"damage":0.0,"enemies":"Gremlin Leader","floor":27.0,"turns":7.0},{"damage":0.0,"enemies":"Centurion and Healer","floor":28.0,"turns":5.0},{"damage":3.0,"enemies":"Book of Stabbing","floor":29.0,"turns":4.0},{"damage":3.0,"enemies":"Snake Plant","floor":30.0,"turns":4.0},{"damage":9.0,"enemies":"Champ","floor":33.0,"turns":9.0},{"damage":0.0,"enemies":"3 Darklings","floor":35.0,"turns":3.0},{"damage":0.0,"enemies":"Orb Walker","floor":36.0,"turns":3.0},{"damage":4.0,"enemies":"Spire Growth","floor":37.0,"turns":5.0},{"damage":0.0,"enemies":"Writhing Mass","floor":39.0,"turns":4.0},{"damage":23.0,"enemies":"Giant Head","floor":40.0,"turns":4.0},{"damage":0.0,"enemies":"Sphere and 2 Shapes","floor":42.0,"turns":3.0},{"damage":0.0,"enemies":"Jaw Worm Horde","floor":44.0,"turns":1.0},{"damage":3.0,"enemies":"Nemesis","floor":46.0,"turns":4.0},{"damage":0.0,"enemies":"Spire Growth","floor":47.0,"turns":2.0},{"damage":1.0,"enemies":"Giant Head","floor":48.0,"turns":3.0},{"damage":0.0,"enemies":"Time Eater","floor":50.0,"turns":12.0},{"damage":2.0,"enemies":"Awakened One","floor":51.0,"turns":7.0},{"damage":0.0,"enemies":"Shield and Spear","floor":55.0,"turns":2.0},{"damage":29,"enemies":"The Heart","floor":56,"turns":8}],"seed_played":"-4793688444297205020","potions_obtained":[{"floor":5.0,"key":"Regen Potion"},{"floor":11.0,"key":"ColorlessPotion"},{"floor":14.0,"key":"Energy Potion"},{"floor":16.0,"key":"SneckoOil"},{"floor":18.0,"key":"Weak Potion"},{"floor":22.0,"key":"Strength Potion"},{"floor":27.0,"key":"PowerPotion"},{"floor":33.0,"key":"PowerPotion"},{"floor":40.0,"key":"LiquidMemories"},{"floor":47.0,"key":"Dexterity Potion"},{"floor":55.0,"key":"ColorlessPotion"}],"is_trial":false,"path_per_floor":["M","M","?","?","M","$","E","R","T","R","M","?","R","M","R","B",null,"M","?","?","?","M","R","E","?","T","E","M","E","M","$","R","B",null,"M","M","M","?","M","E","R","M","T","M","?","E","M","E","R","B","B",null,"R","$","E","B",null],"character_chosen":"THE_SILENT","items_purchased":["Omamori","Panache","DollysMirror","Flash of Steel","SkillPotion","BlessingOfTheForge"],"campfire_rested":4,"item_purchase_floors":[6,6,31,31,54,54],"current_hp_per_floor":[44,44,39,39,39,39,22,22,22,22,32,32,32,32,32,32,58,58,58,58,33,33,33,33,33,33,33,33,30,27,33,33,24,31,31,31,27,27,27,4,13,13,13,13,13,10,10,9,18,18,16,29,33,33,33,4],"gold":125,"neow_bonus":"TWO_FIFTY_GOLD","is_prod":false,"is_daily":false,"chose_seed":false,"campfire_upgraded":4,"win_rate":0,"timestamp":1620545138,"path_taken":["M","?","?","?","M","$","E","R","T","R","?","?","R","M","R","BOSS","M","?","?","?","M","R","E","?","T","E","M","E","M","$","R","BOSS","M","M","M","?","?","E","R","M","T","M","?","E","?","E","R","BOSS","BOSS","R","$","E","BOSS"],"build_version":"2020-12-18","purchased_purges":2,"victory":true,"max_hp_per_floor":[66,66,66,66,66,66,66,66,66,66,66,66,66,66,66,66,66,66,66,66,33,33,33,33,33,33,33,33,33,33,33,33,33,33,33,33,33,33,33,33,33,33,33,33,33,33,33,33,33,33,33,33,33,33,33,33],"relic_stats":{"Happy Flower":[11],"counters":[29,129],"Bronze Scales":[265],"Blue Candle":[1],"MealTicket":6,"Prayer Wheel":9,"PreservedInsect":533,"obtain_stats":[{"Happy Flower":46,"Blue Candle":55,"PreservedInsect":19,"Omamori":6,"Paper Crane":26,"Ancient Tea Set":7,"White Beast Statue":9,"WristBlade":34,"DollysMirror":31,"Bronze Scales":29,"MealTicket":24,"Prayer Wheel":27,"Fusion Hammer":17,"StrikeDummy":3,"InkBottle":40,"Unceasing Top":48,"Ring of the Snake":0},{"Happy Flower":23,"Blue Candle":28,"PreservedInsect":8,"Omamori":3,"Paper Crane":10,"Ancient Tea Set":4,"White Beast Statue":4,"WristBlade":15,"DollysMirror":14,"Bronze Scales":13,"MealTicket":10,"Prayer Wheel":11,"Fusion Hammer":7,"StrikeDummy":2,"InkBottle":20,"Unceasing Top":25,"Ring of the Snake":0},{"Happy Flower":95,"Blue Candle":121,"PreservedInsect":31,"Omamori":12,"Paper Crane":39,"Ancient Tea Set":15,"White Beast Statue":15,"WristBlade":68,"DollysMirror":59,"Bronze Scales":55,"MealTicket":39,"Prayer Wheel":46,"Fusion Hammer":28,"StrikeDummy":9,"InkBottle":87,"Unceasing Top":100,"Ring of the Snake":0}],"InkBottle":[35],"Unceasing Top":[2],"Ring of the Snake":[58]},"card_choices":[{"not_picked":["Leg Sweep","Bane"],"picked":"Blade Dance","floor":1.0},{"not_picked":["Bane","Cloak And Dagger"],"picked":"Blade Dance","floor":2.0},{"not_picked":["Outmaneuver","All Out Attack"],"picked":"Blade Dance","floor":5.0},{"not_picked":["Setup","Escape Plan","Choke"],"picked":"SKIP","floor":7.0},{"not_picked":["Reflex","Bane"],"picked":"Acrobatics","floor":11.0},{"not_picked":["Backflip","Cloak And Dagger"],"picked":"PiercingWail","floor":14.0},{"not_picked":["Night Terror","Corpse Explosion"],"picked":"After Image","floor":16.0},{"not_picked":["Blade Dance","Sucker Punch","Outmaneuver+1"],"picked":"SKIP","floor":18.0},{"not_picked":["Blur","Flying Knee"],"picked":"Tactician+1","floor":22.0},{"not_picked":["Outmaneuver","Backflip"],"picked":"Footwork+1","floor":24.0},{"not_picked":["Blur","Poisoned Stab"],"picked":"Wraith Form v2","floor":27.0},{"not_picked":["Poisoned Stab","Blade Dance"],"picked":"Terror+1","floor":28.0},{"not_picked":["Flying Knee","Calculated Gamble","Crippling Poison"],"picked":"SKIP","floor":28.0},{"not_picked":["Finisher","Slice","Deflect"],"picked":"SKIP","floor":29.0},{"not_picked":["Cloak And Dagger","Endless Agony"],"picked":"Tools of the Trade","floor":30.0},{"not_picked":["Poisoned Stab","Outmaneuver","Flying Knee"],"picked":"SKIP","floor":30.0},{"not_picked":["Glass Knife","Unload"],"picked":"Night Terror","floor":33.0},{"not_picked":["Deflect","Quick Slash"],"picked":"Accuracy","floor":35.0},{"not_picked":["Tactician+1","Underhanded Strike+1","Dagger Spray"],"picked":"SKIP","floor":35.0},{"not_picked":["Outmaneuver","Infinite Blades"],"picked":"Prepared+1","floor":36.0},{"not_picked":["Dagger Spray+1","Quick Slash","Deadly Poison"],"picked":"SKIP","floor":36.0},{"not_picked":["Calculated Gamble","Masterful Stab+1"],"picked":"Expertise+1","floor":37.0},{"not_picked":["Choke","Slice"],"picked":"Blade Dance","floor":37.0},{"not_picked":["All Out Attack","Flying Knee+1"],"picked":"PiercingWail+1","floor":39.0},{"not_picked":["Noxious Fumes+1","Predator+1"],"picked":"Malaise","floor":39.0},{"not_picked":["Cloak And Dagger","Deadly Poison+1","PiercingWail"],"picked":"SKIP","floor":40.0},{"not_picked":["Slice","Outmaneuver+1","Terror+1"],"picked":"SKIP","floor":42.0},{"not_picked":["Accuracy","Reflex","Caltrops"],"picked":"SKIP","floor":42.0},{"not_picked":["Slice+1","Heel Hook+1","Dagger Throw+1"],"picked":"SKIP","floor":44.0},{"not_picked":["Flying Knee+1","Terror","Catalyst"],"picked":"SKIP","floor":44.0},{"not_picked":["Infinite Blades","Dagger Throw","Finisher"],"picked":"SKIP","floor":46.0},{"not_picked":["PiercingWail+1","Phantasmal Killer","Outmaneuver"],"picked":"SKIP","floor":47.0},{"not_picked":["Footwork","Skewer","Quick Slash"],"picked":"SKIP","floor":47.0},{"not_picked":["Poisoned Stab","Footwork"],"picked":"Calculated Gamble","floor":48.0},{"not_picked":["Bouncing Flask","Outmaneuver","Dagger Throw"],"picked":"SKIP","floor":55.0}],"player_experience":3639084,"relics_obtained":[{"floor":7.0,"key":"Ancient Tea Set"},{"floor":9.0,"key":"White Beast Statue"},{"floor":24.0,"key":"MealTicket"},{"floor":26.0,"key":"Paper Crane"},{"floor":27.0,"key":"Prayer Wheel"},{"floor":29.0,"key":"Bronze Scales"},{"floor":40.0,"key":"InkBottle"},{"floor":46.0,"key":"Happy Flower"},{"floor":48.0,"key":"Unceasing Top"},{"floor":55.0,"key":"Blue Candle"}],"event_choices":[{"damage_healed":0.0,"max_hp_gain":0.0,"max_hp_loss":0.0,"gold_gain":0.0,"event_name":"Scrap Ooze","player_choice":"Success","floor":3.0,"gold_loss":0.0,"damage_taken":5.0,"relics_obtained":["StrikeDummy"]},{"damage_healed":0.0,"max_hp_gain":0.0,"max_hp_loss":0.0,"gold_gain":0.0,"event_name":"Upgrade Shrine","player_choice":"Upgraded","floor":4.0,"gold_loss":0.0,"damage_taken":0.0,"cards_upgraded":["Blade Dance"]},{"damage_healed":0.0,"max_hp_gain":0.0,"max_hp_loss":0.0,"gold_gain":150.0,"event_name":"Liars Game","player_choice":"AGREE","floor":12.0,"gold_loss":0.0,"damage_taken":0.0,"cards_obtained":["Doubt"]},{"damage_healed":0.0,"max_hp_gain":0.0,"max_hp_loss":0.0,"gold_gain":0.0,"event_name":"The Mausoleum","player_choice":"Opened","floor":19.0,"gold_loss":0.0,"damage_taken":0.0,"relics_obtained":["PreservedInsect"],"cards_obtained":["Writhe"]},{"damage_healed":0.0,"max_hp_gain":0.0,"max_hp_loss":0.0,"gold_gain":0.0,"event_name":"Back to Basics","player_choice":"Simplicity","floor":20.0,"gold_loss":0.0,"damage_taken":0.0,"cards_upgraded":["Strike_G","Strike_G","Strike_G","Strike_G","Strike_G","Defend_G","Defend_G","Defend_G","Defend_G","Defend_G"]},{"damage_healed":0.0,"max_hp_gain":0.0,"max_hp_loss":33.0,"gold_gain":0.0,"event_name":"Ghosts","player_choice":"Became a Ghost","floor":21.0,"gold_loss":0.0,"damage_taken":0.0,"cards_obtained":["Ghostly","Ghostly","Ghostly"]},{"damage_healed":0.0,"max_hp_gain":0.0,"max_hp_loss":0.0,"gold_gain":0.0,"cards_transformed":["Strike_G","Strike_G"],"event_name":"Drug Dealer","player_choice":"Became Test Subject","floor":25.0,"gold_loss":0.0,"damage_taken":0.0,"cards_obtained":["Catalyst","Outmaneuver"]},{"cards_removed":["Outmaneuver"],"damage_healed":0.0,"max_hp_gain":0.0,"max_hp_loss":0.0,"gold_gain":0.0,"event_name":"Designer","player_choice":"Upgrade and Remove","floor":38.0,"gold_loss":110.0,"damage_taken":0.0,"cards_upgraded":["Accuracy"]},{"damage_healed":0.0,"max_hp_gain":0.0,"max_hp_loss":0.0,"gold_gain":0.0,"event_name":"Lab","player_choice":"Got Potions","floor":45.0,"gold_loss":0.0,"damage_taken":0.0}],"is_beta":true,"boss_relics":[{"not_picked":["Astrolabe","Runic Pyramid"],"picked":"Fusion Hammer"},{"not_picked":["SlaversCollar","Philosopher\u0027s Stone"],"picked":"WristBlade"}],"items_purged_floors":[31,54],"is_endless":false,"potions_floor_spawned":[5,11,14,16,18,22,24,27,28,29,30,33,35,36,37,39,40,42,44,46,47,48,55],"ascension_level":20}