{"gold_per_floor":[14,33,33,45,57,57,92,92,92,126,126,146,146,176,188,277,289,316,378,407,431,443,487,499,540,578,608,632,694,724,43,43,121,121,132,112,127,0,0,34,34,66,66,66,66,66,76,111,111,111],"floor_reached":50,"playtime":3234,"items_purged":["Strike_G"],"score":1506,"play_id":"aa34abff-d345-4eff-aa51-d326f2907962","local_time":"20210506004601","is_ascension_mode":true,"campfire_choices":[{"data":"1","floor":6,"key":"LIFT"},{"data":"2","floor":8,"key":"LIFT"},{"data":"3","floor":13,"key":"LIFT"},{"floor":15,"key":"REST"},{"data":"Blade Dance","floor":24,"key":"SMITH"},{"floor":32,"key":"REST"},{"floor":41,"key":"RECALL"},{"data":"Calculated Gamble","floor":46,"key":"SMITH"},{"data":"Malaise","floor":49,"key":"SMITH"}],"neow_cost":"NO_GOLD","seed_source_timestamp":571249593813200,"circlet_count":0,"master_deck":["AscendersBane","Defend_G","Defend_G","Defend_G","Defend_G","Defend_G","Survivor","Neutralize","Blade Dance+1","Dagger Throw","Blade Dance","Blade Dance+1","Calculated Gamble+1","Finisher","Malaise+1","PiercingWail","Dagger Throw","Unload","After Image","Tactician","Blade Dance+1","After Image","Corpse Explosion","PiercingWail","Acrobatics","Leg Sweep","Finesse","Trip","Underhanded Strike+1","PiercingWail","Eviscerate"],"relics":["Ring of the Snake","Girya","InkBottle","Tough Bandages","Calipers","MawBank","Empty Cage","Smiling Mask","The Courier","Vajra","Nunchaku","Omamori","DollysMirror","PreservedInsect","Regal Pillow","WristBlade","Red Mask","Juzu Bracelet","Art of War","Torii"],"potions_floor_usage":[7,7,10,21,23,33,50,50],"damage_taken":[{"damage":1,"enemies":"Small Slimes","floor":1,"turns":4},{"damage":1,"enemies":"2 Louse","floor":2,"turns":4},{"damage":0,"enemies":"Cultist","floor":4,"turns":4},{"damage":11,"enemies":"Exordium Wildlife","floor":5,"turns":4},{"damage":15,"enemies":"Lagavulin","floor":7,"turns":7},{"damage":0,"enemies":"3 Sentries","floor":10,"turns":4},{"damage":2,"enemies":"Gremlin Gang","floor":12,"turns":3},{"damage":15,"enemies":"The Guardian","floor":16,"turns":8},{"damage":0,"enemies":"Spheric Guardian","floor":18,"turns":1},{"damage":0,"enemies":"2 Thieves","floor":20,"turns":2},{"damage":0,"enemies":"3 Cultists","floor":21,"turns":5},{"damage":17,"enemies":"Slavers","floor":23,"turns":5},{"damage":0,"enemies":"Gremlin Leader","floor":25,"turns":5},{"damage":1,"enemies":"Snake Plant","floor":27,"turns":5},{"damage":0,"enemies":"Snecko","floor":28,"turns":3},{"damage":9,"enemies":"Shelled Parasite and Fungi","floor":30,"turns":3},{"damage":6,"enemies":"Collector","floor":33,"turns":6},{"damage":1,"enemies":"3 Shapes","floor":35,"turns":2},{"damage":0,"enemies":"3 Darklings","floor":37,"turns":2},{"damage":0,"enemies":"Giant Head","floor":40,"turns":2},{"damage":0,"enemies":"Reptomancer","floor":42,"turns":2},{"damage":2,"enemies":"4 Shapes","floor":47,"turns":4},{"damage":0,"enemies":"Giant Head","floor":48,"turns":3},{"damage":91,"enemies":"Time Eater","floor":50,"turns":15}],"seed_played":"-1116737085199462144","potions_obtained":[{"floor":1,"key":"Ancient Potion"},{"floor":2,"key":"DuplicationPotion"},{"floor":7,"key":"Explosive Potion"},{"floor":12,"key":"Swift Potion"},{"floor":20,"key":"EssenceOfSteel"},{"floor":27,"key":"Dexterity Potion"},{"floor":30,"key":"Strength Potion"},{"floor":33,"key":"Explosive Potion"},{"floor":37,"key":"SkillPotion"},{"floor":48,"key":"FearPotion"}],"is_trial":false,"path_per_floor":["M","M","?","M","M","R","E","R","T","E","?","M","R","?","R","B",null,"M","?","M","M","?","E","R","E","T","M","M","?","M","$","R","B",null,"M","$","M","?","?","E","R","E","T","?","?","R","M","E","R","B"],"character_chosen":"THE_SILENT","items_purchased":["Nunchaku","Omamori","DollysMirror","PreservedInsect","Regal Pillow","Acrobatics"],"campfire_rested":2,"item_purchase_floors":[31,31,31,31,31,36],"current_hp_per_floor":[58,57,57,57,46,46,31,31,31,31,24,22,22,22,41,26,56,56,56,56,56,56,39,39,39,39,38,38,38,29,29,63,57,64,63,63,63,63,53,53,53,53,53,53,53,53,51,51,51,0],"gold":111,"neow_bonus":"ONE_RARE_RELIC","is_prod":false,"is_daily":false,"chose_seed":false,"campfire_upgraded":3,"win_rate":0,"timestamp":1620287161,"path_taken":["M","M","?","M","M","R","E","R","T","E","?","M","R","?","R","BOSS","M","?","M","M","?","E","R","E","T","?","M","?","?","$","R","BOSS","M","$","M","?","?","E","R","E","T","?","?","R","M","E","R","BOSS"],"build_version":"2020-12-18","purchased_purges":1,"victory":false,"max_hp_per_floor":[66,66,66,66,66,66,66,66,66,66,66,66,66,66,66,66,66,66,66,66,66,66,66,66,66,66,66,66,66,66,66,66,66,66,66,66,66,66,66,66,66,66,66,66,63,63,63,63,63,63],"relic_stats":{"Regal Pillow":15,"Torii":13,"counters":[24,103],"PreservedInsect":322,"Juzu Bracelet":0,"MawBank":204,"Smiling Mask":10,"Tough Bandages":[498],"Nunchaku":[15],"Art of War":[5],"obtain_stats":[{"Girya":0,"Regal Pillow":31,"Calipers":10,"Torii":48,"Vajra":26,"The Courier":25,"PreservedInsect":31,"Omamori":31,"Juzu Bracelet":40,"MawBank":14,"Empty Cage":17,"Smiling Mask":23,"Tough Bandages":9,"Nunchaku":31,"WristBlade":34,"DollysMirror":31,"Red Mask":38,"Art of War":42,"InkBottle":7,"Ring of the Snake":0},{"Girya":0,"Regal Pillow":16,"Calipers":6,"Torii":23,"Vajra":13,"The Courier":13,"PreservedInsect":16,"Omamori":16,"Juzu Bracelet":20,"MawBank":7,"Empty Cage":8,"Smiling Mask":12,"Tough Bandages":5,"Nunchaku":16,"WristBlade":17,"DollysMirror":16,"Red Mask":19,"Art of War":21,"InkBottle":5,"Ring of the Snake":0},{"Girya":0,"Regal Pillow":67,"Calipers":27,"Torii":88,"Vajra":56,"The Courier":56,"PreservedInsect":67,"Omamori":67,"Juzu Bracelet":79,"MawBank":30,"Empty Cage":38,"Smiling Mask":51,"Tough Bandages":23,"Nunchaku":67,"WristBlade":73,"DollysMirror":67,"Red Mask":77,"Art of War":81,"InkBottle":23,"Ring of the Snake":0}],"InkBottle":[50],"Ring of the Snake":[48]},"card_choices":[{"not_picked":["Endless Agony","Bane"],"picked":"Blade Dance","floor":1},{"not_picked":["Backflip","Blur"],"picked":"Dagger Throw","floor":2},{"not_picked":["Distraction","Masterful Stab","Backflip"],"picked":"SKIP","floor":4},{"not_picked":["Dodge and Roll","Bane"],"picked":"Blade Dance","floor":5},{"not_picked":["Finisher","Venomology"],"picked":"Blade Dance","floor":7},{"not_picked":["Blade Dance","Escape Plan"],"picked":"Calculated Gamble","floor":10},{"not_picked":["Distraction","All Out Attack"],"picked":"Finisher","floor":12},{"not_picked":["Doppelganger","Tools of the Trade"],"picked":"Malaise","floor":16},{"not_picked":["Cloak And Dagger","Sucker Punch"],"picked":"Calculated Gamble","floor":18},{"not_picked":["Infinite Blades","Bane"],"picked":"PiercingWail","floor":20},{"not_picked":["Quick Slash","Terror"],"picked":"Dagger Throw","floor":21},{"not_picked":["Flying Knee","Outmaneuver"],"picked":"After Image","floor":23},{"not_picked":["Finisher","Underhanded Strike"],"picked":"Tactician","floor":25},{"not_picked":["Flying Knee","Dagger Throw"],"picked":"Blade Dance+1","floor":27},{"not_picked":["Quick Slash","Deadly Poison","Outmaneuver"],"picked":"SKIP","floor":28},{"not_picked":["Dodge and Roll","Sucker Punch","Blade Dance"],"picked":"SKIP","floor":30},{"not_picked":["A Thousand Cuts","Burst"],"picked":"Corpse Explosion","floor":33},{"not_picked":["Dagger Spray","Sucker Punch"],"picked":"PiercingWail","floor":35},{"not_picked":["Prepared","Underhanded Strike"],"picked":"Leg Sweep","floor":37},{"not_picked":["PanicButton","Mayhem"],"picked":"Finesse","floor":39},{"not_picked":["PanicButton","Impatience"],"picked":"Trip","floor":39},{"not_picked":["Dash+1","Backflip"],"picked":"Underhanded Strike+1","floor":40},{"not_picked":["Blade Dance","Expertise"],"picked":"PiercingWail","floor":42},{"not_picked":["Underhanded Strike","Outmaneuver"],"picked":"Eviscerate","floor":47},{"not_picked":["Storm of Steel","Sucker Punch","Blur"],"picked":"SKIP","floor":48}],"player_experience":3616647,"relics_obtained":[{"floor":7,"key":"InkBottle"},{"floor":9,"key":"Tough Bandages"},{"floor":10,"key":"Calipers"},{"floor":23,"key":"Smiling Mask"},{"floor":25,"key":"The Courier"},{"floor":26,"key":"Vajra"},{"floor":40,"key":"Juzu Bracelet"},{"floor":42,"key":"Art of War"},{"floor":48,"key":"Torii"}],"event_choices":[{"damage_healed":0,"gold_gain":0,"player_choice":"Grow","damage_taken":0,"max_hp_gain":0,"max_hp_loss":0,"event_name":"Living Wall","floor":3,"gold_loss":0,"cards_upgraded":["Blade Dance"]},{"cards_removed":["Strike_G"],"damage_healed":0,"gold_gain":0,"player_choice":"Card Removal","damage_taken":7,"max_hp_gain":0,"max_hp_loss":0,"event_name":"Golden Wing","floor":11,"gold_loss":0},{"damage_healed":0,"gold_gain":30,"player_choice":"Searched \u00273\u0027 times","damage_taken":0,"relics_obtained":["MawBank"],"max_hp_gain":0,"max_hp_loss":0,"event_name":"Dead Adventurer","floor":14,"gold_loss":0},{"damage_healed":0,"gold_gain":50,"player_choice":"Stole From Cult","damage_taken":0,"max_hp_gain":0,"max_hp_loss":0,"event_name":"Nest","floor":19,"gold_loss":0},{"damage_healed":0,"gold_gain":0,"cards_transformed":["Strike_G"],"player_choice":"Transformed","damage_taken":0,"max_hp_gain":0,"max_hp_loss":0,"event_name":"Transmorgrifier","floor":22,"gold_loss":0,"cards_obtained":["Unload"]},{"damage_healed":0,"gold_gain":100,"player_choice":"Bet on Murderer","damage_taken":0,"max_hp_gain":0,"max_hp_loss":0,"event_name":"The Joust","floor":29,"gold_loss":50},{"damage_healed":0,"gold_gain":0,"player_choice":"Paid","damage_taken":0,"relics_obtained":["Red Mask"],"max_hp_gain":0,"max_hp_loss":0,"event_name":"Tomb of Lord Red Mask","floor":38,"gold_loss":127},{"damage_healed":0,"gold_gain":0,"player_choice":"Memory 3","damage_taken":10,"max_hp_gain":0,"max_hp_loss":0,"event_name":"SensoryStone","floor":39,"gold_loss":0},{"cards_removed":["Calculated Gamble"],"damage_healed":0,"gold_gain":0,"player_choice":"Removed Skill","damage_taken":0,"max_hp_gain":0,"max_hp_loss":0,"event_name":"Falling","floor":44,"gold_loss":0},{"damage_healed":0,"gold_gain":0,"player_choice":"Max HP","damage_taken":0,"max_hp_gain":0,"max_hp_loss":3,"event_name":"Winding Halls","floor":45,"gold_loss":0}],"is_beta":true,"boss_relics":[{"not_picked":["Ring of the Serpent","Snecko Eye"],"picked":"Empty Cage"},{"not_picked":["Sozu","Velvet Choker"],"picked":"WristBlade"}],"items_purged_floors":[31],"is_endless":false,"potions_floor_spawned":[1,2,7,12,20,27,30,33,37,48],"killed_by":"Time Eater","ascension_level":20}