{"gold_per_floor":[115,128,144,144,144,144,174,248,272,285,285,313,327,387,387,387],"floor_reached":16,"playtime":907,"items_purged":[],"score":220,"play_id":"107918cd-b9d5-434a-9e2d-a5850eeb5506","local_time":"20210517131523","is_ascension_mode":true,"campfire_choices":[{"floor":6,"key":"REST"},{"floor":11,"key":"REST"},{"data":"Blade Dance","floor":15,"key":"SMITH"}],"neow_cost":"TEN_PERCENT_HP_LOSS","seed_source_timestamp":1568934997566500,"circlet_count":0,"master_deck":["AscendersBane","Strike_G","Strike_G","Strike_G","Strike_G","Defend_G","Defend_G","Defend_G","Defend_G+1","Survivor","Neutralize+1","Blade Dance+1","Dagger Spray+1","Dagger Throw","Malaise","Accuracy","Die Die Die","PiercingWail","Well Laid Plans"],"relics":["Ring of the Snake","Blood Vial","The Courier","Art of War","PreservedInsect","Strawberry"],"potions_floor_usage":[14],"damage_taken":[{"damage":2,"enemies":"2 Louse","floor":1,"turns":5},{"damage":0,"enemies":"Jaw Worm","floor":2,"turns":3},{"damage":11,"enemies":"Small Slimes","floor":3,"turns":4},{"damage":26,"enemies":"Lagavulin","floor":7,"turns":6},{"damage":8,"enemies":"Exordium Wildlife","floor":10,"turns":6},{"damage":25,"enemies":"Gremlin Nob","floor":12,"turns":4},{"damage":0,"enemies":"3 Louse","floor":13,"turns":2},{"damage":8,"enemies":"Lagavulin Event","floor":14,"turns":3},{"damage":60,"enemies":"Slime Boss","floor":16,"turns":6}],"seed_played":"6389846531577884619","potions_obtained":[{"floor":7,"key":"FairyPotion"},{"floor":10,"key":"LiquidBronze"},{"floor":12,"key":"CunningPotion"}],"is_trial":false,"path_per_floor":["M","M","M","?","?","R","E","T","T","M","R","E","M","?","R","B"],"character_chosen":"THE_SILENT","items_purchased":[],"campfire_rested":2,"item_purchase_floors":[],"current_hp_per_floor":[57,57,46,46,28,46,20,20,20,14,32,9,11,12,12,0],"gold":387,"neow_bonus":"REMOVE_TWO","is_prod":false,"is_daily":false,"chose_seed":false,"campfire_upgraded":1,"win_rate":0,"timestamp":1621282523,"path_taken":["M","M","M","?","?","R","E","?","T","M","R","E","M","?","R","BOSS"],"build_version":"2020-12-18","purchased_purges":0,"victory":false,"max_hp_per_floor":[60,60,60,60,60,60,60,60,60,60,60,60,60,67,67,67],"relic_stats":{"Blood Vial":10,"counters":[9,39],"PreservedInsect":29,"Art of War":[1],"obtain_stats":[{"Blood Vial":7,"Strawberry":14,"The Courier":8,"PreservedInsect":12,"Art of War":9,"Ring of the Snake":0},{"Blood Vial":4,"Strawberry":8,"The Courier":4,"PreservedInsect":6,"Art of War":4,"Ring of the Snake":0},{"Blood Vial":18,"Strawberry":33,"The Courier":18,"PreservedInsect":28,"Art of War":18,"Ring of the Snake":0}],"Ring of the Snake":[18]},"card_choices":[{"not_picked":["Underhanded Strike","Backflip"],"picked":"Blade Dance","floor":1},{"not_picked":["Flying Knee","Cloak And Dagger"],"picked":"Dagger Spray","floor":2},{"not_picked":["Blur","Deadly Poison"],"picked":"Dagger Throw","floor":3},{"not_picked":["Underhanded Strike","Masterful Stab"],"picked":"Malaise","floor":7},{"not_picked":["Dagger Spray","Quick Slash"],"picked":"Accuracy","floor":10},{"not_picked":["Sucker Punch","Bouncing Flask"],"picked":"Die Die Die","floor":12},{"not_picked":["Underhanded Strike","Choke"],"picked":"PiercingWail","floor":13},{"not_picked":["Slice","Bane"],"picked":"Well Laid Plans","floor":14}],"player_experience":3682906,"relics_obtained":[{"floor":7,"key":"Blood Vial"},{"floor":8,"key":"The Courier"},{"floor":9,"key":"Art of War"},{"floor":12,"key":"PreservedInsect"},{"floor":14,"key":"Strawberry"}],"event_choices":[{"damage_healed":0,"gold_gain":0,"player_choice":"Grow","damage_taken":0,"max_hp_gain":0,"max_hp_loss":0,"event_name":"Living Wall","floor":4,"gold_loss":0,"cards_upgraded":["Dagger Spray"]},{"damage_healed":0,"gold_gain":0,"player_choice":"Entered Light","damage_taken":18,"max_hp_gain":0,"max_hp_loss":0,"event_name":"Shining Light","floor":5,"gold_loss":0,"cards_upgraded":["Neutralize","Defend_G"]},{"damage_healed":0,"gold_gain":0,"player_choice":"Searched \u00272\u0027 times","damage_taken":0,"max_hp_gain":0,"max_hp_loss":0,"event_name":"Dead Adventurer","floor":14,"gold_loss":0}],"is_beta":true,"boss_relics":[],"items_purged_floors":[],"is_endless":false,"potions_floor_spawned":[7,10,12,13],"killed_by":"Slime Boss","ascension_level":20}