{"gold_per_floor":[119,119,135,135,153,188,188,188,188,188,223,243,283,5,5,105,105,135,144,24,39,39,39,71,71,145,188,222,256,256,274,274,379,379,406,436,234,234,234,287,314,354,363,413,471,157,185,199,199,199,199,199,199,90,132,132],"floor_reached":57,"playtime":7325,"items_purged":["Strike_G","Strike_G","Strike_G+1"],"score":3313,"play_id":"4d2ff355-9111-4275-b69e-9ffd49842073","local_time":"20210517181124","is_ascension_mode":true,"campfire_choices":[{"data":"Skewer","floor":8,"key":"SMITH"},{"data":"Blade Dance","floor":15,"key":"SMITH"},{"data":"Wraith Form v2","floor":23,"key":"SMITH"},{"data":"Footwork","floor":25,"key":"SMITH"},{"data":"Malaise","floor":30,"key":"SMITH"},{"data":"Blade Dance","floor":32,"key":"SMITH"},{"floor":49,"key":"RECALL"},{"data":"After Image","floor":53,"key":"SMITH"}],"neow_cost":"NONE","seed_source_timestamp":1580251634564800,"circlet_count":0,"master_deck":["AscendersBane","Defend_G+1","Defend_G+1","Defend_G+1","Defend_G+1","Defend_G+1","Survivor","Neutralize","Cloak And Dagger+1","Skewer+1","Dash","Accuracy","Burst+1","Blade Dance+1","Malaise+1","Blade Dance","Wraith Form v2+1","Blade Dance+1","Necronomicurse","Backflip+1","Footwork+1","Backflip","All Out Attack","Predator","Night Terror","Infinite Blades+1","Backflip","Well Laid Plans","Well Laid Plans+1","Thinking Ahead","Good Instincts","Impatience","Leg Sweep","Clumsy","Blade Dance","After Image+1","Dodge and Roll+1","Leg Sweep"],"relics":["Black Star","Golden Idol","Shuriken","Eternal Feather","Mummified Hand","Matryoshka","Mercury Hourglass","Bag of Preparation","CeramicFish","Sling","Philosopher\u0027s Stone","Necronomicon","Pen Nib","White Beast Statue","Blood Vial","Happy Flower","Mango","Oddly Smooth Stone","Cursed Key","Kunai","Dead Branch","Turnip","War Paint","Nunchaku","Singing Bowl","Lantern","Snake Skull","Lizard Tail","Potion Belt","InkBottle","Pear"],"potions_floor_usage":[11,13,13,28,50,51,56,56,56],"damage_taken":[{"damage":6,"enemies":"Jaw Worm","floor":1,"turns":8},{"damage":1,"enemies":"Small Slimes","floor":3,"turns":3},{"damage":0,"enemies":"2 Louse","floor":5,"turns":3},{"damage":31,"enemies":"Gremlin Nob","floor":6,"turns":5},{"damage":10,"enemies":"3 Sentries","floor":11,"turns":9},{"damage":2,"enemies":"Large Slime","floor":12,"turns":5},{"damage":0,"enemies":"Lagavulin","floor":13,"turns":4},{"damage":3,"enemies":"Hexaghost","floor":16,"turns":7},{"damage":0,"enemies":"3 Byrds","floor":18,"turns":4},{"damage":2,"enemies":"Shell Parasite","floor":21,"turns":3},{"damage":0,"enemies":"Snake Plant","floor":24,"turns":5},{"damage":8,"enemies":"Book of Stabbing","floor":27,"turns":3},{"damage":0,"enemies":"Snecko","floor":28,"turns":3},{"damage":0,"enemies":"Gremlin Leader","floor":29,"turns":4},{"damage":30,"enemies":"Champ","floor":33,"turns":10},{"damage":2,"enemies":"3 Darklings","floor":35,"turns":3},{"damage":0,"enemies":"Orb Walker","floor":36,"turns":3},{"damage":0,"enemies":"Reptomancer","floor":40,"turns":4},{"damage":0,"enemies":"Nemesis","floor":42,"turns":3},{"damage":0,"enemies":"Reptomancer","floor":44,"turns":5},{"damage":0,"enemies":"2 Orb Walkers","floor":45,"turns":3},{"damage":0,"enemies":"4 Shapes","floor":47,"turns":3},{"damage":0,"enemies":"Sphere and 2 Shapes","floor":48,"turns":3},{"damage":14,"enemies":"Donu and Deca","floor":50,"turns":3},{"damage":0,"enemies":"Time Eater","floor":51,"turns":11},{"damage":0,"enemies":"Shield and Spear","floor":55,"turns":4},{"damage":2,"enemies":"The Heart","floor":56,"turns":8}],"seed_played":"3240712233892270906","potions_obtained":[{"floor":5,"key":"Block Potion"},{"floor":11,"key":"FearPotion"},{"floor":12,"key":"Poison Potion"},{"floor":16,"key":"Dexterity Potion"},{"floor":27,"key":"Dexterity Potion"},{"floor":28,"key":"Strength Potion"},{"floor":29,"key":"Dexterity Potion"},{"floor":33,"key":"FearPotion"},{"floor":44,"key":"CultistPotion"},{"floor":47,"key":"FearPotion"},{"floor":48,"key":"AttackPotion"},{"floor":55,"key":"Dexterity Potion"}],"is_trial":false,"path_per_floor":["M","?","M","?","M","E","?","R","T","T","E","M","E","$","R","B",null,"M","?","$","M","?","R","M","R","T","E","M","E","R","?","R","B",null,"M","M","$","?","?","E","?","E","T","E","?","$","M","M","R","B","B",null,"R","$","E","B",null],"character_chosen":"THE_SILENT","items_purchased":["Sling","Blade Dance","Backflip","Well Laid Plans","After Image","Potion Belt","SkillPotion","BlessingOfTheForge"],"campfire_rested":0,"item_purchase_floors":[14,14,20,37,46,46,54,54],"current_hp_per_floor":[53,53,52,52,52,21,21,30,30,30,20,18,18,18,30,27,52,52,31,31,29,29,41,41,53,53,45,47,63,74,74,74,44,67,67,69,69,69,69,70,60,62,62,64,68,68,70,74,74,60,62,71,74,74,84,82],"gold":132,"neow_bonus":"BOSS_RELIC","is_prod":false,"is_daily":false,"chose_seed":false,"campfire_upgraded":7,"win_rate":0,"timestamp":1621300284,"path_taken":["M","?","M","?","M","E","?","R","T","?","E","M","E","$","R","BOSS","M","?","$","M","?","R","M","R","T","E","M","E","R","?","R","BOSS","M","M","$","?","?","E","?","E","T","E","?","?","?","M","R","BOSS","BOSS","R","$","E","BOSS"],"build_version":"2020-12-18","purchased_purges":3,"victory":true,"max_hp_per_floor":[66,66,66,60,60,60,60,60,60,60,60,60,60,60,60,60,60,60,60,60,60,60,60,60,60,60,60,60,74,74,74,74,74,74,74,74,74,70,70,70,70,70,70,70,72,72,72,74,74,74,74,74,74,74,84,84],"relic_stats":{"Happy Flower":[23],"Singing Bowl":4,"counters":[27,129],"Golden Idol":212,"CeramicFish":216,"Dead Branch":[179],"Eternal Feather":59,"Pen Nib":[31],"Snake Skull":[44],"Bag of Preparation":[40],"War Paint":["Backflip","Burst"],"Cursed Key":1,"Mercury Hourglass":[379],"Blood Vial":21,"Nunchaku":[17],"Lizard Tail":0,"Shuriken":[104],"Mummified Hand":[122],"Turnip":[9],"Black Star":9,"Necronomicon":[26],"Kunai":[53],"obtain_stats":[{"Lantern":44,"Singing Bowl":43,"CeramicFish":13,"Mango":29,"Snake Skull":44,"Bag of Preparation":13,"Sling":14,"Cursed Key":34,"Blood Vial":27,"Nunchaku":43,"Lizard Tail":45,"Matryoshka":11,"Mummified Hand":10,"Philosopher\u0027s Stone":17,"Necronomicon":19,"Kunai":40,"InkBottle":55,"Ring of the Snake":0,"Potion Belt":46,"Pear":55,"Happy Flower":27,"Golden Idol":4,"Dead Branch":40,"Oddly Smooth Stone":29,"Eternal Feather":6,"Pen Nib":26,"War Paint":42,"White Beast Statue":26,"Mercury Hourglass":11,"Shuriken":6,"Turnip":42,"Black Star":0},{"Lantern":20,"Singing Bowl":19,"CeramicFish":7,"Mango":14,"Snake Skull":20,"Bag of Preparation":7,"Sling":7,"Cursed Key":15,"Blood Vial":12,"Nunchaku":19,"Lizard Tail":21,"Matryoshka":5,"Mummified Hand":4,"Philosopher\u0027s Stone":8,"Necronomicon":9,"Kunai":18,"InkBottle":26,"Ring of the Snake":0,"Potion Belt":21,"Pear":26,"Happy Flower":12,"Golden Idol":2,"Dead Branch":18,"Oddly Smooth Stone":14,"Eternal Feather":4,"Pen Nib":11,"War Paint":19,"White Beast Statue":11,"Mercury Hourglass":5,"Shuriken":4,"Turnip":19,"Black Star":0},{"Lantern":94,"Singing Bowl":89,"CeramicFish":37,"Mango":66,"Snake Skull":94,"Bag of Preparation":37,"Sling":37,"Cursed Key":76,"Blood Vial":59,"Nunchaku":89,"Lizard Tail":97,"Matryoshka":28,"Mummified Hand":19,"Philosopher\u0027s Stone":44,"Necronomicon":48,"Kunai":86,"InkBottle":121,"Ring of the Snake":0,"Potion Belt":97,"Pear":121,"Happy Flower":59,"Golden Idol":11,"Dead Branch":86,"Oddly Smooth Stone":66,"Eternal Feather":19,"Pen Nib":56,"War Paint":89,"White Beast Statue":56,"Mercury Hourglass":28,"Shuriken":19,"Turnip":89,"Black Star":0}],"InkBottle":[7]},"card_choices":[{"not_picked":["Concentrate","Acrobatics"],"picked":"Cloak And Dagger","floor":1},{"not_picked":["Escape Plan","Outmaneuver"],"picked":"Skewer","floor":3},{"not_picked":["Catalyst","Backflip"],"picked":"Dash","floor":5},{"not_picked":["Slice","Infinite Blades"],"picked":"Accuracy","floor":6},{"not_picked":["Acrobatics","Concentrate"],"picked":"Burst","floor":11},{"not_picked":["Quick Slash","Sucker Punch"],"picked":"Blade Dance","floor":12},{"not_picked":["Setup","Flying Knee"],"picked":"Malaise","floor":13},{"not_picked":["Doppelganger","Unload"],"picked":"Wraith Form v2","floor":16},{"not_picked":["Poisoned Stab","PiercingWail+1"],"picked":"Blade Dance","floor":18},{"not_picked":["Prepared","Bane","Deadly Poison"],"picked":"SKIP","floor":21},{"not_picked":["Leg Sweep","Deadly Poison"],"picked":"Footwork","floor":24},{"not_picked":["Distraction","Prepared","Quick Slash"],"picked":"SKIP","floor":27},{"not_picked":["Tactician","Infinite Blades"],"picked":"Backflip","floor":28},{"not_picked":["Poisoned Stab","Flechettes","Flying Knee"],"picked":"SKIP","floor":29},{"not_picked":["Venomology","Adrenaline"],"picked":"Night Terror","floor":33},{"not_picked":["Reflex","Outmaneuver"],"picked":"Infinite Blades+1","floor":35},{"not_picked":["Concentrate+1","Dodge and Roll"],"picked":"Backflip","floor":36},{"not_picked":["Outmaneuver+1","Flechettes"],"picked":"Well Laid Plans+1","floor":40},{"not_picked":["Enlightenment","Panacea"],"picked":"Thinking Ahead","floor":41},{"not_picked":["Forethought","Blind"],"picked":"Good Instincts","floor":41},{"not_picked":["Good Instincts","Sadistic Nature"],"picked":"Impatience","floor":41},{"not_picked":["Distraction","Backstab"],"picked":"Leg Sweep","floor":42},{"not_picked":["Reflex","Deflect"],"picked":"Blade Dance","floor":44},{"not_picked":["Blade Dance","Deadly Poison","Endless Agony"],"picked":"Singing Bowl","floor":45},{"not_picked":["Prepared","Escape Plan+1"],"picked":"Dodge and Roll+1","floor":47},{"not_picked":["Flying Knee","Poisoned Stab","Bane"],"picked":"Singing Bowl","floor":48},{"not_picked":["Slice+1","Choke+1"],"picked":"Leg Sweep","floor":55}],"player_experience":3684558,"relics_obtained":[{"floor":6,"key":"Shuriken"},{"floor":6,"key":"Eternal Feather"},{"floor":10,"key":"Mummified Hand"},{"floor":11,"key":"Matryoshka"},{"floor":11,"key":"Mercury Hourglass"},{"floor":13,"key":"Bag of Preparation"},{"floor":13,"key":"CeramicFish"},{"floor":19,"key":"Necronomicon"},{"floor":26,"key":"Pen Nib"},{"floor":26,"key":"White Beast Statue"},{"floor":27,"key":"Blood Vial"},{"floor":27,"key":"Happy Flower"},{"floor":29,"key":"Mango"},{"floor":29,"key":"Oddly Smooth Stone"},{"floor":40,"key":"Kunai"},{"floor":40,"key":"Dead Branch"},{"floor":42,"key":"Turnip"},{"floor":42,"key":"War Paint"},{"floor":43,"key":"Nunchaku"},{"floor":43,"key":"Singing Bowl"},{"floor":44,"key":"Lantern"},{"floor":44,"key":"Snake Skull"},{"floor":45,"key":"Lizard Tail"},{"floor":55,"key":"InkBottle"},{"floor":55,"key":"Pear"}],"event_choices":[{"damage_healed":0,"gold_gain":0,"player_choice":"Grow","damage_taken":0,"max_hp_gain":0,"max_hp_loss":0,"event_name":"Living Wall","floor":2,"gold_loss":0,"cards_upgraded":["Cloak And Dagger"]},{"damage_healed":0,"gold_gain":0,"player_choice":"Lose Max HP","damage_taken":0,"relics_obtained":["Golden Idol"],"max_hp_gain":0,"max_hp_loss":6,"event_name":"Golden Idol","floor":4,"gold_loss":0},{"damage_healed":0,"gold_gain":0,"player_choice":"Ignored","damage_taken":0,"max_hp_gain":0,"max_hp_loss":0,"event_name":"Liars Game","floor":7,"gold_loss":0},{"damage_healed":0,"gold_gain":0,"player_choice":"Obtained Book","damage_taken":21,"max_hp_gain":0,"max_hp_loss":0,"event_name":"Cursed Tome","floor":19,"gold_loss":0},{"damage_healed":0,"gold_gain":0,"player_choice":"Simplicity","damage_taken":0,"max_hp_gain":0,"max_hp_loss":0,"event_name":"Back to Basics","floor":22,"gold_loss":0,"cards_upgraded":["Strike_G","Strike_G","Strike_G","Defend_G","Defend_G","Defend_G","Defend_G","Defend_G"]},{"damage_healed":0,"gold_gain":0,"cards_transformed":["Strike_G","Strike_G"],"player_choice":"Became Test Subject","damage_taken":0,"max_hp_gain":0,"max_hp_loss":0,"event_name":"Drug Dealer","floor":31,"gold_loss":0,"cards_obtained":["All Out Attack","Predator"]},{"damage_healed":0,"gold_gain":0,"player_choice":"Max HP","damage_taken":0,"max_hp_gain":0,"max_hp_loss":4,"event_name":"Winding Halls","floor":38,"gold_loss":0},{"damage_healed":0,"gold_gain":0,"player_choice":"Ignored","damage_taken":0,"max_hp_gain":0,"max_hp_loss":0,"event_name":"Tomb of Lord Red Mask","floor":39,"gold_loss":0},{"damage_healed":0,"gold_gain":0,"player_choice":"Memory 3","damage_taken":10,"max_hp_gain":0,"max_hp_loss":0,"event_name":"SensoryStone","floor":41,"gold_loss":0},{"damage_healed":0,"gold_gain":0,"player_choice":"Fight","damage_taken":0,"max_hp_gain":0,"max_hp_loss":0,"event_name":"Mysterious Sphere","floor":45,"gold_loss":0}],"is_beta":true,"boss_relics":[{"not_picked":["Tiny House","Empty Cage"],"picked":"Philosopher\u0027s Stone"},{"not_picked":["WristBlade","HoveringKite"],"picked":"Cursed Key"}],"items_purged_floors":[14,20,37],"is_endless":false,"potions_floor_spawned":[5,11,12,16,27,28,29,33,35,36,40,42,44,45,47,48,55],"ascension_level":20}