{"gold_per_floor":[110,128,128,141,12,12,41,41,68,78,91,122,122,141,141,214,214,228,228,238,257,9,9,37,37,61,61,5,36,66,10,10,82,82,96,1095,722,722,722,722,748,970,995,1029,1042,1042,1042,546,546,546,546,546,546,105,132,132],"floor_reached":57,"playtime":4275,"items_purged":["Strike_G","Normality","Normality","Strike_G"],"score":2704,"play_id":"ee1eb56e-7187-438d-b349-f64e8cf3176d","local_time":"20210516225236","is_ascension_mode":true,"campfire_choices":[{"data":"Dagger Spray","floor":6.0,"key":"SMITH"},{"data":"All Out Attack","floor":13.0,"key":"SMITH"},{"data":"Wraith Form v2","floor":15.0,"key":"SMITH"},{"data":"Predator","floor":23,"key":"SMITH"},{"data":"Wraith Form v2","floor":25,"key":"SMITH"},{"floor":27,"key":"REST"},{"data":"Deadly Poison","floor":32,"key":"SMITH"},{"floor":40,"key":"REST"},{"floor":46,"key":"RECALL"},{"floor":49,"key":"REST"},{"floor":53,"key":"REST"}],"neow_cost":"NONE","seed_source_timestamp":0,"circlet_count":0,"master_deck":["AscendersBane","Defend_G","Defend_G+1","Defend_G+1","Defend_G","Defend_G","Survivor","Neutralize","Noxious Fumes+1","All Out Attack+1","Dagger Spray+1","Acrobatics","Deadly Poison+1","Wraith Form v2+1","Wraith Form v2+1","Bullet Time+1","Bullet Time+1","Finisher+1","Crippling Poison+1","Acrobatics","Leg Sweep","Well Laid Plans","Predator+1","Calculated Gamble","Catalyst","PanicButton","Secret Technique","Burst","Noxious Fumes+1","Apotheosis","Envenom+1","Acrobatics","Footwork+1","Catalyst","Footwork+1"],"special_seed":0,"relics":["Velvet Choker","War Paint","Mummified Hand","Regal Pillow","Letter Opener","Astrolabe","Juzu Bracelet","Ancient Tea Set","Red Mask","Snake Skull","Runic Pyramid","Membership Card","CaptainsWheel","Torii","Nunchaku","Frozen Egg 2","TwistedFunnel","ClockworkSouvenir","Shuriken","Anchor"],"potions_floor_usage":[24,29,30,44,50],"damage_taken":[{"damage":3.0,"enemies":"2 Louse","floor":1.0,"turns":3.0},{"damage":0.0,"enemies":"Cultist","floor":2.0,"turns":4.0},{"damage":1.0,"enemies":"Small Slimes","floor":4.0,"turns":4.0},{"damage":2.0,"enemies":"3 Sentries","floor":7.0,"turns":6.0},{"damage":0.0,"enemies":"2 Fungi Beasts","floor":10.0,"turns":2.0},{"damage":3.0,"enemies":"Exordium Thugs","floor":11.0,"turns":4.0},{"damage":2.0,"enemies":"Lagavulin","floor":12.0,"turns":6.0},{"damage":2.0,"enemies":"Exordium Wildlife","floor":14.0,"turns":3.0},{"damage":18.0,"enemies":"Slime Boss","floor":16.0,"turns":10.0},{"damage":11,"enemies":"Shell Parasite","floor":18,"turns":7},{"damage":4,"enemies":"3 Byrds","floor":20,"turns":4},{"damage":3,"enemies":"Snake Plant","floor":21,"turns":5},{"damage":13,"enemies":"Slavers","floor":24,"turns":3},{"damage":0,"enemies":"Masked Bandits","floor":29,"turns":2},{"damage":15,"enemies":"Book of Stabbing","floor":30,"turns":6},{"damage":27,"enemies":"Collector","floor":33,"turns":7},{"damage":9,"enemies":"Orb Walker","floor":35,"turns":5},{"damage":4,"enemies":"Nemesis","floor":41,"turns":11},{"damage":20,"enemies":"Reptomancer","floor":44,"turns":7},{"damage":17,"enemies":"3 Shapes","floor":45,"turns":3},{"damage":26,"enemies":"Time Eater","floor":50,"turns":7},{"damage":26,"enemies":"Donu and Deca","floor":51,"turns":9},{"damage":4,"enemies":"Shield and Spear","floor":55,"turns":6},{"damage":25,"enemies":"The Heart","floor":56,"turns":7}],"seed_played":"5532174024692054047","potions_obtained":[{"floor":2.0,"key":"BlessingOfTheForge"},{"floor":10.0,"key":"Swift Potion"},{"floor":12.0,"key":"Dexterity Potion"},{"floor":24,"key":"DuplicationPotion"},{"floor":33,"key":"SkillPotion"},{"floor":55,"key":"SkillPotion"}],"is_trial":false,"path_per_floor":["M","M","?","M","$","R","E","?","T","M","M","E","R","M","R","B",null,"M","?","M","M","$","R","E","R","T","R","$","?","E","$","R","B",null,"M","?","$","?","?","R","E","?","T","E","M","R","?","$","R","B","B",null,"R","$","E","B",null],"character_chosen":"THE_SILENT","items_purchased":["Fire Potion","Leg Sweep","Well Laid Plans","Predator","FearPotion","Dexterity Potion","Membership Card","CaptainsWheel","Frozen Egg 2","TwistedFunnel","Apotheosis","Envenom+1","Acrobatics","Footwork+1","Catalyst","ClockworkSouvenir","Energy Potion","LiquidMemories","Shuriken"],"campfire_rested":4,"item_purchase_floors":[5,22,22,22,28,31,37,37,48,48,48,48,48,54,54,54,54,54,54],"current_hp_per_floor":[56,56,45,44,44,44,42,42,42,42,39,37,37,35,35,17,54,43,43,39,36,36,36,23,23,23,57,57,57,42,42,42,15,53,44,44,44,44,34,63,59,59,59,39,22,22,22,22,55,29,3,48,63,63,59,34],"gold":132,"neow_bonus":"BOSS_RELIC","is_prod":false,"is_daily":false,"chose_seed":false,"campfire_upgraded":6,"win_rate":0,"timestamp":1621230756,"path_taken":["M","M","?","M","$","R","E","?","T","M","?","E","R","M","R","BOSS","M","?","M","M","$","R","E","R","T","R","$","?","E","$","R","BOSS","M","?","$","?","?","R","E","?","T","E","M","R","?","$","R","BOSS","BOSS","R","$","E","BOSS"],"build_version":"2020-12-18","purchased_purges":4,"victory":true,"max_hp_per_floor":[66,66,66,66,66,66,66,66,66,66,66,66,66,66,66,66,66,66,66,66,66,66,66,66,66,66,66,66,66,66,66,66,66,66,66,66,66,63,63,63,63,63,63,63,63,63,63,63,63,63,63,63,63,63,63,63],"relic_stats":{"Regal Pillow":41,"Nunchaku":[2],"Torii":8,"counters":[24,131],"Mummified Hand":[58],"Shuriken":[0],"Astrolabe":["Bullet Time","Bullet Time","Finisher"],"Snake Skull":[136],"Juzu Bracelet":1,"Letter Opener":[307],"War Paint":["Defend_G","Defend_G"],"obtain_stats":[{"TwistedFunnel":48,"Regal Pillow":9,"Torii":41,"Astrolabe":17,"Velvet Choker":0,"Snake Skull":30,"Juzu Bracelet":24,"Letter Opener":12,"War Paint":3,"Frozen Egg 2":48,"Ancient Tea Set":26,"ClockworkSouvenir":54,"CaptainsWheel":37,"Nunchaku":44,"Anchor":55,"Mummified Hand":7,"Shuriken":54,"Red Mask":29,"Membership Card":37,"Ring of the Snake":0,"Runic Pyramid":34},{"TwistedFunnel":20,"Regal Pillow":4,"Torii":18,"Astrolabe":9,"Velvet Choker":0,"Snake Skull":15,"Juzu Bracelet":13,"Letter Opener":7,"War Paint":2,"Frozen Egg 2":20,"Ancient Tea Set":13,"ClockworkSouvenir":22,"CaptainsWheel":17,"Nunchaku":19,"Anchor":23,"Mummified Hand":4,"Shuriken":22,"Red Mask":14,"Membership Card":17,"Ring of the Snake":0,"Runic Pyramid":16},{"TwistedFunnel":102,"Regal Pillow":17,"Torii":92,"Astrolabe":42,"Velvet Choker":0,"Snake Skull":69,"Juzu Bracelet":61,"Letter Opener":29,"War Paint":7,"Frozen Egg 2":102,"Ancient Tea Set":61,"ClockworkSouvenir":118,"CaptainsWheel":81,"Nunchaku":99,"Anchor":124,"Mummified Hand":17,"Shuriken":118,"Red Mask":63,"Membership Card":81,"Ring of the Snake":0,"Runic Pyramid":76}]},"card_choices":[{"not_picked":["Deflect","Flechettes"],"picked":"Noxious Fumes","floor":1.0},{"not_picked":["Blade Dance","Quick Slash"],"picked":"All Out Attack","floor":2.0},{"not_picked":["Noxious Fumes","Endless Agony"],"picked":"Dagger Spray","floor":4.0},{"not_picked":["Underhanded Strike","Cloak And Dagger"],"picked":"Acrobatics","floor":7.0},{"not_picked":["Calculated Gamble","Cloak And Dagger"],"picked":"Deadly Poison","floor":10.0},{"not_picked":["Dodge and Roll","All Out Attack","Blade Dance"],"picked":"SKIP","floor":11.0},{"not_picked":["Dodge and Roll","Outmaneuver","Blade Dance"],"picked":"SKIP","floor":12.0},{"not_picked":["Bouncing Flask","Footwork"],"picked":"Wraith Form v2","floor":14.0},{"not_picked":["Phantasmal Killer","A Thousand Cuts"],"picked":"Wraith Form v2","floor":16.0},{"not_picked":["Slice","Flying Knee+1","Quick Slash"],"picked":"SKIP","floor":18},{"not_picked":["PiercingWail","Slice+1"],"picked":"Crippling Poison+1","floor":20},{"not_picked":["Underhanded Strike","Escape Plan"],"picked":"Acrobatics","floor":21},{"not_picked":["Poisoned Stab","Masterful Stab"],"picked":"Calculated Gamble","floor":24},{"not_picked":["Bullet Time","Choke","Dagger Throw"],"picked":"SKIP","floor":30},{"not_picked":["Escape Plan+1","Poisoned Stab"],"picked":"Catalyst","floor":35},{"not_picked":["Panache","Good Instincts"],"picked":"PanicButton","floor":39},{"not_picked":["The Bomb","Panacea"],"picked":"Secret Technique","floor":39},{"not_picked":["Bane","Prepared"],"picked":"Burst","floor":41},{"not_picked":["Sucker Punch+1","Flying Knee","Tactician"],"picked":"SKIP","floor":44},{"not_picked":["Deadly Poison","Sucker Punch"],"picked":"Noxious Fumes+1","floor":45},{"not_picked":["Dodge and Roll+1","Reflex"],"picked":"Footwork+1","floor":55}],"player_experience":3678631,"relics_obtained":[{"floor":7.0,"key":"Mummified Hand"},{"floor":9.0,"key":"Regal Pillow"},{"floor":12.0,"key":"Letter Opener"},{"floor":24,"key":"Juzu Bracelet"},{"floor":26,"key":"Ancient Tea Set"},{"floor":29,"key":"Red Mask"},{"floor":30,"key":"Snake Skull"},{"floor":41,"key":"Torii"},{"floor":44,"key":"Nunchaku"},{"floor":55,"key":"Anchor"}],"event_choices":[{"damage_healed":0.0,"max_hp_gain":0.0,"max_hp_loss":0.0,"gold_gain":0.0,"event_name":"Scrap Ooze","player_choice":"Success","floor":3.0,"gold_loss":0.0,"damage_taken":11.0,"relics_obtained":["War Paint"]},{"damage_healed":0.0,"max_hp_gain":0.0,"max_hp_loss":0.0,"gold_gain":0.0,"event_name":"Upgrade Shrine","player_choice":"Upgraded","floor":8.0,"gold_loss":0.0,"damage_taken":0.0,"cards_upgraded":["Noxious Fumes"]},{"damage_healed":0,"gold_gain":0,"player_choice":"Ignored","damage_taken":0,"max_hp_gain":0,"max_hp_loss":0,"event_name":"Vampires","floor":19,"gold_loss":0},{"damage_healed":0,"gold_gain":0,"player_choice":"Fought Bandits","damage_taken":0,"max_hp_gain":0,"max_hp_loss":0,"event_name":"Masked Bandits","floor":29,"gold_loss":0},{"damage_healed":0,"gold_gain":999,"player_choice":"Gold","damage_taken":0,"max_hp_gain":0,"max_hp_loss":0,"event_name":"MindBloom","floor":36,"gold_loss":0,"cards_obtained":["Normality","Normality"]},{"damage_healed":0,"gold_gain":0,"player_choice":"Max HP","damage_taken":0,"max_hp_gain":0,"max_hp_loss":3,"event_name":"Winding Halls","floor":38,"gold_loss":0},{"damage_healed":0,"gold_gain":0,"player_choice":"Memory 3","damage_taken":10,"max_hp_gain":0,"max_hp_loss":0,"event_name":"SensoryStone","floor":39,"gold_loss":0},{"damage_healed":0,"gold_gain":222,"player_choice":"Wore Mask","damage_taken":0,"max_hp_gain":0,"max_hp_loss":0,"event_name":"Tomb of Lord Red Mask","floor":42,"gold_loss":0},{"damage_healed":0,"gold_gain":0,"player_choice":"Ignored","damage_taken":0,"max_hp_gain":0,"max_hp_loss":0,"event_name":"The Moai Head","floor":47,"gold_loss":0}],"is_beta":true,"boss_relics":[{"not_picked":["SlaversCollar","SacredBark"],"picked":"Astrolabe"},{"not_picked":["Sozu","Snecko Eye"],"picked":"Runic Pyramid"}],"items_purged_floors":[5,37,48,54],"is_endless":false,"potions_floor_spawned":[2,10,12,24,33,35,41,55],"ascension_level":20}