{"gold_per_floor":[209,220,238,163,181,181,216,236,287,287,303,335,335,4,4,79,79,93,93,106,12,23,23,49,49,49,76,90,90,116,135,135,212,212,226,226,97,108,0,19,19,49,72,88,101,101,136,136,136,136,136,136,136,32,60,60],"floor_reached":57,"playtime":4644,"items_purged":["Strike_G","Strike_G","Strike_G"],"score":3164,"play_id":"bdfe9e67-25ef-4879-8385-dad8c3aaa8a9","local_time":"20210515205735","is_ascension_mode":true,"campfire_choices":[{"data":"Blade Dance","floor":6.0,"key":"SMITH"},{"data":"Quick Slash","floor":10.0,"key":"SMITH"},{"data":"Adrenaline","floor":15.0,"key":"SMITH"},{"floor":23.0,"key":"REST"},{"data":"Well Laid Plans","floor":25.0,"key":"SMITH"},{"floor":29.0,"key":"REST"},{"data":"Footwork","floor":32.0,"key":"SMITH"},{"floor":41,"key":"RECALL"},{"floor":46,"key":"REST"},{"floor":49,"key":"REST"},{"floor":53,"key":"REST"}],"neow_cost":"NONE","seed_source_timestamp":0,"circlet_count":0,"master_deck":["AscendersBane","Strike_G+1","Defend_G","Defend_G","Defend_G","Defend_G","Defend_G","Survivor","Neutralize","Blade Dance+1","Quick Slash+1","Accuracy","Adrenaline+1","Backflip","Glass Knife+1","Footwork+1","Well Laid Plans+1","Caltrops+1","Concentrate+1","Blade Dance","Backflip+1","Wraith Form v2","Acrobatics+1","Blur+1","Calculated Gamble","Footwork","Dodge and Roll","PiercingWail+1"],"special_seed":0,"relics":["Ring of the Snake","PreservedInsect","Smiling Mask","HornCleat","Dead Branch","SlaversCollar","Nilry\u0027s Codex","Nunchaku","Shuriken","Ice Cream","Bag of Preparation","Fusion Hammer","Red Mask","Centennial Puzzle","MealTicket","Whetstone"],"potions_floor_usage":[42,56,56],"damage_taken":[{"damage":8.0,"enemies":"Cultist","floor":1.0,"turns":5.0},{"damage":0.0,"enemies":"2 Louse","floor":2.0,"turns":3.0},{"damage":0.0,"enemies":"Small Slimes","floor":3.0,"turns":3.0},{"damage":3.0,"enemies":"3 Louse","floor":5.0,"turns":4.0},{"damage":2.0,"enemies":"Lagavulin","floor":7.0,"turns":5.0},{"damage":3.0,"enemies":"Looter","floor":8.0,"turns":3.0},{"damage":0.0,"enemies":"Exordium Thugs","floor":11.0,"turns":4.0},{"damage":10.0,"enemies":"3 Sentries","floor":12.0,"turns":5.0},{"damage":23.0,"enemies":"The Guardian","floor":16.0,"turns":10.0},{"damage":2.0,"enemies":"3 Byrds","floor":18.0,"turns":4.0},{"damage":0.0,"enemies":"Spheric Guardian","floor":20.0,"turns":3.0},{"damage":3.0,"enemies":"3 Cultists","floor":22.0,"turns":5.0},{"damage":5.0,"enemies":"Slavers","floor":24.0,"turns":3.0},{"damage":0.0,"enemies":"Gremlin Leader","floor":27.0,"turns":3.0},{"damage":4.0,"enemies":"Shelled Parasite and Fungi","floor":28.0,"turns":3.0},{"damage":7.0,"enemies":"Slavers","floor":30.0,"turns":3.0},{"damage":0.0,"enemies":"Cultist and Chosen","floor":31.0,"turns":2.0},{"damage":0.0,"enemies":"Champ","floor":33.0,"turns":5.0},{"damage":0,"enemies":"3 Shapes","floor":35,"turns":3},{"damage":0,"enemies":"Orb Walker","floor":38,"turns":2},{"damage":0,"enemies":"Maw","floor":40,"turns":4},{"damage":0,"enemies":"Nemesis","floor":42,"turns":1},{"damage":17,"enemies":"Transient","floor":44,"turns":6},{"damage":0,"enemies":"Sphere and 2 Shapes","floor":45,"turns":4},{"damage":0,"enemies":"Reptomancer","floor":47,"turns":5},{"damage":0,"enemies":"Awakened One","floor":50,"turns":7},{"damage":18,"enemies":"Time Eater","floor":51,"turns":12},{"damage":0,"enemies":"Shield and Spear","floor":55,"turns":2},{"damage":44,"enemies":"The Heart","floor":56,"turns":12}],"seed_played":"-4012999782386031681","potions_obtained":[{"floor":1.0,"key":"FearPotion"},{"floor":2.0,"key":"CultistPotion"},{"floor":8.0,"key":"Swift Potion"},{"floor":18.0,"key":"AttackPotion"},{"floor":27.0,"key":"EssenceOfSteel"},{"floor":30.0,"key":"Fruit Juice"},{"floor":42,"key":"Dexterity Potion"},{"floor":47,"key":"SkillPotion"}],"is_trial":false,"path_per_floor":["M","M","M","?","M","R","E","M","T","R","M","E","?","$","R","B",null,"M","?","M","$","M","R","E","R","T","E","M","R","E","M","R","B",null,"M","?","$","M","?","M","R","E","T","M","M","R","E","?","R","B","B",null,"R","$","E","B",null],"character_chosen":"THE_SILENT","items_purchased":["Dead Branch","Well Laid Plans","CunningPotion","PowerPotion"],"campfire_rested":5,"item_purchase_floors":[14,21,37,54],"current_hp_per_floor":[51,51,51,51,48,48,46,43,43,43,43,33,33,33,33,10,52,50,29,29,29,26,45,40,40,40,40,36,55,48,48,48,48,62,62,62,62,62,62,62,62,67,67,50,50,68,68,68,68,68,50,64,68,68,68,24],"gold":60,"neow_bonus":"HUNDRED_GOLD","is_prod":false,"is_daily":false,"chose_seed":false,"campfire_upgraded":5,"win_rate":0,"timestamp":1621137455,"path_taken":["M","?","M","?","M","R","E","M","T","R","M","E","?","$","R","BOSS","M","?","M","$","M","R","E","R","T","E","M","R","E","M","R","BOSS","M","?","$","M","?","M","R","E","T","M","M","R","E","?","R","BOSS","BOSS","R","$","E","BOSS"],"build_version":"2020-12-18","purchased_purges":3,"victory":true,"max_hp_per_floor":[66,66,66,66,66,66,66,66,66,66,66,66,66,66,66,66,66,66,66,66,66,66,66,66,66,66,66,66,66,66,66,66,66,66,66,63,63,63,63,63,63,68,68,68,68,68,68,68,68,68,68,68,68,68,68,68],"relic_stats":{"Nunchaku":[33],"Centennial Puzzle":[9],"counters":[29,131],"Shuriken":[96],"Dead Branch":[355],"MealTicket":0,"PreservedInsect":351,"Bag of Preparation":[26],"Whetstone":["Strike_G","Glass Knife"],"Smiling Mask":150,"obtain_stats":[{"Ice Cream":27,"Nilry\u0027s Codex":19,"Dead Branch":14,"PreservedInsect":7,"Bag of Preparation":30,"Whetstone":55,"Smiling Mask":9,"SlaversCollar":17,"Nunchaku":24,"Centennial Puzzle":42,"HornCleat":12,"Shuriken":26,"MealTicket":47,"Fusion Hammer":34,"Red Mask":39,"Ring of the Snake":0},{"Ice Cream":14,"Nilry\u0027s Codex":10,"Dead Branch":8,"PreservedInsect":5,"Bag of Preparation":16,"Whetstone":28,"Smiling Mask":6,"SlaversCollar":9,"Nunchaku":13,"Centennial Puzzle":22,"HornCleat":8,"Shuriken":13,"MealTicket":25,"Fusion Hammer":18,"Red Mask":20,"Ring of the Snake":0},{"Ice Cream":60,"Nilry\u0027s Codex":46,"Dead Branch":32,"PreservedInsect":20,"Bag of Preparation":66,"Whetstone":119,"Smiling Mask":23,"SlaversCollar":42,"Nunchaku":57,"Centennial Puzzle":83,"HornCleat":32,"Shuriken":57,"MealTicket":98,"Fusion Hammer":73,"Red Mask":78,"Ring of the Snake":0}],"Ring of the Snake":[58]},"card_choices":[{"not_picked":["Infinite Blades","Prepared"],"picked":"Blade Dance","floor":1.0},{"not_picked":["Concentrate","Bane"],"picked":"Quick Slash","floor":2.0},{"not_picked":["Slice","Underhanded Strike"],"picked":"Quick Slash","floor":3.0},{"not_picked":["PiercingWail","Quick Slash"],"picked":"Accuracy","floor":5.0},{"not_picked":["Endless Agony","Infinite Blades"],"picked":"Adrenaline","floor":7.0},{"not_picked":["Flechettes","Sucker Punch","Acrobatics"],"picked":"SKIP","floor":8.0},{"not_picked":["Outmaneuver","Deflect","Bane"],"picked":"SKIP","floor":11.0},{"not_picked":["Quick Slash","Doppelganger"],"picked":"Backflip","floor":12.0},{"not_picked":["Envenom","Phantasmal Killer"],"picked":"Glass Knife","floor":16.0},{"not_picked":["All Out Attack","Skewer","Dagger Spray"],"picked":"SKIP","floor":18.0},{"not_picked":["Masterful Stab","Sucker Punch+1"],"picked":"Footwork","floor":20.0},{"not_picked":["Poisoned Stab+1","Flying Knee","Bane"],"picked":"SKIP","floor":22.0},{"not_picked":["Quick Slash","Deadly Poison"],"picked":"Caltrops+1","floor":24.0},{"not_picked":["Noxious Fumes","Bane+1","Prepared+1"],"picked":"SKIP","floor":27.0},{"not_picked":["Dagger Throw","Deadly Poison"],"picked":"Concentrate+1","floor":28.0},{"not_picked":["Glass Knife","Reflex"],"picked":"Blade Dance","floor":30.0},{"not_picked":["Blade Dance","Prepared"],"picked":"Backflip+1","floor":31.0},{"not_picked":["Doppelganger","Corpse Explosion"],"picked":"Wraith Form v2","floor":33.0},{"not_picked":["Backflip","Backstab+1"],"picked":"Acrobatics+1","floor":35},{"not_picked":["Heel Hook","Deadly Poison+1"],"picked":"Blur+1","floor":38},{"not_picked":["Catalyst","Slice"],"picked":"Calculated Gamble","floor":40},{"not_picked":["Masterful Stab+1","Skewer"],"picked":"Footwork","floor":42},{"not_picked":["Sucker Punch","Slice","Outmaneuver+1"],"picked":"SKIP","floor":44},{"not_picked":["Endless Agony","Acrobatics","Sucker Punch"],"picked":"SKIP","floor":45},{"not_picked":["Eviscerate","Prepared"],"picked":"Dodge and Roll","floor":47},{"not_picked":["Heel Hook","Distraction"],"picked":"PiercingWail+1","floor":55}],"player_experience":3673987,"relics_obtained":[{"floor":7.0,"key":"PreservedInsect"},{"floor":9.0,"key":"Smiling Mask"},{"floor":12.0,"key":"HornCleat"},{"floor":19.0,"key":"Nilry\u0027s Codex"},{"floor":24.0,"key":"Nunchaku"},{"floor":26.0,"key":"Shuriken"},{"floor":27.0,"key":"Ice Cream"},{"floor":30.0,"key":"Bag of Preparation"},{"floor":42,"key":"Centennial Puzzle"},{"floor":47,"key":"MealTicket"},{"floor":55,"key":"Whetstone"}],"event_choices":[{"cards_removed":["Strike_G"],"damage_healed":0.0,"max_hp_gain":0.0,"max_hp_loss":0.0,"gold_gain":0.0,"event_name":"The Cleric","player_choice":"Card Removal","floor":4.0,"gold_loss":75.0,"damage_taken":0.0},{"damage_healed":0.0,"max_hp_gain":0.0,"max_hp_loss":0.0,"gold_gain":0.0,"event_name":"Living Wall","player_choice":"Grow","floor":13.0,"gold_loss":0.0,"damage_taken":0.0,"cards_upgraded":["Quick Slash"]},{"damage_healed":0.0,"max_hp_gain":0.0,"max_hp_loss":0.0,"gold_gain":0.0,"event_name":"Cursed Tome","player_choice":"Obtained Book","floor":19.0,"gold_loss":0.0,"damage_taken":21.0},{"damage_healed":0,"gold_gain":0,"player_choice":"Max HP","damage_taken":0,"max_hp_gain":0,"max_hp_loss":3,"event_name":"Winding Halls","floor":36,"gold_loss":0},{"damage_healed":0,"gold_gain":0,"player_choice":"Paid","damage_taken":0,"relics_obtained":["Red Mask"],"max_hp_gain":0,"max_hp_loss":0,"event_name":"Tomb of Lord Red Mask","floor":39,"gold_loss":108},{"cards_removed":["Quick Slash"],"damage_healed":0,"gold_gain":0,"player_choice":"Removed Attack","damage_taken":0,"max_hp_gain":0,"max_hp_loss":0,"event_name":"Falling","floor":48,"gold_loss":0}],"is_beta":true,"boss_relics":[{"not_picked":["WristBlade","Tiny House"],"picked":"SlaversCollar"},{"not_picked":["SacredBark","Sozu"],"picked":"Fusion Hammer"}],"items_purged_floors":[21,37,54],"is_endless":false,"potions_floor_spawned":[1,2,8,11,16,18,22,27,30,42,44,45,47,55],"ascension_level":20}