{"gold_per_floor":[118,138,71,71,171,171,187,187,210,210,222,145,145,170,170,265,265,265,265,265,265,265,265,265,265,265,265,15,15,15,15,15,15,15,15,0,0,0,0,0,0,0,0,0,0,0,0,0,0,0],"floor_reached":51,"playtime":3442,"items_purged":[],"score":691,"play_id":"1ba3261e-026a-42a5-a7c4-1baa3d9478c9","local_time":"20180706004831","is_ascension_mode":false,"campfire_choices":[{"data":"Limit Break","floor":6.0,"key":"SMITH"},{"data":"Heavy Blade","floor":8.0,"key":"SMITH"},{"data":"Flex","floor":13.0,"key":"SMITH"},{"data":"Rupture","floor":15.0,"key":"SMITH"},{"floor":23,"key":"REST"},{"floor":27,"key":"REST"},{"data":"Flex","floor":30,"key":"SMITH"},{"data":"Metallicize","floor":32,"key":"SMITH"},{"floor":42,"key":"REST"},{"data":"Shrug It Off","floor":47,"key":"SMITH"},{"data":"Iron Wave","floor":49,"key":"SMITH"}],"neow_cost":"","seed_source_timestamp":0,"circlet_count":0,"master_deck":["Strike_R","Strike_R","Strike_R","Defend_R+1","Defend_R+1","Defend_R","Bash+1","Cleave","Iron Wave+1","Limit Break+1","Heavy Blade+1","Flex+1","Immolate","Inflame+1","Twin Strike","Shrug It Off+1","Demon Form","Metallicize+1","Flex+1","Uppercut","Wild Strike+1","Limit Break","Combust+1","Limit Break+1","Uppercut+1","Flex+1","Clothesline","Inflame+1","Headbutt+1","Impervious","Iron Wave+1"],"special_seed":0,"relics":["Burning Blood","Blood Vial","Bag of Preparation","War Paint","Ectoplasm","Bottled Flame","Lee\u0027s Waffle","Magic Flower","Astrolabe","Red Mask","Tiny Chest","Oddly Smooth Stone"],"potions_floor_usage":[19,19,20,25,33,39,50,50],"damage_taken":[{"damage":1.0,"enemies":"Cultist","floor":1.0,"turns":3.0},{"damage":15.0,"enemies":"Jaw Worm","floor":2.0,"turns":4.0},{"damage":11.0,"enemies":"Small Slimes","floor":7.0,"turns":3.0},{"damage":1.0,"enemies":"Exordium Thugs","floor":11.0,"turns":3.0},{"damage":32.0,"enemies":"The Guardian","floor":16.0,"turns":6.0},{"damage":10,"enemies":"Shell Parasite","floor":18,"turns":5},{"damage":2,"enemies":"3 Byrds","floor":19,"turns":4},{"damage":63,"enemies":"Slaver and Parasite","floor":20,"turns":6},{"damage":26,"enemies":"Chosen and Byrds","floor":22,"turns":7},{"damage":25,"enemies":"Cultist and Chosen","floor":24,"turns":4},{"damage":0,"enemies":"Snake Plant","floor":25,"turns":2},{"damage":11,"enemies":"Book of Stabbing","floor":29,"turns":3},{"damage":17,"enemies":"3 Cultists","floor":31,"turns":4},{"damage":39,"enemies":"Collector","floor":33,"turns":7},{"damage":14,"enemies":"3 Shapes","floor":35,"turns":5},{"damage":3,"enemies":"Orb Walker","floor":37,"turns":4},{"damage":5,"enemies":"3 Darklings","floor":39,"turns":5},{"damage":55,"enemies":"2 Orb Walkers","floor":40,"turns":5},{"damage":1,"enemies":"Sphere and 2 Shapes","floor":44,"turns":3},{"damage":12,"enemies":"Maw","floor":45,"turns":5},{"damage":6,"enemies":"3 Darklings","floor":46,"turns":3},{"damage":6,"enemies":"Sphere and 2 Shapes","floor":48,"turns":3},{"damage":69,"enemies":"Awakened One","floor":50,"turns":9}],"seed_played":"-4252055157154079495","potions_obtained":[{"floor":2.0,"key":"Swift Potion"},{"floor":11.0,"key":"Swift Potion"},{"floor":16.0,"key":"Energy Potion"},{"floor":19,"key":"BloodPotion"},{"floor":24,"key":"Strength Potion"},{"floor":25,"key":"Strength Potion"},{"floor":35,"key":"AttackPotion"},{"floor":37,"key":"SmokeBomb"},{"floor":40,"key":"Ancient Potion"},{"floor":45,"key":"Fire Potion"},{"floor":46,"key":"FairyPotion"}],"is_trial":false,"path_per_floor":["M","M","$","$","?","R","M","R","T","?","M","$","R","T","R","B",null,"M","M","M","?","M","R","M","M","T","R","$","E","R","M","R","B",null,"M","?","M","?","M","E","?","R","T","M","M","M","R","M","R","B"],"character_chosen":"IRONCLAD","items_purchased":["Limit Break","Rupture","Lee\u0027s Waffle","Flex"],"campfire_rested":3,"item_purchase_floors":[],"current_hp_per_floor":[80,71,71,71,71,71,66,66,66,66,73,73,73,73,73,49,80,76,80,31,31,13,37,20,28,28,52,87,82,82,77,77,50,87,82,82,87,87,87,41,41,67,67,78,78,84,84,87,87,27],"gold":0,"neow_bonus":"","is_prod":false,"is_daily":false,"chose_seed":false,"campfire_upgraded":8,"win_rate":0,"timestamp":1530834511,"path_taken":["M","M","?","$","?","R","M","R","T","?","?","?","R","?","R","BOSS","M","M","M","?","M","R","M","M","T","R","$","E","R","M","R","BOSS","M","?","M","?","M","E","?","R","T","M","M","?","R","M","R","BOSS"],"build_version":"2018-06-28","purchased_purges":0,"victory":true,"max_hp_per_floor":[80,80,80,80,80,80,80,80,80,80,80,80,80,80,80,80,80,80,80,80,80,80,80,80,80,80,80,87,87,87,87,87,87,87,87,87,87,87,87,87,87,87,87,87,87,87,87,87,87,87],"card_choices":[{"not_picked":["Perfected Strike","Blood for Blood"],"picked":"Cleave","floor":1.0},{"not_picked":["Body Slam","Hemokinesis"],"picked":"Iron Wave","floor":2.0},{"not_picked":["Blood for Blood","Infernal Blade"],"picked":"Heavy Blade","floor":7.0},{"not_picked":["Clash","Battle Trance"],"picked":"Flex","floor":11.0},{"not_picked":["Dark Embrace","Berserk"],"picked":"Immolate","floor":16.0},{"not_picked":["Perfected Strike+1","Iron Wave"],"picked":"Inflame+1","floor":18},{"not_picked":["Havoc","True Grit"],"picked":"Twin Strike","floor":19},{"not_picked":["Blood for Blood","Sentinel"],"picked":"Shrug It Off","floor":20},{"not_picked":["Pommel Strike","Battle Trance"],"picked":"Demon Form","floor":22},{"not_picked":["Twin Strike","Body Slam"],"picked":"Metallicize","floor":24},{"not_picked":["Twin Strike","Disarm","Body Slam"],"picked":"SKIP","floor":25},{"not_picked":["Cleave","Body Slam+1"],"picked":"Uppercut","floor":29},{"not_picked":["Burning Pact","Pommel Strike"],"picked":"Wild Strike+1","floor":31},{"not_picked":["Demon Form","Dark Embrace"],"picked":"Limit Break","floor":33},{"not_picked":["Clash+1","Thunderclap"],"picked":"Uppercut+1","floor":35},{"not_picked":["Immolate","Carnage+1"],"picked":"Flex+1","floor":37},{"not_picked":["Perfected Strike","Havoc","Body Slam"],"picked":"SKIP","floor":39},{"not_picked":["True Grit","Twin Strike"],"picked":"Inflame+1","floor":40},{"not_picked":["Anger","Disarm"],"picked":"Headbutt+1","floor":44},{"not_picked":["Sword Boomerang","Headbutt+1","Havoc"],"picked":"SKIP","floor":45},{"not_picked":["Wild Strike+1","Evolve+1"],"picked":"Impervious","floor":46},{"not_picked":["Bloodletting","Pommel Strike+1"],"picked":"Iron Wave+1","floor":48}],"player_experience":135525,"relics_obtained":[{"floor":9.0,"key":"Blood Vial"},{"floor":14.0,"key":"War Paint"},{"floor":26,"key":"Bottled Flame"},{"floor":29,"key":"Magic Flower"},{"floor":40,"key":"Tiny Chest"},{"floor":43,"key":"Oddly Smooth Stone"}],"event_choices":[{"event_name":"Golden Shrine","player_choice":"Pray","floor":5.0,"damage_taken":0.0},{"event_name":"Wheel of Change","player_choice":"Relic","floor":10.0,"damage_taken":0.0},{"event_name":"Ghosts","player_choice":"Ignored","floor":21,"damage_taken":0},{"event_name":"Tomb of Lord Red Mask","player_choice":"Paid","floor":36,"damage_taken":0},{"event_name":"Transmorgrifier","player_choice":"Transform","floor":38,"damage_taken":0},{"event_name":"Falling","player_choice":"Removed Power","floor":41,"damage_taken":0}],"boss_relics":[{"not_picked":["Black Star","Calling Bell"],"picked":"Ectoplasm"},{"not_picked":["Pandora\u0027s Box","Runic Cube"],"picked":"Astrolabe"}],"items_purged_floors":[],"is_endless":false,"potions_floor_spawned":[2,11,16,19,24,25,35,37,40,45,46],"ascension_level":0}