{"gold_per_floor":[113,113,38,48,65,90,90,106,106,13,27,42,60,89,89,192,192,207,220,220,237,237,237,265,265,265,276,289,302,302,302],"floor_reached":31,"playtime":4149,"items_purged":[],"score":323,"play_id":"8fb28f13-99b2-407c-8e23-87200e00444e","local_time":"20180628231149","is_ascension_mode":false,"campfire_choices":[{"floor":7,"key":"REST"},{"data":"Anger","floor":15,"key":"SMITH"},{"floor":23,"key":"REST"},{"floor":25,"key":"REST"}],"neow_cost":"","seed_source_timestamp":1311823244014294,"circlet_count":0,"master_deck":["Strike_R","Strike_R","Strike_R","Strike_R","Strike_R","Defend_R","Defend_R","Defend_R","Defend_R","Bash","Metallicize","Flex","Pommel Strike","Anger+1","Combust","Iron Wave","Anger","Good Instincts","Cleave","Berserk","Clash","Feed","Juggernaut","Rampage+1","Rage","Shrug It Off+1","Iron Wave","Warcry"],"relics":["Burning Blood","Unceasing Top","Mummified Hand","Mango","Strawberry","Black Star","Gambling Chip","Sundial","Letter Opener"],"potions_floor_usage":[18,24,24,28,30,30],"damage_taken":[{"damage":8,"enemies":"Jaw Worm","floor":1,"turns":4},{"damage":7,"enemies":"2 Louse","floor":4,"turns":3},{"damage":2,"enemies":"Small Slimes","floor":5,"turns":4},{"damage":33,"enemies":"Gremlin Nob","floor":6,"turns":5},{"damage":4,"enemies":"Looter","floor":8,"turns":2},{"damage":18,"enemies":"Exordium Thugs","floor":11,"turns":5},{"damage":0,"enemies":"2 Fungi Beasts","floor":12,"turns":3},{"damage":2,"enemies":"3 Louse","floor":13,"turns":3},{"damage":11,"enemies":"3 Sentries","floor":14,"turns":5},{"damage":55,"enemies":"The Guardian","floor":16,"turns":10},{"damage":12,"enemies":"Chosen","floor":18,"turns":4},{"damage":23,"enemies":"Spheric Guardian","floor":19,"turns":4},{"damage":30,"enemies":"Centurion and Healer","floor":21,"turns":5},{"damage":48,"enemies":"Slavers","floor":24,"turns":4},{"damage":32,"enemies":"Slaver and Parasite","floor":27,"turns":6},{"damage":16,"enemies":"Snake Plant","floor":28,"turns":4},{"damage":9,"enemies":"Centurion and Healer","floor":29,"turns":4},{"damage":25,"enemies":"Slaver and Parasite","floor":30,"turns":6},{"damage":11,"enemies":"Sentry and Sphere","floor":31,"turns":3}],"seed_played":"7776053750624948543","potions_obtained":[{"floor":8,"key":"LiquidBronze"},{"floor":11,"key":"Fire Potion"},{"floor":13,"key":"Poison Potion"},{"floor":21,"key":"SmokeBomb"},{"floor":27,"key":"Ancient Potion"},{"floor":28,"key":"GamblersBrew"}],"is_trial":false,"path_per_floor":["M","?","$","M","M","E","R","M","T","$","M","M","M","E","R","B",null,"M","M","?","M","?","R","E","R","T","M","M","M","M"],"character_chosen":"IRONCLAD","items_purchased":["Flex","Pommel Strike","Good Instincts"],"campfire_rested":3,"item_purchase_floors":[3,3,10],"current_hp_per_floor":[78,71,71,70,74,47,71,73,87,87,75,81,85,87,87,38,101,95,81,81,60,38,71,32,66,66,40,30,27,8,0],"gold":302,"neow_bonus":"","is_prod":false,"is_daily":false,"chose_seed":false,"campfire_upgraded":1,"win_rate":0.0,"timestamp":1530223909,"path_taken":["M","?","$","M","M","E","R","M","T","$","M","M","M","E","R","BOSS","M","M","?","M","?","R","E","R","T","M","M","?","M","M"],"build_version":"2018-06-21v2","purchased_purges":0,"victory":false,"max_hp_per_floor":[80,80,80,80,80,80,80,80,94,94,94,94,94,101,101,101,101,101,104,104,107,112,112,115,115,115,115,115,115,115,118],"card_choices":[{"not_picked":["Iron Wave","Perfected Strike"],"picked":"Metallicize","floor":1},{"not_picked":["Brutality","Armaments"],"picked":"Anger","floor":4},{"not_picked":["Pommel Strike","Dual Wield"],"picked":"Combust","floor":5},{"not_picked":["Perfected Strike","Armaments"],"picked":"Iron Wave","floor":6},{"not_picked":["Twin Strike","Battle Trance"],"picked":"Anger","floor":8},{"not_picked":["Ghostly Armor","Feel No Pain"],"picked":"Cleave","floor":11},{"not_picked":["Burning Pact","Power Through"],"picked":"Berserk","floor":12},{"not_picked":["Cleave","Intimidate"],"picked":"Clash","floor":13},{"not_picked":["Headbutt","Pummel"],"picked":"Feed","floor":14},{"not_picked":["Brutality","Fiend Fire"],"picked":"Juggernaut","floor":16},{"not_picked":["Cleave","Twin Strike"],"picked":"Rampage+1","floor":18},{"not_picked":["Power Through","Whirlwind"],"picked":"Rage","floor":19},{"not_picked":["Power Through","Headbutt","Armaments"],"picked":"SKIP","floor":21},{"not_picked":["Sever Soul","Bloodletting+1"],"picked":"Shrug It Off+1","floor":24},{"not_picked":["Combust","Dropkick"],"picked":"Iron Wave","floor":27},{"not_picked":["Dropkick","Cleave"],"picked":"Warcry","floor":28},{"not_picked":["Pummel","Shrug It Off","Double Tap"],"picked":"SKIP","floor":29}],"player_experience":0,"relics_obtained":[{"floor":6,"key":"Mummified Hand"},{"floor":9,"key":"Mango"},{"floor":14,"key":"Strawberry"},{"floor":24,"key":"Gambling Chip"},{"floor":24,"key":"Sundial"},{"floor":26,"key":"Letter Opener"}],"event_choices":[{"event_name":"Scrap Ooze","player_choice":"success","floor":2,"damage_taken":7},{"event_name":"Vampires","player_choice":"Ignored","floor":20,"damage_taken":0},{"event_name":"Forgotten Altar","player_choice":"Shed Blood","floor":22,"damage_taken":0}],"boss_relics":[{"not_picked":["Sozu","Fusion Hammer"],"picked":"Black Star"}],"items_purged_floors":[],"is_endless":false,"potions_floor_spawned":[8,11,13,21,27,28,30],"killed_by":"Sentry and Sphere","ascension_level":0}