{"gold_per_floor":[109,119,138,151,168,198,215,231,231,231,244,273,43,97,97,196,196,216,70,84,84,102,116,144,144,168,188,188,213,213,244,244,343,343,361,371,390,401,150,175,175,194,272,304,304,317,317,317,317,317],"floor_reached":51,"playtime":4788,"items_purged":["Defend_R","Defend_R"],"score":783,"play_id":"c60abe2a-ffd3-4e49-8f08-04e9d0580b45","local_time":"20180704204504","is_ascension_mode":false,"campfire_choices":[{"floor":10,"key":"REST"},{"floor":15,"key":"REST"},{"floor":25,"key":"REST"},{"data":"Armaments","floor":28,"key":"SMITH"},{"floor":32,"key":"REST"},{"floor":41,"key":"REST"},{"floor":45,"key":"REST"},{"floor":47,"key":"REST"},{"floor":49,"key":"REST"}],"neow_cost":"NONE","seed_source_timestamp":1820788929871703,"circlet_count":0,"master_deck":["Strike_R","Strike_R","Strike_R","Strike_R","Strike_R+1","Defend_R","Defend_R","Bash","Double Tap","Clash","Battle Trance","Cleave","Thunderclap+1","Armaments+1","Spot Weakness","Heavy Blade","Twin Strike","Clash","Combust+1","Demon Form+1","Clothesline+1","Burning Pact+1","Headbutt+1","Rage","Iron Wave","Armaments","Cleave","Heavy Blade","Reaper","Iron Wave+1","Perfected Strike+1","Power Through","Metallicize+1","Inflame+1","Limit Break","Clothesline+1"],"relics":["Burning Blood","Happy Flower","Frozen Egg 2","Blood Vial","Vajra","Lantern","Snecko Eye","Whetstone","Oddly Smooth Stone","Art of War","Red Skull","Centennial Puzzle","Fusion Hammer","Orichalcum","The Courier","Molten Egg 2","Bag of Preparation"],"potions_floor_usage":[5,6,22,22,23,24,38,50],"damage_taken":[{"damage":1,"enemies":"Cultist","floor":1,"turns":3},{"damage":0,"enemies":"Small Slimes","floor":2,"turns":3},{"damage":1,"enemies":"Jaw Worm","floor":3,"turns":3},{"damage":5,"enemies":"3 Louse","floor":4,"turns":3},{"damage":15,"enemies":"Large Slime","floor":5,"turns":5},{"damage":40,"enemies":"Lagavulin","floor":6,"turns":7},{"damage":5,"enemies":"Exordium Thugs","floor":7,"turns":2},{"damage":0,"enemies":"2 Fungi Beasts","floor":8,"turns":1},{"damage":10,"enemies":"Looter","floor":11,"turns":3},{"damage":19,"enemies":"3 Sentries","floor":12,"turns":5},{"damage":13,"enemies":"Slime Boss","floor":16,"turns":4},{"damage":11,"enemies":"Spheric Guardian","floor":18,"turns":3},{"damage":8,"enemies":"Shell Parasite","floor":20,"turns":3},{"damage":14,"enemies":"Cultist and Chosen","floor":22,"turns":3},{"damage":4,"enemies":"Chosen and Byrds","floor":23,"turns":5},{"damage":40,"enemies":"Gremlin Leader","floor":24,"turns":5},{"damage":0,"enemies":"Snecko","floor":27,"turns":4},{"damage":21,"enemies":"Slavers","floor":29,"turns":3},{"damage":28,"enemies":"Gremlin Leader","floor":31,"turns":5},{"damage":29,"enemies":"Collector","floor":33,"turns":5},{"damage":12,"enemies":"3 Shapes","floor":35,"turns":2},{"damage":0,"enemies":"Orb Walker","floor":36,"turns":2},{"damage":8,"enemies":"4 Shapes","floor":37,"turns":4},{"damage":22,"enemies":"Sphere and 2 Shapes","floor":38,"turns":3},{"damage":52,"enemies":"Giant Head","floor":40,"turns":8},{"damage":22,"enemies":"Maw","floor":42,"turns":6},{"damage":20,"enemies":"Nemesis","floor":44,"turns":5},{"damage":2,"enemies":"3 Darklings","floor":46,"turns":3},{"damage":21,"enemies":"Awakened One","floor":50,"turns":6}],"seed_played":"7316593417834974141","potions_obtained":[{"floor":2,"key":"SkillPotion"},{"floor":4,"key":"Dexterity Potion"},{"floor":7,"key":"LiquidBronze"},{"floor":11,"key":"SpeedPotion"},{"floor":12,"key":"Energy Potion"},{"floor":18,"key":"Strength Potion"},{"floor":20,"key":"Regen Potion"},{"floor":22,"key":"SkillPotion"},{"floor":33,"key":"Energy Potion"},{"floor":37,"key":"SmokeBomb"},{"floor":38,"key":"FairyPotion"},{"floor":46,"key":"EssenceOfSteel"}],"is_trial":false,"path_per_floor":["M","M","M","M","M","E","M","M","T","R","M","E","$","T","R","B",null,"M","$","M","?","M","M","E","R","T","M","R","E","?","E","R","B",null,"M","M","M","M","$","E","R","M","T","E","R","M","R","?","R","B"],"character_chosen":"IRONCLAD","items_purchased":["Vajra","Whetstone","Orichalcum"],"campfire_rested":8,"item_purchase_floors":[13,19,39],"current_hp_per_floor":[80,80,80,80,71,37,38,44,44,68,64,51,51,51,75,70,80,75,75,75,60,63,67,35,60,60,68,68,55,55,35,60,39,85,79,85,85,81,81,46,71,66,66,55,80,85,85,85,85,70],"gold":317,"neow_bonus":"ONE_RANDOM_RARE_CARD","is_prod":false,"is_daily":false,"chose_seed":false,"campfire_upgraded":1,"win_rate":0,"timestamp":1530733504,"path_taken":["M","M","M","M","?","E","M","?","T","R","M","E","$","?","R","BOSS","M","$","M","?","M","M","E","R","T","M","R","E","?","E","R","BOSS","M","M","M","M","$","E","R","M","T","E","R","?","R","?","R","BOSS"],"build_version":"2018-06-28","purchased_purges":2,"victory":true,"max_hp_per_floor":[80,80,80,80,80,80,80,80,80,80,80,80,80,80,80,80,80,80,80,80,85,85,85,85,85,85,85,85,85,85,85,85,85,85,85,85,85,85,85,85,85,85,85,85,85,85,85,85,85,85],"card_choices":[{"not_picked":["True Grit","Battle Trance"],"picked":"Clash","floor":1},{"not_picked":["Warcry","Second Wind"],"picked":"Battle Trance","floor":2},{"not_picked":["Battle Trance","Burning Pact"],"picked":"Cleave","floor":3},{"not_picked":["Wild Strike","Reckless Charge"],"picked":"Thunderclap","floor":4},{"not_picked":["Barricade","Heavy Blade"],"picked":"Armaments","floor":5},{"not_picked":["Reckless Charge","Evolve"],"picked":"Spot Weakness","floor":6},{"not_picked":["Sword Boomerang","Perfected Strike"],"picked":"Heavy Blade","floor":7},{"not_picked":["Sever Soul","True Grit"],"picked":"Twin Strike","floor":8},{"not_picked":["Heavy Blade","Warcry"],"picked":"Clash","floor":11},{"not_picked":["Rampage","Pummel"],"picked":"Combust+1","floor":12},{"not_picked":["Berserk+1","Dark Embrace+1"],"picked":"Demon Form+1","floor":16},{"not_picked":["True Grit","Flame Barrier"],"picked":"Clothesline+1","floor":18},{"not_picked":["Body Slam","Anger"],"picked":"Burning Pact+1","floor":20},{"not_picked":["Reckless Charge+1","Clash"],"picked":"Headbutt+1","floor":22},{"not_picked":["Twin Strike","Spot Weakness"],"picked":"Rage","floor":23},{"not_picked":["Rampage+1","Carnage"],"picked":"Iron Wave","floor":24},{"not_picked":["Berserk+1","Clash"],"picked":"Armaments","floor":27},{"not_picked":["Twin Strike","Brutality+1"],"picked":"Cleave","floor":29},{"not_picked":["Cleave","Seeing Red+1"],"picked":"Heavy Blade","floor":31},{"not_picked":["Offering","Barricade+1"],"picked":"Reaper","floor":33},{"not_picked":["Sword Boomerang+1","Cleave+1"],"picked":"Iron Wave+1","floor":35},{"not_picked":["Battle Trance","Headbutt+1"],"picked":"Perfected Strike+1","floor":36},{"not_picked":["Clash","Body Slam+1","Berserk+1"],"picked":"SKIP","floor":37},{"not_picked":["Armaments","Perfected Strike+1"],"picked":"Power Through","floor":38},{"not_picked":["Reckless Charge","Burning Pact"],"picked":"Metallicize+1","floor":40},{"not_picked":["Clash+1","Warcry+1"],"picked":"Inflame+1","floor":42},{"not_picked":["Feel No Pain+1","Heavy Blade+1"],"picked":"Limit Break","floor":44},{"not_picked":["Warcry","Sword Boomerang+1"],"picked":"Clothesline+1","floor":46}],"player_experience":113156,"relics_obtained":[{"floor":6,"key":"Happy Flower"},{"floor":9,"key":"Frozen Egg 2"},{"floor":12,"key":"Blood Vial"},{"floor":14,"key":"Lantern"},{"floor":24,"key":"Oddly Smooth Stone"},{"floor":26,"key":"Art of War"},{"floor":29,"key":"Red Skull"},{"floor":31,"key":"Centennial Puzzle"},{"floor":40,"key":"The Courier"},{"floor":43,"key":"Molten Egg 2"},{"floor":44,"key":"Bag of Preparation"}],"event_choices":[{"event_name":"Forgotten Altar","player_choice":"Shed Blood","floor":21,"damage_taken":0},{"event_name":"Ghosts","player_choice":"Ignored","floor":30,"damage_taken":0},{"event_name":"SensoryStone","player_choice":"Memory 1","floor":48,"damage_taken":0}],"boss_relics":[{"not_picked":["Tiny House","Runic Cube"],"picked":"Snecko Eye"},{"not_picked":["Philosopher\u0027s Stone","Astrolabe"],"picked":"Fusion Hammer"}],"items_purged_floors":[13,39],"is_endless":false,"potions_floor_spawned":[2,4,7,11,12,18,20,22,33,37,38,46],"ascension_level":0}