{"gold_per_floor":[111,126,51,51,61,89,89,118,143,143,154,154,154,166,166,262,262,277,288,36,51,51,51,79,89,89,52,72,92,92,125,125,221,221,233,247,260,106,125,155,168,168,192,207,252,266,282,49,49,49],"floor_reached":51,"playtime":6114,"items_purged":["Defend_R","Second Wind"],"score":733,"play_id":"c963ad6f-155d-4a73-92c1-93d8ce906e2c","local_time":"20180701213920","is_ascension_mode":false,"campfire_choices":[{"data":"Bash","floor":7.0,"key":"SMITH"},{"data":"Intimidate","floor":10.0,"key":"SMITH"},{"data":"Clothesline","floor":12.0,"key":"SMITH"},{"floor":15.0,"key":"REST"},{"data":"Reaper","floor":23.0,"key":"SMITH"},{"data":"Spot Weakness","floor":30.0,"key":"SMITH"},{"data":"Spot Weakness","floor":32.0,"key":"SMITH"},{"data":"Limit Break","floor":42,"key":"SMITH"},{"floor":49,"key":"DIG"}],"neow_cost":"","seed_source_timestamp":0,"circlet_count":0,"master_deck":["Strike_R","Strike_R","Strike_R+1","Strike_R","Defend_R","Defend_R","Defend_R","Bash+1","Shrug It Off","Headbutt","Second Wind","Intimidate+1","Battle Trance","Clash+1","Clothesline+1","Offering","Dark Embrace","Infernal Blade","Spot Weakness+1","Reaper+1","Headbutt","Dropkick+1","Sever Soul+1","Seeing Red","Iron Wave","Spot Weakness+1","Shrug It Off+1","Limit Break+1","Shrug It Off+1","Feed","Pummel+1","Sword Boomerang+1","Spot Weakness","Ghostly Armor+1"],"special_seed":0,"relics":["Burning Blood","Bag of Marbles","Potion Belt","Whetstone","Regal Pillow","Coffee Dripper","Anchor","Meat on the Bone","Darkstone Periapt","Velvet Choker","Blood Vial","Orichalcum","Juzu Bracelet","Shovel","Oddly Smooth Stone","Dream Catcher"],"potions_floor_usage":[37,50,50,50],"damage_taken":[{"damage":5.0,"enemies":"Cultist","floor":1.0,"turns":4.0},{"damage":2.0,"enemies":"Jaw Worm","floor":2.0,"turns":4.0},{"damage":6.0,"enemies":"2 Louse","floor":5.0,"turns":4.0},{"damage":32.0,"enemies":"Gremlin Nob","floor":6.0,"turns":5.0},{"damage":14.0,"enemies":"3 Sentries","floor":8.0,"turns":8.0},{"damage":7.0,"enemies":"Looter","floor":11.0,"turns":2.0},{"damage":4.0,"enemies":"Red Slaver","floor":14.0,"turns":4.0},{"damage":33.0,"enemies":"Slime Boss","floor":16.0,"turns":9.0},{"damage":5.0,"enemies":"Shell Parasite","floor":18.0,"turns":4.0},{"damage":10.0,"enemies":"2 Thieves","floor":19.0,"turns":4.0},{"damage":24.0,"enemies":"Snake Plant","floor":21.0,"turns":4.0},{"damage":30.0,"enemies":"Book of Stabbing","floor":24.0,"turns":4.0},{"damage":27.0,"enemies":"Cultist and Chosen","floor":25.0,"turns":5.0},{"damage":14.0,"enemies":"Chosen and Byrds","floor":28.0,"turns":3.0},{"damage":1.0,"enemies":"Snecko","floor":29.0,"turns":3.0},{"damage":21.0,"enemies":"Slavers","floor":31.0,"turns":5.0},{"damage":75.0,"enemies":"Champ","floor":33.0,"turns":9.0},{"damage":4,"enemies":"Orb Walker","floor":35,"turns":2},{"damage":9,"enemies":"3 Shapes","floor":36,"turns":6},{"damage":26,"enemies":"Sphere and 2 Shapes","floor":37,"turns":5},{"damage":28,"enemies":"4 Shapes","floor":39,"turns":10},{"damage":53,"enemies":"Giant Head","floor":40,"turns":8},{"damage":4,"enemies":"3 Darklings","floor":41,"turns":3},{"damage":11,"enemies":"Sphere and 2 Shapes","floor":44,"turns":5},{"damage":32,"floor":45,"turns":5},{"damage":4,"enemies":"4 Shapes","floor":46,"turns":6},{"damage":19,"enemies":"Maw","floor":47,"turns":6},{"damage":31,"enemies":"Donu and Deca","floor":50,"turns":8}],"seed_played":"-8839837619567198030","potions_obtained":[{"floor":1.0,"key":"Ancient Potion"},{"floor":2.0,"key":"PowerPotion"},{"floor":5.0,"key":"BloodPotion"},{"floor":14.0,"key":"SpeedPotion"},{"floor":16.0,"key":"Poison Potion"},{"floor":19.0,"key":"Dexterity Potion"},{"floor":21.0,"key":"Weak Potion"},{"floor":29.0,"key":"LiquidBronze"},{"floor":35,"key":"Poison Potion"},{"floor":41,"key":"Weak Potion"},{"floor":46,"key":"Energy Potion"},{"floor":47,"key":"Weak Potion"}],"is_trial":false,"path_per_floor":["M","M","$","?","M","E","R","E","T","R","M","R","?","M","R","B",null,"M","M","$","M","?","R","E","M","T","$","M","M","R","E","R","B",null,"M","M","M","$","M","E","M","R","T","M","?","M","M","$","R","B"],"character_chosen":"IRONCLAD","items_purchased":["Reaper","Seeing Red","Blood Vial","Oddly Smooth Stone","EssenceOfSteel"],"campfire_rested":1,"item_purchase_floors":[],"current_hp_per_floor":[80,80,80,80,80,54,54,54,54,54,53,53,41,43,80,53,80,80,76,76,62,62,62,54,33,33,33,48,61,61,70,70,27,80,80,77,63,63,64,34,64,64,64,85,66,91,83,83,83,85],"gold":49,"neow_bonus":"","is_prod":false,"is_daily":false,"chose_seed":false,"campfire_upgraded":7,"win_rate":0,"timestamp":1530477560,"path_taken":["M","?","$","?","M","E","R","E","T","R","?","R","?","M","R","BOSS","M","M","$","M","?","R","E","M","T","$","M","M","R","E","R","BOSS","M","M","M","$","M","E","M","R","T","M","?","M","M","$","R","BOSS"],"build_version":"2018-06-28","purchased_purges":2,"victory":true,"max_hp_per_floor":[80,80,80,80,80,80,80,80,80,80,80,80,80,80,80,80,80,80,80,80,80,80,80,80,80,80,80,80,80,80,80,80,80,80,80,80,80,80,86,89,89,89,89,89,92,95,98,98,98,98],"card_choices":[{"not_picked":["Twin Strike","Flex"],"picked":"Shrug It Off","floor":0.0},{"not_picked":["Twin Strike","Heavy Blade"],"picked":"Headbutt","floor":1.0},{"not_picked":["Flex","Anger"],"picked":"Second Wind","floor":2.0},{"not_picked":["Heavy Blade","Armaments"],"picked":"Intimidate","floor":5.0},{"not_picked":["Armaments","Feel No Pain"],"picked":"Battle Trance","floor":6.0},{"not_picked":["Feel No Pain","Shrug It Off"],"picked":"Clash","floor":8.0},{"not_picked":["True Grit","Battle Trance"],"picked":"Clothesline","floor":11.0},{"not_picked":["Warcry","Corruption"],"picked":"Offering","floor":14.0},{"not_picked":["Berserk","Bludgeon"],"picked":"Dark Embrace","floor":16.0},{"not_picked":["Headbutt","Pommel Strike"],"picked":"Infernal Blade","floor":18.0},{"not_picked":["Seeing Red","Heavy Blade+1"],"picked":"Spot Weakness","floor":19.0},{"not_picked":["Body Slam","Shrug It Off"],"picked":"Headbutt","floor":21.0},{"not_picked":["Shrug It Off","Impervious"],"picked":"Dropkick+1","floor":24.0},{"not_picked":["Warcry","Twin Strike"],"picked":"Sever Soul+1","floor":25.0},{"not_picked":["True Grit+1","Perfected Strike+1"],"picked":"Iron Wave","floor":28.0},{"not_picked":["Pummel","Perfected Strike"],"picked":"Spot Weakness","floor":29.0},{"not_picked":["Anger","Heavy Blade"],"picked":"Shrug It Off+1","floor":31.0},{"not_picked":["Feed","Demon Form"],"picked":"Limit Break","floor":33.0},{"not_picked":["Armaments+1","Thunderclap+1"],"picked":"Shrug It Off+1","floor":35},{"not_picked":["True Grit","Feel No Pain"],"picked":"Feed","floor":36},{"not_picked":["Perfected Strike","Pommel Strike","Cleave"],"picked":"SKIP","floor":37},{"not_picked":["Clash","Dark Embrace"],"picked":"Pummel+1","floor":39},{"not_picked":["Infernal Blade","Intimidate"],"picked":"Sword Boomerang+1","floor":40},{"not_picked":["Feel No Pain+1","Dual Wield","Headbutt+1"],"picked":"SKIP","floor":41},{"not_picked":["Headbutt","Twin Strike+1","Clash"],"picked":"SKIP","floor":44},{"not_picked":["Anger+1","Perfected Strike+1"],"picked":"Spot Weakness","floor":45},{"not_picked":["Cleave","Body Slam+1"],"picked":"Ghostly Armor+1","floor":46},{"not_picked":["Body Slam","Sword Boomerang+1","Offering"],"picked":"SKIP","floor":47}],"player_experience":68595,"relics_obtained":[{"floor":6.0,"key":"Bag of Marbles"},{"floor":8.0,"key":"Potion Belt"},{"floor":9.0,"key":"Whetstone"},{"floor":24.0,"key":"Anchor"},{"floor":26.0,"key":"Meat on the Bone"},{"floor":31.0,"key":"Darkstone Periapt"},{"floor":40,"key":"Orichalcum"},{"floor":43,"key":"Juzu Bracelet"},{"floor":45,"key":"Shovel"},{"floor":49,"key":"Dream Catcher"}],"event_choices":[{"event_name":"Living Wall","player_choice":"Change","floor":4.0,"damage_taken":0.0},{"event_name":"Scrap Ooze","player_choice":"success","floor":13.0,"damage_taken":12.0},{"event_name":"Cursed Tome","player_choice":"Ignored","floor":22.0,"damage_taken":0.0},{"event_name":"Mysterious Sphere","player_choice":"Fight","floor":45,"damage_taken":0}],"boss_relics":[{"not_picked":["Ectoplasm","Tiny House"],"picked":"Coffee Dripper"},{"not_picked":["Snecko Eye","Orrery"],"picked":"Velvet Choker"}],"items_purged_floors":[],"is_endless":false,"potions_floor_spawned":[1,2,5,14,16,19,21,29,35,41,46,47],"ascension_level":0}