{"gold_per_floor":[17,35,46,61,79,112,112,131,177,193,207,207,224,299,299,398,398,417,431,431],"floor_reached":20,"playtime":1670,"items_purged":[],"score":182,"play_id":"5afe0c3d-a396-4f4a-9d77-023d34d0d74e","local_time":"20180705231441","is_ascension_mode":false,"campfire_choices":[{"data":"Wild Strike","floor":7,"key":"SMITH"},{"data":"Corruption","floor":12,"key":"SMITH"},{"floor":15,"key":"REST"}],"neow_cost":"NO_GOLD","seed_source_timestamp":1919289428134735,"circlet_count":0,"master_deck":["Bash","Sever Soul","Carnage","Headbutt","Wild Strike+1","Warcry","Clothesline","Clothesline","Thunderclap","Cleave","Corruption+1","Demon Form","Feed","Perfected Strike","Flex","Battle Trance","Sword Boomerang","Armaments","Wild Strike","Armaments","Power Through","Thunderclap"],"relics":["Burning Blood","Darkstone Periapt","Ancient Tea Set","Pandora\u0027s Box"],"potions_floor_usage":[6,19],"damage_taken":[{"damage":1,"enemies":"Cultist","floor":1,"turns":3},{"damage":6,"enemies":"Jaw Worm","floor":2,"turns":2},{"damage":6,"enemies":"Small Slimes","floor":3,"turns":3},{"damage":13,"enemies":"Gremlin Gang","floor":4,"turns":4},{"damage":13,"enemies":"Large Slime","floor":5,"turns":4},{"damage":34,"enemies":"Lagavulin","floor":6,"turns":6},{"damage":6,"enemies":"2 Fungi Beasts","floor":8,"turns":3},{"damage":9,"enemies":"Red Slaver","floor":10,"turns":2},{"damage":0,"enemies":"3 Louse","floor":11,"turns":2},{"damage":3,"enemies":"Exordium Wildlife","floor":13,"turns":3},{"damage":37,"enemies":"Slime Boss","floor":16,"turns":10},{"damage":58,"enemies":"Spheric Guardian","floor":18,"turns":7},{"damage":31,"enemies":"Shell Parasite","floor":19,"turns":6},{"damage":9,"enemies":"Snake Plant","floor":20,"turns":3}],"seed_played":"5898084484380562570","potions_obtained":[{"floor":3,"key":"BloodPotion"},{"floor":5,"key":"LiquidBronze"},{"floor":6,"key":"SteroidPotion"},{"floor":10,"key":"LiquidBronze"}],"is_trial":false,"path_per_floor":["M","M","M","M","M","E","R","M","T","M","M","R","M","?","R","B",null,"M","M"],"character_chosen":"IRONCLAD","items_purchased":[],"campfire_rested":1,"item_purchase_floors":[],"current_hp_per_floor":[80,80,80,73,66,46,46,46,46,43,49,49,52,41,65,34,80,32,7,0],"gold":431,"neow_bonus":"TRANSFORM_TWO_CARDS","is_prod":false,"is_daily":false,"chose_seed":false,"campfire_upgraded":2,"win_rate":0,"timestamp":1530828881,"path_taken":["M","M","M","M","M","E","R","M","T","M","M","R","?","?","R","BOSS","M","M","M"],"build_version":"2018-06-28","purchased_purges":0,"victory":false,"max_hp_per_floor":[80,80,80,80,80,80,80,80,80,80,80,80,80,80,80,80,80,84,84,84],"card_choices":[{"not_picked":["Sword Boomerang","Entrench"],"picked":"Headbutt","floor":1},{"not_picked":["Warcry","Dropkick"],"picked":"Wild Strike","floor":2},{"not_picked":["Cleave","Heavy Blade"],"picked":"Warcry","floor":3},{"not_picked":["Armaments","Feel No Pain"],"picked":"Clothesline","floor":4},{"not_picked":["Heavy Blade","Carnage"],"picked":"Clothesline","floor":5},{"not_picked":["Cleave","Flex"],"picked":"Thunderclap","floor":6},{"not_picked":["Pommel Strike","Headbutt"],"picked":"Cleave","floor":8},{"not_picked":["Cleave","Perfected Strike","Clothesline"],"picked":"SKIP","floor":10},{"not_picked":["Clash","Blood for Blood"],"picked":"Corruption","floor":11},{"not_picked":["Flame Barrier","True Grit"],"picked":"Demon Form","floor":13},{"not_picked":["Limit Break","Reaper"],"picked":"Feed","floor":16},{"not_picked":["Second Wind","Havoc"],"picked":"Power Through","floor":18},{"not_picked":["Searing Blow+1","Feel No Pain"],"picked":"Thunderclap","floor":19}],"player_experience":133855,"relics_obtained":[{"floor":6,"key":"Darkstone Periapt"},{"floor":9,"key":"Ancient Tea Set"}],"event_choices":[{"event_name":"World of Goop","player_choice":"Gather Gold","floor":14,"damage_taken":0}],"boss_relics":[{"not_picked":["Velvet Choker","Philosopher\u0027s Stone"],"picked":"Pandora\u0027s Box"}],"items_purged_floors":[],"is_endless":false,"potions_floor_spawned":[3,5,6,10],"killed_by":"Snake Plant","ascension_level":0}