{"gold_per_floor":[110,110,185,196,216,216,230,230,230,247,278,291,320,330,330,428,458,475,485,504,195,213,213,246,262,262,262,262,7,7,7,7,7],"floor_reached":33,"playtime":2641,"items_purged":["Injury"],"score":279,"play_id":"6283a8df-5f34-45a6-a6f6-f0cfde7e6eb2","local_time":"20180701151326","is_ascension_mode":false,"campfire_choices":[{"data":"Bash","floor":6,"key":"SMITH"},{"data":"Heavy Blade","floor":8,"key":"SMITH"},{"data":"Inflame","floor":15,"key":"SMITH"},{"data":"Inflame","floor":23,"key":"SMITH"},{"floor":27,"key":"REST"},{"data":"Shrug It Off","floor":32,"key":"SMITH"}],"neow_cost":"NONE","seed_source_timestamp":1543845043965567,"circlet_count":0,"master_deck":["Strike_R+1","Strike_R+1","Strike_R+1","Strike_R+1","Strike_R+1","Defend_R+1","Defend_R+1","Defend_R+1","Defend_R+1","Bash+1","Dropkick","Inflame+1","Thunderclap","Dropkick","Heavy Blade+1","Cleave","Shrug It Off+1","Twin Strike","Heavy Blade+1","Inflame+1","Bludgeon","Clash","Perfected Strike+1","Twin Strike","Sword Boomerang+1","Inflame+1","Iron Wave","Infernal Blade","Iron Wave"],"relics":["Burning Blood","Ancient Tea Set","Self Forming Clay","Torii","Tiny House","Blood Vial","Regal Pillow","Anchor","Ornamental Fan"],"potions_floor_usage":[10,10,20,24,33,33],"damage_taken":[{"damage":8,"enemies":"Jaw Worm","floor":1,"turns":3},{"damage":0,"enemies":"Cultist","floor":4,"turns":2},{"damage":0,"enemies":"2 Louse","floor":5,"turns":1},{"damage":0,"enemies":"Looter","floor":7,"turns":2},{"damage":5,"enemies":"Exordium Thugs","floor":10,"turns":3},{"damage":14,"enemies":"3 Sentries","floor":11,"turns":5},{"damage":6,"enemies":"3 Louse","floor":12,"turns":3},{"damage":14,"enemies":"Gremlin Nob","floor":13,"turns":3},{"damage":2,"enemies":"Looter","floor":14,"turns":3},{"damage":24,"enemies":"The Guardian","floor":16,"turns":6},{"damage":12,"enemies":"Spheric Guardian","floor":18,"turns":5},{"damage":2,"enemies":"Chosen","floor":19,"turns":4},{"damage":22,"enemies":"Slaver and Parasite","floor":20,"turns":5},{"damage":12,"enemies":"Sentry and Sphere","floor":22,"turns":4},{"damage":43,"enemies":"Gremlin Leader","floor":24,"turns":6},{"damage":20,"enemies":"Cultist and Chosen","floor":25,"turns":7},{"damage":69,"enemies":"Champ","floor":33,"turns":7}],"seed_played":"7517019908984474795","potions_obtained":[{"floor":1,"key":"FearPotion"},{"floor":5,"key":"Explosive Potion"},{"floor":7,"key":"Energy Potion"},{"floor":10,"key":"Regen Potion"},{"floor":13,"key":"PowerPotion"},{"floor":17,"key":"Swift Potion"},{"floor":25,"key":"GamblersBrew"}],"is_trial":false,"path_per_floor":["M","?","?","M","M","R","M","R","T","M","E","M","E","M","R","B",null,"M","M","M","$","M","R","E","M","T","R","?","$","?","$","R"],"character_chosen":"IRONCLAD","items_purchased":["Inflame","Blood Vial","Iron Wave","Ornamental Fan"],"campfire_rested":1,"item_purchase_floors":[21,21,21,29],"current_hp_per_floor":[78,78,67,73,79,79,80,80,80,80,72,72,64,68,68,50,85,79,83,67,67,63,63,37,25,25,65,65,65,65,65,65,0],"gold":7,"neow_bonus":"THREE_CARDS","is_prod":false,"is_daily":false,"chose_seed":false,"campfire_upgraded":5,"win_rate":0,"timestamp":1530454406,"path_taken":["M","?","?","M","M","R","M","R","T","?","E","M","E","M","R","BOSS","M","M","M","$","M","R","E","M","T","R","?","$","?","$","R","BOSS"],"build_version":"2018-06-28","purchased_purges":1,"victory":false,"max_hp_per_floor":[80,80,80,80,80,80,80,80,80,80,80,80,80,80,80,80,85,85,85,85,85,85,85,85,85,85,85,85,85,85,85,85,85],"card_choices":[{"not_picked":["Disarm","Shrug It Off"],"picked":"Dropkick","floor":0},{"not_picked":["Clothesline","Armaments"],"picked":"Inflame","floor":1},{"not_picked":["Sever Soul","Perfected Strike"],"picked":"Thunderclap","floor":4},{"not_picked":["Shrug It Off","Thunderclap"],"picked":"Dropkick","floor":5},{"not_picked":["Clash","Sword Boomerang"],"picked":"Heavy Blade","floor":7},{"not_picked":["Dark Embrace","Warcry"],"picked":"Cleave","floor":10},{"not_picked":["Rampage","Battle Trance"],"picked":"Shrug It Off","floor":11},{"not_picked":["True Grit","Corruption"],"picked":"Twin Strike","floor":12},{"not_picked":["Bloodletting","Anger"],"picked":"Heavy Blade","floor":13},{"not_picked":["Hemokinesis","Shrug It Off"],"picked":"Inflame","floor":14},{"not_picked":["Berserk","Fiend Fire"],"picked":"Bludgeon","floor":16},{"not_picked":["Battle Trance","Pommel Strike"],"picked":"Clash","floor":17},{"not_picked":["Second Wind","Disarm+1"],"picked":"Perfected Strike+1","floor":18},{"not_picked":["Burning Pact","Body Slam"],"picked":"Twin Strike","floor":19},{"not_picked":["Infernal Blade","Warcry+1"],"picked":"Sword Boomerang+1","floor":20},{"not_picked":["Berserk","Thunderclap"],"picked":"Infernal Blade","floor":22},{"not_picked":["Fire Breathing","Twin Strike"],"picked":"Iron Wave","floor":24},{"not_picked":["Feel No Pain","Thunderclap","Carnage"],"picked":"SKIP","floor":25}],"player_experience":65954,"relics_obtained":[{"floor":9,"key":"Ancient Tea Set"},{"floor":11,"key":"Self Forming Clay"},{"floor":13,"key":"Torii"},{"floor":24,"key":"Regal Pillow"},{"floor":26,"key":"Anchor"}],"event_choices":[{"event_name":"Accursed Blacksmith","player_choice":"Forge","floor":2,"damage_taken":0},{"event_name":"World of Goop","player_choice":"Gather Gold","floor":3,"damage_taken":0},{"event_name":"Addict","player_choice":"Ignored","floor":28,"damage_taken":0},{"event_name":"Back to Basics","player_choice":"Simplicity","floor":30,"damage_taken":0}],"boss_relics":[{"not_picked":["Lizard Tail","White Beast Statue"],"picked":"Tiny House"}],"items_purged_floors":[21],"is_endless":false,"potions_floor_spawned":[1,5,7,10,13,18,19,25],"killed_by":"Champ","ascension_level":0}