{"gold_per_floor":[16,16,91,101,116,116,135,152,152,152,166,185,216,22,22,22],"floor_reached":16,"playtime":1134,"items_purged":[],"score":104,"play_id":"4d6fcb80-9954-406e-81cc-cf7eaa5de3dd","local_time":"20180704174732","is_ascension_mode":false,"campfire_choices":[{"data":"Double Tap","floor":6,"key":"SMITH"},{"data":"Dual Wield","floor":10,"key":"SMITH"},{"floor":15,"key":"REST"}],"neow_cost":"NO_GOLD","seed_source_timestamp":1813804771885546,"circlet_count":0,"master_deck":["Strike_R","Strike_R","Strike_R","Strike_R","Strike_R","Defend_R","Defend_R","Defend_R","Defend_R","Bash","Double Tap+1","Headbutt","Dual Wield+1","Cleave","Perfected Strike","Clothesline","Reaper","Whirlwind","Limit Break+1"],"relics":["Burning Blood","Letter Opener","Toxic Egg 2","Toy Ornithopter"],"potions_floor_usage":[13,16,16],"damage_taken":[{"damage":10,"enemies":"Jaw Worm","floor":1,"turns":4},{"damage":0,"enemies":"Small Slimes","floor":4,"turns":3},{"damage":7,"enemies":"2 Louse","floor":5,"turns":2},{"damage":7,"enemies":"Looter","floor":7,"turns":5},{"damage":8,"enemies":"Red Slaver","floor":8,"turns":2},{"damage":13,"enemies":"Large Slime","floor":11,"turns":5},{"damage":15,"enemies":"3 Louse","floor":12,"turns":4},{"damage":19,"enemies":"Gremlin Nob","floor":13,"turns":4},{"damage":82,"enemies":"The Guardian","floor":16,"turns":9}],"seed_played":"-4315689433230092578","potions_obtained":[{"floor":4,"key":"Swift Potion"},{"floor":5,"key":"Weak Potion"},{"floor":13,"key":"Dexterity Potion"}],"is_trial":false,"path_per_floor":["M","?","?","M","M","R","M","M","T","R","M","M","E","$","R"],"character_chosen":"IRONCLAD","items_purchased":["Toy Ornithopter"],"campfire_rested":1,"item_purchase_floors":[14],"current_hp_per_floor":[76,76,65,71,70,70,69,67,67,67,60,59,46,46,70,0],"gold":22,"neow_bonus":"THREE_RARE_CARDS","is_prod":false,"is_daily":false,"chose_seed":false,"campfire_upgraded":2,"win_rate":0,"timestamp":1530722852,"path_taken":["M","?","?","M","M","R","M","M","T","R","M","M","E","$","R","BOSS"],"build_version":"2018-06-28","purchased_purges":0,"victory":false,"max_hp_per_floor":[80,80,80,80,80,80,80,80,80,80,80,80,80,80,80,80],"card_choices":[{"not_picked":["Impervious","Berserk"],"picked":"Double Tap","floor":0},{"not_picked":["Shrug It Off","Shockwave"],"picked":"Headbutt","floor":1},{"not_picked":["Warcry","True Grit"],"picked":"Dual Wield","floor":4},{"not_picked":["Feel No Pain","Pommel Strike"],"picked":"Cleave","floor":5},{"not_picked":["Twin Strike","Heavy Blade"],"picked":"Perfected Strike","floor":7},{"not_picked":["Flame Barrier","Perfected Strike"],"picked":"Clothesline","floor":8},{"not_picked":["Disarm","Burning Pact"],"picked":"Reaper","floor":11},{"not_picked":["True Grit","Perfected Strike"],"picked":"Whirlwind","floor":12},{"not_picked":["Flex","Thunderclap"],"picked":"Limit Break","floor":13}],"player_experience":108938,"relics_obtained":[{"floor":9,"key":"Letter Opener"},{"floor":13,"key":"Toxic Egg 2"}],"event_choices":[{"event_name":"The Cleric","player_choice":"Leave","floor":2,"damage_taken":0},{"event_name":"World of Goop","player_choice":"Gather Gold","floor":3,"damage_taken":0}],"boss_relics":[],"items_purged_floors":[],"is_endless":false,"potions_floor_spawned":[4,5,13],"killed_by":"The Guardian","ascension_level":0}