{"gold_per_floor":[115,125,136,9,9,41,57,57,81,97,127,147,180,195,195,296,296,307,317,317,68,28,61,61,74,74,74,74,100,120,138,138,241,241,254,265,283,295,295,328,17,17,43,54,85,104,104,119,119,119],"floor_reached":51,"playtime":8616,"items_purged":["Clumsy","Defend_R"],"score":1023,"play_id":"b5c3c1b1-9390-4583-a237-fc34887b62b0","local_time":"20180705213242","is_ascension_mode":false,"campfire_choices":[{"data":"Clothesline","floor":15,"key":"SMITH"},{"data":"Metallicize","floor":24,"key":"SMITH"},{"data":"Dark Embrace","floor":28,"key":"SMITH"},{"floor":32,"key":"REST"},{"floor":42,"key":"REST"},{"floor":47,"key":"DIG"},{"floor":49,"key":"DIG"}],"neow_cost":"CURSE","seed_source_timestamp":1906216023053625,"circlet_count":0,"master_deck":["Strike_R","Strike_R","Strike_R","Strike_R+1","Strike_R","Defend_R","Defend_R+1","Bash","Iron Wave","Iron Wave","Headbutt","Iron Wave+1","Reaper","Metallicize+1","Rampage","Clothesline+1","Pommel Strike","Spot Weakness+1","Headbutt","Dark Embrace+1","Clumsy","Metallicize","Flame Barrier+1","Metallicize+1","Clash+1","Dual Wield","Headbutt+1","Feed","Warcry+1","Warcry","Inflame+1","Metallicize","Evolve+1","Impervious","Shockwave+1","Twin Strike+1"],"relics":["Burning Blood","Omamori","Strawberry","Regal Pillow","Dodecahedron","Calling Bell","Pen Nib","Gremlin Horn","Ginger","Whetstone","Boot","Letter Opener","Orichalcum","Mark of Pain","Shovel","Bag of Marbles","Pear","War Paint","Dream Catcher","Anchor","Bottled Tornado"],"potions_floor_usage":[7,12,13,16,19,23,23,23,31,33,33,35,39,45,45,50],"damage_taken":[{"damage":0,"enemies":"2 Louse","floor":1,"turns":4},{"damage":3,"enemies":"Jaw Worm","floor":2,"turns":4},{"damage":4,"enemies":"Cultist","floor":3,"turns":4},{"damage":14,"enemies":"Gremlin Nob","floor":6,"turns":5},{"damage":0,"enemies":"3 Louse","floor":7,"turns":1},{"damage":4,"enemies":"Lots of Slimes","floor":10,"turns":7},{"damage":9,"enemies":"3 Sentries","floor":11,"turns":9},{"damage":16,"enemies":"Exordium Thugs","floor":12,"turns":6},{"damage":7,"enemies":"Gremlin Nob","floor":13,"turns":5},{"damage":1,"enemies":"Large Slime","floor":14,"turns":7},{"damage":41,"enemies":"The Guardian","floor":16,"turns":8},{"damage":12,"enemies":"Chosen","floor":18,"turns":5},{"damage":24,"enemies":"3 Byrds","floor":19,"turns":6},{"damage":23,"enemies":"Slavers","floor":23,"turns":9},{"damage":9,"enemies":"Snecko","floor":25,"turns":5},{"damage":30,"enemies":"Book of Stabbing","floor":29,"turns":7},{"damage":22,"enemies":"Cultist and Chosen","floor":30,"turns":7},{"damage":21,"enemies":"3 Cultists","floor":31,"turns":7},{"damage":51,"enemies":"Collector","floor":33,"turns":13},{"damage":4,"enemies":"3 Darklings","floor":35,"turns":6},{"damage":17,"enemies":"Orb Walker","floor":36,"turns":6},{"damage":28,"enemies":"3 Darklings","floor":37,"turns":11},{"damage":47,"enemies":"4 Shapes","floor":38,"turns":9},{"damage":20,"floor":39,"turns":12},{"damage":48,"enemies":"Nemesis","floor":40,"turns":7},{"damage":13,"enemies":"Sphere and 2 Shapes","floor":44,"turns":6},{"damage":29,"enemies":"Giant Head","floor":45,"turns":9},{"damage":23,"enemies":"3 Darklings","floor":46,"turns":7},{"damage":0,"enemies":"Maw","floor":48,"turns":6},{"damage":69,"enemies":"Time Eater","floor":50,"turns":14}],"seed_played":"156068211822037729","potions_obtained":[{"floor":6,"key":"AttackPotion"},{"floor":7,"key":"Fire Potion"},{"floor":12,"key":"Energy Potion"},{"floor":14,"key":"AttackPotion"},{"floor":18,"key":"Regen Potion"},{"floor":22,"key":"SkillPotion"},{"floor":22,"key":"Swift Potion"},{"floor":22,"key":"EntropicBrew"},{"floor":29,"key":"Ancient Potion"},{"floor":31,"key":"SpeedPotion"},{"floor":33,"key":"AttackPotion"},{"floor":38,"key":"Regen Potion"},{"floor":39,"key":"FearPotion"},{"floor":46,"key":"Poison Potion"}],"is_trial":false,"path_per_floor":["M","M","M","$","?","E","M","?","T","M","E","M","E","M","R","B",null,"M","M","?","$","?","E","R","M","T","?","R","E","M","M","R","B",null,"M","M","M","M","?","E","$","R","T","M","E","M","R","M","R","B"],"character_chosen":"IRONCLAD","items_purchased":["Iron Wave","Whetstone","Pear","Metallicize"],"campfire_rested":2,"item_purchase_floors":[4,21,41,41],"current_hp_per_floor":[96,96,96,96,89,81,87,87,94,103,100,96,99,103,103,68,103,99,99,103,103,103,99,99,100,100,100,100,76,68,77,103,58,103,106,95,105,67,95,66,76,122,122,125,115,125,125,128,128,98],"gold":119,"neow_bonus":"TWENTY_PERCENT_HP_BONUS","is_prod":false,"is_daily":false,"chose_seed":false,"campfire_upgraded":3,"win_rate":0,"timestamp":1530822762,"path_taken":["M","M","M","$","?","E","?","?","T","M","E","M","E","M","R","BOSS","M","M","?","$","?","E","R","?","T","?","R","E","M","?","R","BOSS","M","M","M","M","?","E","$","R","T","?","E","M","R","M","R","BOSS"],"build_version":"2018-06-28","purchased_purges":2,"victory":true,"max_hp_per_floor":[96,96,96,96,96,96,96,96,103,103,103,103,103,103,103,103,103,103,103,103,103,103,103,103,103,103,103,103,103,103,103,103,103,103,106,106,106,109,112,112,122,122,122,125,125,125,125,128,128,128],"card_choices":[{"not_picked":["Flame Barrier","Disarm"],"picked":"Iron Wave","floor":1},{"not_picked":["Corruption","Twin Strike"],"picked":"Iron Wave","floor":2},{"not_picked":["Sword Boomerang","Uppercut"],"picked":"Headbutt","floor":3},{"not_picked":["Warcry","Armaments"],"picked":"Reaper","floor":6},{"not_picked":["Iron Wave","Wild Strike"],"picked":"Metallicize","floor":7},{"not_picked":["Body Slam","Shrug It Off"],"picked":"Rampage","floor":10},{"not_picked":["Shrug It Off","Burning Pact"],"picked":"Clothesline","floor":11},{"not_picked":["Anger","Iron Wave"],"picked":"Pommel Strike","floor":12},{"not_picked":["Infernal Blade","Brutality"],"picked":"Spot Weakness","floor":13},{"not_picked":["Combust","Shrug It Off"],"picked":"Headbutt","floor":14},{"not_picked":["Bludgeon","Brutality"],"picked":"Dark Embrace","floor":16},{"not_picked":["Body Slam","Clash"],"picked":"Metallicize","floor":18},{"not_picked":["Warcry","Bloodletting"],"picked":"Flame Barrier+1","floor":19},{"not_picked":["Warcry+1","Carnage"],"picked":"Metallicize","floor":23},{"not_picked":["Wild Strike+1","Reckless Charge"],"picked":"Clash+1","floor":25},{"not_picked":["Entrench","Hemokinesis","Wild Strike+1"],"picked":"SKIP","floor":29},{"not_picked":["Burning Pact+1","Pommel Strike","Clothesline"],"picked":"SKIP","floor":30},{"not_picked":["Iron Wave","Sword Boomerang"],"picked":"Headbutt+1","floor":31},{"not_picked":["Barricade","Demon Form"],"picked":"Feed","floor":33},{"not_picked":["Twin Strike+1","Shrug It Off"],"picked":"Warcry+1","floor":35},{"not_picked":["Perfected Strike","Twin Strike+1","Entrench"],"picked":"SKIP","floor":36},{"not_picked":["Shrug It Off","Barricade","Armaments+1"],"picked":"SKIP","floor":37},{"not_picked":["Iron Wave","Headbutt+1","Wild Strike+1"],"picked":"SKIP","floor":38},{"not_picked":["Iron Wave+1","Clash+1"],"picked":"Warcry","floor":39},{"not_picked":["Ghostly Armor","Iron Wave"],"picked":"Inflame+1","floor":40},{"not_picked":["Cleave+1","Warcry"],"picked":"Evolve+1","floor":44},{"not_picked":["Brutality","Twin Strike+1"],"picked":"Impervious","floor":45},{"not_picked":["Infernal Blade","Clash+1"],"picked":"Shockwave+1","floor":46},{"not_picked":["Headbutt","Rampage"],"picked":"Twin Strike+1","floor":48}],"player_experience":125239,"relics_obtained":[{"floor":6,"key":"Omamori"},{"floor":9,"key":"Strawberry"},{"floor":11,"key":"Regal Pillow"},{"floor":13,"key":"Dodecahedron"},{"floor":17,"key":"Pen Nib"},{"floor":17,"key":"Gremlin Horn"},{"floor":17,"key":"Ginger"},{"floor":23,"key":"Boot"},{"floor":26,"key":"Letter Opener"},{"floor":29,"key":"Orichalcum"},{"floor":39,"key":"Shovel"},{"floor":40,"key":"Bag of Marbles"},{"floor":43,"key":"War Paint"},{"floor":45,"key":"Dream Catcher"},{"floor":47,"key":"Anchor"},{"floor":49,"key":"Bottled Tornado"}],"event_choices":[{"event_name":"Golden Wing","player_choice":"Card Removal","floor":5,"damage_taken":0},{"event_name":"Upgrade Shrine","player_choice":"Upgraded","floor":8,"damage_taken":0},{"event_name":"Wheel of Change","player_choice":"Full Heal","floor":20,"damage_taken":0},{"event_name":"The Woman in Blue","player_choice":"Bought 3 Potions","floor":22,"damage_taken":0},{"event_name":"Match and Keep!","player_choice":"1 cards matched","floor":27,"damage_taken":0},{"event_name":"MindBloom","player_choice":"Fight","floor":39,"damage_taken":0}],"boss_relics":[{"not_picked":["Velvet Choker","Philosopher\u0027s Stone"],"picked":"Calling Bell"},{"not_picked":["Black Blood","Empty Cage"],"picked":"Mark of Pain"}],"items_purged_floors":[4,21],"is_endless":false,"potions_floor_spawned":[6,7,12,14,18,29,31,33,38,39,46],"ascension_level":0}