{"gold_per_floor":[115,133,147,97,45,45,58,58,81,81,95,23,52,70,70,170,170,182,201,212,212,212,212,244,244,244,169,189,203,229,49,49,49],"floor_reached":33,"playtime":3084,"items_purged":["Defend_R","Defend_R"],"score":312,"play_id":"c6acb1b9-34e6-4698-8821-85e3d8b2d2f6","local_time":"20180704183923","is_ascension_mode":false,"campfire_choices":[{"data":"Iron Wave","floor":8,"key":"SMITH"},{"data":"Iron Wave","floor":10,"key":"SMITH"},{"data":"Iron Wave","floor":15,"key":"SMITH"},{"floor":23,"key":"REST"},{"floor":25,"key":"REST"},{"data":"Limit Break","floor":32,"key":"SMITH"}],"neow_cost":"NONE","seed_source_timestamp":1814968635428144,"circlet_count":0,"master_deck":["Strike_R","Strike_R","Strike_R","Strike_R","Strike_R","Bash","Offering","Iron Wave+1","Infernal Blade","Pommel Strike","Iron Wave+1","Spot Weakness","Clothesline","Cleave","Inflame","Spot Weakness","Iron Wave+1","Demon Form","Ghostly Armor","Rage+1","Shrug It Off","Double Tap","Iron Wave+1","Iron Wave","Iron Wave","Limit Break+1"],"relics":["Burning Blood","Anchor","Oddly Smooth Stone","Black Star","Bottled Flame","Juzu Bracelet","Bag of Preparation","Self Forming Clay","Bronze Scales","Pen Nib"],"potions_floor_usage":[18,20,24,24,33],"damage_taken":[{"damage":4,"enemies":"Small Slimes","floor":1,"turns":4},{"damage":4,"enemies":"2 Louse","floor":2,"turns":2},{"damage":10,"enemies":"Cultist","floor":3,"turns":3},{"damage":7,"enemies":"Exordium Wildlife","floor":7,"turns":4},{"damage":0,"enemies":"Red Slaver","floor":11,"turns":2},{"damage":11,"enemies":"Lagavulin","floor":13,"turns":5},{"damage":4,"enemies":"Looter","floor":14,"turns":4},{"damage":41,"enemies":"The Guardian","floor":16,"turns":9},{"damage":6,"enemies":"2 Thieves","floor":18,"turns":4},{"damage":8,"enemies":"Shell Parasite","floor":19,"turns":4},{"damage":19,"enemies":"Snake Plant","floor":20,"turns":4},{"damage":25,"enemies":"Slavers","floor":24,"turns":7},{"damage":28,"enemies":"Chosen and Byrds","floor":28,"turns":6},{"damage":6,"enemies":"Snecko","floor":29,"turns":5},{"damage":14,"enemies":"Book of Stabbing","floor":30,"turns":5},{"damage":61,"enemies":"Collector","floor":33,"turns":8}],"seed_played":"-9139658660260779866","potions_obtained":[{"floor":2,"key":"EssenceOfSteel"},{"floor":3,"key":"SkillPotion"},{"floor":13,"key":"SpeedPotion"},{"floor":19,"key":"Fruit Juice"},{"floor":29,"key":"Ancient Potion"}],"is_trial":false,"path_per_floor":["M","M","M","?","$","?","M","R","T","R","M","$","E","M","R","B",null,"M","M","M","T","?","R","E","R","T","$","M","M","E","$","R"],"character_chosen":"IRONCLAD","items_purchased":["Iron Wave","Inflame","Limit Break"],"campfire_rested":2,"item_purchase_floors":[5,12,31],"current_hp_per_floor":[80,80,76,76,76,76,75,75,75,75,80,80,75,77,77,42,80,80,78,70,70,54,81,62,89,89,89,67,67,59,59,59,0],"gold":49,"neow_bonus":"ONE_RANDOM_RARE_CARD","is_prod":false,"is_daily":false,"chose_seed":false,"campfire_upgraded":4,"win_rate":0,"timestamp":1530725963,"path_taken":["M","M","M","?","$","?","M","R","T","R","M","$","E","M","R","BOSS","M","M","M","?","?","R","E","R","T","$","M","M","E","?","R","BOSS"],"build_version":"2018-06-28","purchased_purges":2,"victory":false,"max_hp_per_floor":[80,80,80,80,80,80,80,80,80,80,80,80,80,80,80,80,80,80,80,85,85,90,90,90,90,90,90,90,90,90,90,90,90],"card_choices":[{"not_picked":["Thunderclap","Fire Breathing"],"picked":"Iron Wave","floor":1},{"not_picked":["Flex","Twin Strike"],"picked":"Infernal Blade","floor":2},{"not_picked":["Metallicize","Hemokinesis"],"picked":"Pommel Strike","floor":3},{"not_picked":["Combust","Warcry"],"picked":"Clothesline","floor":7},{"not_picked":["Impervious","Rampage"],"picked":"Cleave","floor":11},{"not_picked":["Anger","Clash"],"picked":"Spot Weakness","floor":13},{"not_picked":["Pummel","Shrug It Off"],"picked":"Iron Wave","floor":14},{"not_picked":["Double Tap","Dark Embrace"],"picked":"Demon Form","floor":16},{"not_picked":["Anger","Carnage"],"picked":"Ghostly Armor","floor":18},{"not_picked":["Feel No Pain+1","Second Wind"],"picked":"Rage+1","floor":19},{"not_picked":["Dropkick","Spot Weakness"],"picked":"Shrug It Off","floor":20},{"not_picked":["Headbutt","Clothesline+1"],"picked":"Double Tap","floor":24},{"not_picked":["Twin Strike+1","Headbutt"],"picked":"Iron Wave+1","floor":28},{"not_picked":["Armaments+1","Clash"],"picked":"Iron Wave","floor":29},{"not_picked":["Bloodletting","Twin Strike"],"picked":"Iron Wave","floor":30}],"player_experience":110072,"relics_obtained":[{"floor":9,"key":"Anchor"},{"floor":13,"key":"Oddly Smooth Stone"},{"floor":21,"key":"Bottled Flame"},{"floor":24,"key":"Juzu Bracelet"},{"floor":24,"key":"Bag of Preparation"},{"floor":26,"key":"Self Forming Clay"},{"floor":30,"key":"Bronze Scales"},{"floor":30,"key":"Pen Nib"}],"event_choices":[{"event_name":"The Cleric","player_choice":"Card Removal","floor":4,"damage_taken":0},{"event_name":"Living Wall","player_choice":"Change","floor":6,"damage_taken":0},{"event_name":"Forgotten Altar","player_choice":"Shed Blood","floor":22,"damage_taken":0}],"boss_relics":[{"not_picked":["Eternal Feather","Ectoplasm"],"picked":"Black Star"}],"items_purged_floors":[27,31],"is_endless":false,"potions_floor_spawned":[2,3,13,19,29],"killed_by":"Collector","ascension_level":0}