{"gold_per_floor":[114,62,79,91,191,217,227,227,307,335,335,347,55,69,69,174,174,185,199,199,199,46,71,88,117,117,117,134,134,150,164,164,268,268,285,304,229,277,289,289,303,303,383,383,414,425,14,34,34,34],"floor_reached":51,"playtime":6335,"items_purged":["Pain","Regret"],"score":706,"play_id":"a4d75e1a-9dc8-478f-bdde-7da472bd9cb3","local_time":"20180629223400","is_ascension_mode":false,"campfire_choices":[{"data":"Shrug It Off","floor":8,"key":"SMITH"},{"floor":11,"key":"REST"},{"data":"Cleave","floor":15,"key":"SMITH"},{"data":"1","floor":27,"key":"LIFT"},{"data":"2","floor":29,"key":"LIFT"},{"data":"3","floor":32,"key":"LIFT"},{"floor":40,"key":"REST"},{"data":"Limit Break","floor":42,"key":"SMITH"},{"floor":44,"key":"REST"},{"floor":49,"key":"REST"}],"neow_cost":"NONE","seed_source_timestamp":1393760554073248,"circlet_count":0,"master_deck":["Strike_R","Strike_R","Strike_R+1","Strike_R","Strike_R+1","Bash","Cleave+1","Perfected Strike","Clash","Shrug It Off+1","Ghostly Armor","Clash","Shrug It Off","Shockwave","Headbutt","Barricade","Heavy Blade+1","Shrug It Off+1","Whirlwind+1","Body Slam","Spot Weakness+1","Flex","Offering","Fire Breathing+1","Rage","Searing Blow+1","Limit Break+1","Writhe","Uppercut+1","Thunderclap+1","Intimidate","Flame Barrier+1"],"relics":["Burning Blood","Whetstone","Bird Faced Urn","Centennial Puzzle","Regal Pillow","Kunai","Astrolabe","Blood Vial","Sundial","Girya","Bottled Lightning","Calling Bell","Oddly Smooth Stone","Mummified Hand","Magic Flower","Ice Cream","Darkstone Periapt","Lantern","Pear"],"potions_floor_usage":[16,23,28,30,33,33,33,38,45,50,50,50],"damage_taken":[{"damage":1,"enemies":"Cultist","floor":1,"turns":3},{"damage":0,"enemies":"Small Slimes","floor":3,"turns":3},{"damage":1,"enemies":"Jaw Worm","floor":4,"turns":3},{"damage":25,"enemies":"Gremlin Nob","floor":6,"turns":4},{"damage":2,"enemies":"Blue Slaver","floor":7,"turns":4},{"damage":22,"enemies":"Lagavulin","floor":10,"turns":6},{"damage":11,"enemies":"Lots of Slimes","floor":12,"turns":3},{"damage":3,"enemies":"3 Louse","floor":14,"turns":3},{"damage":49,"enemies":"Slime Boss","floor":16,"turns":12},{"damage":5,"enemies":"Shell Parasite","floor":18,"turns":5},{"damage":10,"enemies":"Chosen","floor":19,"turns":3},{"damage":23,"enemies":"Slavers","floor":23,"turns":4},{"damage":8,"enemies":"Snake Plant","floor":24,"turns":5},{"damage":22,"enemies":"Book of Stabbing","floor":25,"turns":6},{"damage":29,"enemies":"3 Cultists","floor":28,"turns":5},{"damage":4,"enemies":"Sentry and Sphere","floor":30,"turns":3},{"damage":8,"enemies":"Centurion and Healer","floor":31,"turns":4},{"damage":52,"enemies":"Automaton","floor":33,"turns":8},{"damage":22,"enemies":"3 Darklings","floor":35,"turns":3},{"damage":9,"enemies":"Orb Walker","floor":36,"turns":3},{"damage":16,"floor":38,"turns":2},{"damage":31,"enemies":"4 Shapes","floor":39,"turns":3},{"damage":36,"enemies":"Sphere and 2 Shapes","floor":41,"turns":5},{"damage":28,"enemies":"Giant Head","floor":45,"turns":7},{"damage":21,"enemies":"Maw","floor":46,"turns":6},{"damage":10,"enemies":"3 Darklings","floor":48,"turns":4},{"damage":93,"enemies":"Awakened One","floor":50,"turns":10}],"seed_played":"-8750991839003675957","potions_obtained":[{"floor":3,"key":"BloodPotion"},{"floor":7,"key":"BloodPotion"},{"floor":12,"key":"Fire Potion"},{"floor":18,"key":"Swift Potion"},{"floor":24,"key":"Fire Potion"},{"floor":30,"key":"Block Potion"},{"floor":31,"key":"SpeedPotion"},{"floor":36,"key":"Strength Potion"},{"floor":41,"key":"SkillPotion"},{"floor":45,"key":"Poison Potion"},{"floor":46,"key":"FearPotion"}],"is_trial":false,"path_per_floor":["M","$","M","M","?","E","M","R","T","E","R","M","$","M","R","B",null,"M","M","?","?","$","E","M","E","T","R","M","R","M","M","R","B",null,"M","M","$","?","M","R","M","R","T","R","E","M","$","M","R","B"],"character_chosen":"IRONCLAD","items_purchased":["Perfected Strike","Headbutt","Kunai","Blood Vial","Pear","Strength Potion"],"campfire_rested":4,"item_purchase_floors":[2,13,13,22,47,47],"current_hp_per_floor":[80,80,80,80,80,61,65,65,65,49,80,75,75,78,78,35,80,80,76,76,76,76,69,71,59,59,59,48,48,54,56,56,14,80,67,70,70,69,50,80,56,56,56,80,64,58,68,76,90,12],"gold":34,"neow_bonus":"RANDOM_COMMON_RELIC","is_prod":false,"is_daily":false,"chose_seed":false,"campfire_upgraded":3,"win_rate":0.0,"timestamp":1530308040,"path_taken":["M","?","M","M","?","E","M","R","T","E","R","M","$","M","R","BOSS","M","M","?","?","?","E","M","E","T","R","?","R","M","M","R","BOSS","M","?","$","?","M","R","M","R","T","R","E","M","$","M","R","BOSS"],"build_version":"2018-06-28","purchased_purges":2,"victory":true,"max_hp_per_floor":[80,80,80,80,80,80,80,80,80,80,80,80,80,80,80,80,80,80,80,80,80,80,80,80,80,80,80,80,80,80,80,80,80,80,80,80,80,80,80,80,80,80,80,80,80,80,90,90,90,90],"card_choices":[{"not_picked":["Clothesline","Reckless Charge"],"picked":"Cleave","floor":1},{"not_picked":["Pommel Strike","Body Slam"],"picked":"Clash","floor":3},{"not_picked":["Rupture","True Grit"],"picked":"Shrug It Off","floor":4},{"not_picked":["Heavy Blade","Warcry"],"picked":"Ghostly Armor","floor":6},{"not_picked":["Armaments","Thunderclap"],"picked":"Clash","floor":7},{"not_picked":["Armaments","Power Through"],"picked":"Shrug It Off","floor":10},{"not_picked":["Inflame","Impervious"],"picked":"Shockwave","floor":12},{"not_picked":["True Grit","Headbutt","Armaments"],"picked":"SKIP","floor":14},{"not_picked":["Double Tap","Bludgeon"],"picked":"Barricade","floor":16},{"not_picked":["Warcry","Rupture"],"picked":"Body Slam","floor":18},{"not_picked":["Shrug It Off+1","Iron Wave"],"picked":"Spot Weakness+1","floor":19},{"not_picked":["Second Wind","Heavy Blade","Clothesline"],"picked":"SKIP","floor":23},{"not_picked":["Infernal Blade","Heavy Blade"],"picked":"Offering","floor":24},{"not_picked":["Ghostly Armor","Seeing Red"],"picked":"Fire Breathing+1","floor":25},{"not_picked":["Corruption+1","Shockwave"],"picked":"Rage","floor":28},{"not_picked":["Carnage","Power Through+1"],"picked":"Searing Blow+1","floor":30},{"not_picked":["Sword Boomerang","Headbutt","Anger"],"picked":"SKIP","floor":31},{"not_picked":["Barricade","Offering"],"picked":"Limit Break","floor":33},{"not_picked":["Combust","Disarm"],"picked":"Uppercut+1","floor":35},{"not_picked":["Hemokinesis+1","Clothesline+1","Pommel Strike"],"picked":"SKIP","floor":36},{"not_picked":["Pommel Strike","Twin Strike"],"picked":"Thunderclap+1","floor":38},{"not_picked":["Thunderclap","Warcry+1","Bludgeon"],"picked":"SKIP","floor":39},{"not_picked":["Disarm+1","Iron Wave","Headbutt"],"picked":"SKIP","floor":41},{"not_picked":["Perfected Strike","Uppercut+1"],"picked":"Intimidate","floor":45},{"not_picked":["Perfected Strike+1","Pommel Strike"],"picked":"Flame Barrier+1","floor":46},{"not_picked":["Shrug It Off+1","Body Slam","Rampage+1"],"picked":"SKIP","floor":48}],"player_experience":15084,"relics_obtained":[{"floor":6,"key":"Bird Faced Urn"},{"floor":9,"key":"Centennial Puzzle"},{"floor":10,"key":"Regal Pillow"},{"floor":23,"key":"Sundial"},{"floor":25,"key":"Girya"},{"floor":26,"key":"Bottled Lightning"},{"floor":34,"key":"Oddly Smooth Stone"},{"floor":34,"key":"Mummified Hand"},{"floor":34,"key":"Magic Flower"},{"floor":38,"key":"Ice Cream"},{"floor":43,"key":"Darkstone Periapt"},{"floor":45,"key":"Lantern"}],"event_choices":[{"event_name":"Wheel of Change","player_choice":"Gold","floor":5,"damage_taken":0},{"event_name":"The Library","player_choice":"Read","floor":20,"damage_taken":0},{"event_name":"Purifier","player_choice":"One Purge","floor":21,"damage_taken":0},{"event_name":"Mysterious Sphere","player_choice":"Fight","floor":38,"damage_taken":0}],"boss_relics":[{"not_picked":["Tiny House","Runic Cube"],"picked":"Astrolabe"},{"not_picked":["White Beast Statue","Velvet Choker"],"picked":"Calling Bell"}],"items_purged_floors":[37,47],"is_endless":false,"potions_floor_spawned":[3,7,12,18,19,24,30,31,36,41,45,46],"ascension_level":0}