{"gold_per_floor":[111,124,74,92,18,29,57,57,83,93,110,138,138,164,164,268,268,284,284,297,297,146,146,177,177,177,177,206,221,221,251,251,350,350,364,364,364,384,213,213,313,313,367,96,110,110,123,133,133,133],"floor_reached":51,"playtime":5509,"items_purged":["Heavy Blade","True Grit"],"score":863,"play_id":"1e669d06-4885-44f2-9a36-14e683c6b80e","local_time":"20180714215307","is_ascension_mode":true,"campfire_choices":[{"data":"True Grit","floor":8.0,"key":"SMITH"},{"data":"Dark Embrace","floor":15.0,"key":"SMITH"},{"data":"Offering","floor":23.0,"key":"SMITH"},{"floor":27.0,"key":"REST"},{"data":"Limit Break","floor":30.0,"key":"SMITH"},{"data":"Metallicize","floor":32.0,"key":"SMITH"},{"data":"Demon Form","floor":42,"key":"SMITH"},{"data":"Seeing Red","floor":46,"key":"SMITH"},{"data":"Seeing Red","floor":49,"key":"SMITH"}],"neow_cost":"TEN_PERCENT_HP_LOSS","seed_source_timestamp":0,"circlet_count":0,"master_deck":["Bash","Clothesline","Anger","True Grit+1","Metallicize+1","Havoc","Immolate","Metallicize","Dark Embrace+1","Offering+1","Evolve","Infernal Blade","Spot Weakness","Cleave","Headbutt","Ghostly Armor","Power Through","Feel No Pain","Metallicize","Metallicize+1","Limit Break+1","Warcry","Infernal Blade+1","Demon Form+1","Sword Boomerang+1","Seeing Red+1","Shrug It Off","Inflame","Seeing Red+1","Offering+1","Pummel+1","Dual Wield+1"],"special_seed":0,"relics":["Burning Blood","Thread and Needle","Omamori","Lantern","Orichalcum","Bag of Marbles","Pandora\u0027s Box","Nilry\u0027s Codex","Dream Catcher","Bag of Preparation","Turnip","Bronze Scales","Eternal Feather","Pen Nib","DollysMirror"],"potions_floor_usage":[45,50,50,50],"damage_taken":[{"damage":0.0,"enemies":"2 Louse","floor":1.0,"turns":4.0},{"damage":3.0,"enemies":"Jaw Worm","floor":2.0,"turns":3.0},{"damage":0.0,"enemies":"Cultist","floor":4.0,"turns":3.0},{"damage":0.0,"enemies":"Blue Slaver","floor":6.0,"turns":5.0},{"damage":3.0,"enemies":"3 Sentries","floor":7.0,"turns":8.0},{"damage":6.0,"enemies":"Exordium Wildlife","floor":10.0,"turns":5.0},{"damage":0.0,"enemies":"Large Slime","floor":11.0,"turns":5.0},{"damage":7.0,"enemies":"Gremlin Nob","floor":12.0,"turns":3.0},{"damage":16.0,"enemies":"Lagavulin","floor":14.0,"turns":6.0},{"damage":44.0,"enemies":"Hexaghost","floor":16.0,"turns":10.0},{"damage":4.0,"enemies":"3 Byrds","floor":18.0,"turns":4.0},{"damage":12.0,"enemies":"Spheric Guardian","floor":20.0,"turns":5.0},{"damage":22.0,"enemies":"Gremlin Leader","floor":24.0,"turns":5.0},{"damage":9.0,"enemies":"Slavers","floor":28.0,"turns":6.0},{"damage":7.0,"enemies":"Centurion and Healer","floor":29.0,"turns":6.0},{"damage":11.0,"enemies":"Gremlin Leader","floor":31.0,"turns":9.0},{"damage":6.0,"enemies":"Champ","floor":33.0,"turns":8.0},{"damage":23,"enemies":"3 Darklings","floor":35,"turns":5},{"damage":4,"enemies":"Flame Bruiser 1 Orb","floor":38,"turns":4},{"damage":13,"enemies":"3 Darklings","floor":45,"turns":2},{"damage":14,"enemies":"4 Shapes","floor":47,"turns":5},{"damage":4,"enemies":"Maw","floor":48,"turns":5},{"damage":71,"enemies":"Awakened One","floor":50,"turns":13}],"seed_played":"-4890958950333746800","potions_obtained":[{"floor":1.0,"key":"Fire Potion"},{"floor":4.0,"key":"FearPotion"},{"floor":10.0,"key":"LiquidBronze"},{"floor":11.0,"key":"Strength Potion"},{"floor":16.0,"key":"Block Potion"},{"floor":20.0,"key":"FearPotion"},{"floor":24.0,"key":"Fire Potion"},{"floor":31.0,"key":"Dexterity Potion"},{"floor":38,"key":"Block Potion"},{"floor":47,"key":"Weak Potion"}],"is_trial":false,"path_per_floor":["M","M","?","M","$","M","E","R","T","M","M","E","?","E","R","B",null,"M","?","M","?","$","R","E","?","T","R","E","M","R","E","R","B",null,"M","?","?","M","$","?","?","R","T","$","M","R","M","M","R","B"],"character_chosen":"IRONCLAD","items_purchased":["Metallicize","Feel No Pain","Inflame","Seeing Red","DollysMirror"],"campfire_rested":1,"item_purchase_floors":[5,22,39,44,44],"current_hp_per_floor":[72,72,72,72,72,72,72,72,72,72,72,71,76,66,66,28,77,77,77,71,55,55,55,39,39,39,62,67,73,73,68,68,68,80,66,66,66,68,68,68,68,78,78,78,71,83,75,77,83,18],"gold":133,"neow_bonus":"ONE_RARE_RELIC","is_prod":false,"is_daily":false,"chose_seed":false,"campfire_upgraded":8,"win_rate":0,"timestamp":1531601587,"path_taken":["M","M","?","M","$","M","E","R","T","?","M","E","?","E","R","BOSS","M","?","?","?","$","R","E","?","T","R","E","M","R","E","R","BOSS","M","?","?","M","$","?","?","R","T","$","?","R","M","?","R","BOSS"],"build_version":"2018-07-12","purchased_purges":2,"victory":true,"max_hp_per_floor":[72,72,72,72,72,72,72,72,72,72,72,72,77,77,77,77,77,77,77,77,77,77,77,77,77,77,77,77,80,80,80,80,80,80,83,83,83,83,83,83,83,83,83,83,83,83,83,83,83,83],"card_choices":[{"not_picked":["Warcry","Dropkick"],"picked":"Clothesline","floor":1.0},{"not_picked":["Cleave","Armaments"],"picked":"Anger","floor":2.0},{"not_picked":["Corruption","Pommel Strike"],"picked":"True Grit","floor":4.0},{"not_picked":["Power Through","Anger"],"picked":"Armaments","floor":6.0},{"not_picked":["Anger","Blood for Blood","Wild Strike"],"picked":"SKIP","floor":7.0},{"not_picked":["Uppercut","Spot Weakness"],"picked":"Havoc","floor":10.0},{"not_picked":["Armaments","Iron Wave"],"picked":"Immolate","floor":11.0},{"not_picked":["Fiend Fire","Shockwave"],"picked":"Metallicize","floor":12.0},{"not_picked":["Entrench","Heavy Blade"],"picked":"Dark Embrace","floor":14.0},{"not_picked":["Dark Embrace","Berserk"],"picked":"Offering","floor":16.0},{"not_picked":["Pommel Strike","Armaments"],"picked":"Power Through","floor":18.0},{"not_picked":["Perfected Strike","Clothesline"],"picked":"Pummel","floor":20.0},{"not_picked":["True Grit","Heavy Blade","Rage"],"picked":"SKIP","floor":24.0},{"not_picked":["True Grit","Dropkick+1"],"picked":"Metallicize+1","floor":27.0},{"not_picked":["Dropkick","Iron Wave+1"],"picked":"Limit Break","floor":28.0},{"not_picked":["Twin Strike","Headbutt"],"picked":"Warcry","floor":29.0},{"not_picked":["Clothesline+1","Heavy Blade"],"picked":"Infernal Blade+1","floor":31.0},{"not_picked":["Impervious","Offering"],"picked":"Demon Form","floor":33.0},{"not_picked":["Dropkick+1","Sentinel"],"picked":"Sword Boomerang+1","floor":35},{"not_picked":["Headbutt","Thunderclap"],"picked":"Shrug It Off","floor":38},{"not_picked":["Rage","Armaments"],"picked":"Pummel+1","floor":45},{"not_picked":["Anger+1","True Grit"],"picked":"Dual Wield+1","floor":47},{"not_picked":["Anger+1","Perfected Strike","Whirlwind"],"picked":"SKIP","floor":48}],"player_experience":285567,"relics_obtained":[{"floor":7.0,"key":"Omamori"},{"floor":9.0,"key":"Lantern"},{"floor":12.0,"key":"Orichalcum"},{"floor":14.0,"key":"Bag of Marbles"},{"floor":21.0,"key":"Nilry\u0027s Codex"},{"floor":24.0,"key":"Dream Catcher"},{"floor":26.0,"key":"Bag of Preparation"},{"floor":28.0,"key":"Turnip"},{"floor":31.0,"key":"Bronze Scales"},{"floor":43,"key":"Pen Nib"}],"event_choices":[{"event_name":"The Cleric","player_choice":"Card Removal","floor":3.0,"damage_taken":0.0},{"event_name":"Big Fish","player_choice":"Donut","floor":13.0,"damage_taken":0.0},{"event_name":"Ghosts","player_choice":"Ignored","floor":19.0,"damage_taken":0.0},{"event_name":"Cursed Tome","player_choice":"Obtained Book","floor":21.0,"damage_taken":0.0},{"event_name":"Duplicator","player_choice":"One dupe","floor":25.0,"damage_taken":0.0},{"event_name":"Transmorgrifier","player_choice":"Transform","floor":36,"damage_taken":0},{"event_name":"Falling","player_choice":"Removed Attack","floor":37,"damage_taken":0},{"event_name":"Tomb of Lord Red Mask","player_choice":"Ignored","floor":40,"damage_taken":0},{"event_name":"Golden Shrine","player_choice":"Pray","floor":41,"damage_taken":0}],"boss_relics":[{"not_picked":["Velvet Choker","Black Star"],"picked":"Pandora\u0027s Box"},{"not_picked":["Lizard Tail","Tiny House"],"picked":"Eternal Feather"}],"items_purged_floors":[22,39],"is_endless":false,"potions_floor_spawned":[1,4,10,11,14,16,20,24,31,38,47],"ascension_level":4}