{"gold_per_floor":[110,128,78,91,110,110,135,60,60,71,146,171,171,205,205,304,304,321,331,351,351,401,434,434,464,518,568,533,560,560,590,590,686,686,705,465,477,547,564,564,576,576,576,626,626,659,673,78,78,78],"floor_reached":51,"playtime":6358,"items_purged":["Strike_R","Defend_R"],"score":1060,"play_id":"43c6dd00-3673-4a3a-b2c3-4afcd8756719","local_time":"20180716231213","is_ascension_mode":true,"campfire_choices":[{"data":"Corruption","floor":6,"key":"SMITH"},{"data":"Clothesline","floor":13,"key":"SMITH"},{"floor":15,"key":"REST"},{"floor":24,"key":"REST"},{"floor":30,"key":"REST"},{"floor":32,"key":"REST"},{"data":"Seeing Red","floor":40,"key":"SMITH"},{"data":"True Grit","floor":42,"key":"SMITH"},{"data":"Spot Weakness","floor":45,"key":"SMITH"},{"data":"Whirlwind","floor":49,"key":"SMITH"}],"neow_cost":"TEN_PERCENT_HP_LOSS","seed_source_timestamp":2864866484670285,"circlet_count":0,"master_deck":["Defend_R","Defend_R","Bash+1","Reckless Charge+1","Ghostly Armor","Sentinel","Immolate","Corruption+1","Inflame","Shrug It Off","Shrug It Off","Spot Weakness+1","Clothesline+1","Demon Form+1","Feed+1","Dual Wield+1","Sever Soul+1","Shrug It Off+1","Twin Strike","Havoc+1","Warcry+1","Sword Boomerang+1","True Grit+1","Inflame+1","Barricade+1","Ghostly Armor+1","Reaper","Body Slam+1","Shrug It Off+1","Uppercut+1","Seeing Red+1","Spot Weakness+1","Seeing Red+1","Madness","Madness","Whirlwind+1","Metallicize+1","Metallicize+1"],"relics":["Burning Blood","Prayer Wheel","Frozen Egg 2","Kunai","Ornamental Fan","Centennial Puzzle","Astrolabe","SsserpentHead","Matryoshka","Orichalcum","Bronze Scales","Whetstone","Strawberry","Pen Nib","Pantograph","Coffee Dripper","Singing Bowl","Smiling Mask","Pear","Bottled Flame","Lantern","Bag of Marbles"],"potions_floor_usage":[5,16,16,16,16,16,19,23,23,25,29,33,35,38,46,47,50],"damage_taken":[{"damage":1,"enemies":"2 Louse","floor":1,"turns":2},{"damage":7,"enemies":"Small Slimes","floor":2,"turns":3},{"damage":0,"enemies":"Cultist","floor":4,"turns":3},{"damage":0,"enemies":"Lots of Slimes","floor":5,"turns":2},{"damage":14,"enemies":"Lagavulin","floor":7,"turns":7},{"damage":7,"enemies":"Looter","floor":10,"turns":4},{"damage":17,"enemies":"3 Sentries","floor":12,"turns":4},{"damage":18,"enemies":"Gremlin Nob","floor":14,"turns":5},{"damage":38,"enemies":"The Guardian","floor":16,"turns":9},{"damage":9,"enemies":"Chosen","floor":18,"turns":5},{"damage":24,"enemies":"2 Thieves","floor":19,"turns":4},{"damage":12,"enemies":"Cultist and Chosen","floor":20,"turns":6},{"damage":35,"enemies":"Slavers","floor":23,"turns":6},{"damage":17,"enemies":"Book of Stabbing","floor":25,"turns":7},{"damage":36,"enemies":"Slavers","floor":29,"turns":6},{"damage":25,"enemies":"Book of Stabbing","floor":31,"turns":4},{"damage":79,"enemies":"Collector","floor":33,"turns":8},{"damage":60,"enemies":"Flame Bruiser 1 Orb","floor":35,"turns":6},{"damage":3,"enemies":"3 Shapes","floor":37,"turns":8},{"damage":10,"enemies":"Transient","floor":38,"turns":5},{"damage":4,"enemies":"Flame Bruiser 2 Orb","floor":39,"turns":6},{"damage":2,"enemies":"Spire Growth","floor":41,"turns":4},{"damage":27,"enemies":"2 Orb Walkers","floor":46,"turns":5},{"damage":2,"enemies":"Maw","floor":47,"turns":6},{"damage":128,"enemies":"Awakened One","floor":50,"turns":9}],"seed_played":"7192624536207491041","potions_obtained":[{"floor":4,"key":"Explosive Potion"},{"floor":10,"key":"Explosive Potion"},{"floor":14,"key":"EntropicBrew"},{"floor":16,"key":"SkillPotion"},{"floor":18,"key":"Block Potion"},{"floor":22,"key":"BloodPotion"},{"floor":22,"key":"SpeedPotion"},{"floor":23,"key":"SteroidPotion"},{"floor":29,"key":"Explosive Potion"},{"floor":31,"key":"Regen Potion"},{"floor":35,"key":"AttackPotion"},{"floor":38,"key":"Swift Potion"},{"floor":41,"key":"PowerPotion"}],"is_trial":false,"path_per_floor":["M","M","?","M","M","R","E","$","T","M","?","E","R","E","R","B",null,"M","M","M","?","?","E","R","E","T","?","?","E","R","E","R","B",null,"M","$","M","M","M","R","M","R","T","?","R","E","M","$","R","B"],"character_chosen":"IRONCLAD","items_purchased":["Singing Bowl","Lantern","Bag of Marbles","Regen Potion","Metallicize+1","SpeedPotion","SpeedPotion"],"campfire_rested":4,"item_purchase_floors":[36,48,48,48,48,48,48],"current_hp_per_floor":[72,71,71,72,72,72,64,64,64,63,52,41,41,29,50,18,59,60,46,40,40,40,27,53,42,42,42,49,27,57,38,68,39,90,86,86,104,117,123,123,123,123,133,116,116,111,117,117,117,70],"gold":78,"neow_bonus":"ONE_RARE_RELIC","is_prod":false,"is_daily":false,"chose_seed":false,"campfire_upgraded":6,"win_rate":0,"timestamp":1531779133,"path_taken":["M","M","?","?","?","R","E","$","T","M","?","E","R","E","R","BOSS","M","M","M","?","?","E","R","E","T","?","?","E","R","E","R","BOSS","M","$","M","?","M","R","M","R","T","?","R","E","M","$","R","BOSS"],"build_version":"2018-07-12","purchased_purges":2,"victory":true,"max_hp_per_floor":[72,72,72,72,72,72,72,72,72,72,72,72,72,72,72,72,72,76,80,80,80,80,88,88,88,88,88,95,103,103,103,103,107,107,107,107,113,117,123,123,123,123,133,133,133,133,135,135,135,135],"card_choices":[{"not_picked":["Ghostly Armor","Armaments"],"picked":"Reckless Charge","floor":1},{"not_picked":["Heavy Blade","Wild Strike"],"picked":"Ghostly Armor","floor":1},{"not_picked":["Perfected Strike","Sword Boomerang"],"picked":"Sentinel","floor":2},{"not_picked":["Thunderclap","Wild Strike"],"picked":"Immolate","floor":2},{"not_picked":["Dual Wield","Battle Trance"],"picked":"Corruption","floor":4},{"not_picked":["Clash","Rage","Perfected Strike"],"picked":"SKIP","floor":4},{"not_picked":["Reckless Charge","Clash"],"picked":"Inflame","floor":5},{"not_picked":["Infernal Blade","Entrench"],"picked":"Shrug It Off","floor":5},{"not_picked":["Warcry","Berserk"],"picked":"Shrug It Off","floor":7},{"not_picked":["Searing Blow","Body Slam"],"picked":"Spot Weakness","floor":10},{"not_picked":["Ghostly Armor","Reckless Charge","Thunderclap"],"picked":"SKIP","floor":10},{"not_picked":["Sentinel","Thunderclap"],"picked":"Clothesline","floor":12},{"not_picked":["Wild Strike","Cleave","Fire Breathing+1"],"picked":"SKIP","floor":14},{"not_picked":["Feed","Juggernaut+1"],"picked":"Demon Form+1","floor":16},{"not_picked":["Havoc+1","Heavy Blade"],"picked":"Shrug It Off+1","floor":18},{"not_picked":["Pommel Strike","Flex+1","Havoc"],"picked":"SKIP","floor":18},{"not_picked":["Rampage","Carnage"],"picked":"Twin Strike","floor":19},{"not_picked":["Sentinel","Rupture+1"],"picked":"Havoc+1","floor":19},{"not_picked":["Havoc","Flex"],"picked":"Warcry+1","floor":20},{"not_picked":["True Grit","Burning Pact"],"picked":"Sword Boomerang+1","floor":20},{"not_picked":["Clothesline","Warcry"],"picked":"True Grit","floor":23},{"not_picked":["Sentinel","Thunderclap"],"picked":"Inflame+1","floor":25},{"not_picked":["Heavy Blade","Thunderclap"],"picked":"Barricade+1","floor":29},{"not_picked":["Warcry","Infernal Blade"],"picked":"Ghostly Armor+1","floor":31},{"not_picked":["Juggernaut+1","Bludgeon"],"picked":"Reaper","floor":33},{"not_picked":["Rupture+1","Cleave+1"],"picked":"Body Slam+1","floor":35},{"not_picked":["Sever Soul+1","Heavy Blade"],"picked":"Shrug It Off+1","floor":35},{"not_picked":["Dual Wield","Rampage","Battle Trance+1"],"picked":"Singing Bowl","floor":37},{"not_picked":["Warcry","Clothesline"],"picked":"Uppercut+1","floor":37},{"not_picked":["Flex","Clash","Bloodletting"],"picked":"Singing Bowl","floor":38},{"not_picked":["Body Slam","Perfected Strike","Battle Trance"],"picked":"Singing Bowl","floor":38},{"not_picked":["Armaments+1","Blood for Blood+1","Clothesline"],"picked":"Singing Bowl","floor":39},{"not_picked":["Havoc","Thunderclap+1"],"picked":"Seeing Red","floor":39},{"not_picked":["Thunderclap","True Grit"],"picked":"Spot Weakness+1","floor":41},{"not_picked":["Barricade+1","Evolve+1"],"picked":"Seeing Red+1","floor":41},{"not_picked":["Dropkick+1","Intimidate+1"],"picked":"Whirlwind","floor":46},{"not_picked":["Clash","Pommel Strike+1"],"picked":"Metallicize+1","floor":47},{"not_picked":["Whirlwind","Dual Wield+1","Iron Wave"],"picked":"Singing Bowl","floor":47}],"player_experience":310037,"relics_obtained":[{"floor":7,"key":"Frozen Egg 2"},{"floor":9,"key":"Kunai"},{"floor":12,"key":"Ornamental Fan"},{"floor":14,"key":"Centennial Puzzle"},{"floor":23,"key":"Matryoshka"},{"floor":25,"key":"Orichalcum"},{"floor":26,"key":"Bronze Scales"},{"floor":26,"key":"Whetstone"},{"floor":29,"key":"Pen Nib"},{"floor":31,"key":"Pantograph"},{"floor":43,"key":"Smiling Mask"},{"floor":43,"key":"Pear"},{"floor":46,"key":"Bottled Flame"}],"event_choices":[{"event_name":"The Cleric","player_choice":"Card Removal","floor":3,"damage_taken":0},{"event_name":"World of Goop","player_choice":"Gather Gold","floor":11,"damage_taken":0},{"event_name":"FaceTrader","player_choice":"Trade","floor":21,"damage_taken":0},{"event_name":"The Lab","player_choice":"Got Potions","floor":22,"damage_taken":0},{"event_name":"Purifier","player_choice":"One Purge","floor":27,"damage_taken":0},{"event_name":"Addict","player_choice":"Obtained Relic","floor":28,"damage_taken":0},{"event_name":"Winding Halls","player_choice":"Embrace Madness","floor":44,"damage_taken":0}],"boss_relics":[{"not_picked":["Orrery","Tiny House"],"picked":"Astrolabe"},{"not_picked":["Pandora\u0027s Box","White Beast Statue"],"picked":"Coffee Dripper"}],"items_purged_floors":[8,48],"is_endless":false,"potions_floor_spawned":[4,10,14,16,18,23,29,31,35,38,41],"ascension_level":5}