{"gold_per_floor":[111,128,1,21,40,68,68,94,94,94,129,29,29,29,29,128,128,145,155,155,30,30,30,30,55,82,95,95,95,124,124,124,227,227,240,257,277,22,42,42,42,42,42,42,61,61,61,79,79,79],"floor_reached":51,"playtime":5007,"items_purged":["Strike_R","Strike_R","Hemokinesis+1"],"score":769,"play_id":"bf4fc35d-c700-4285-a557-c20f54f22e92","local_time":"20180711234122","is_ascension_mode":true,"campfire_choices":[{"data":"True Grit","floor":7,"key":"SMITH"},{"floor":10,"key":"REST"},{"floor":15,"key":"REST"},{"floor":23,"key":"REST"},{"floor":28,"key":"REST"},{"floor":32,"key":"REST"},{"data":"Demon Form","floor":40,"key":"SMITH"},{"data":"Dark Embrace","floor":42,"key":"SMITH"},{"data":"Limit Break","floor":44,"key":"SMITH"},{"data":"Feel No Pain","floor":46,"key":"SMITH"},{"floor":49,"key":"REST"}],"neow_cost":"NONE","seed_source_timestamp":2435957478191748,"circlet_count":0,"master_deck":["Defend_R+1","Defend_R+1","Defend_R+1","Defend_R+1","Bash","Carnage","Inflame","True Grit+1","Dark Embrace+1","Twin Strike","True Grit","Wild Strike","Limit Break+1","Demon Form+1","Barricade+1","Anger+1","Clothesline","Infernal Blade","Impervious","Shrug It Off","Shrug It Off","True Grit+1","Power Through+1","Madness","Madness","Feel No Pain+1","Flash of Steel","Seeing Red+1"],"relics":["Burning Blood","Kunai","Gremlin Horn","Letter Opener","Question Card","Astrolabe","Lantern","Oddly Smooth Stone","Pen Nib","Pantograph","Sozu","Mummified Hand","Pear"],"potions_floor_usage":[11,16,19,25,25,25,30,30],"damage_taken":[{"damage":0,"enemies":"2 Louse","floor":1,"turns":3},{"damage":12,"enemies":"Jaw Worm","floor":2,"turns":6},{"damage":1,"enemies":"Cultist","floor":4,"turns":3},{"damage":14,"enemies":"Blue Slaver","floor":5,"turns":3},{"damage":32,"enemies":"3 Sentries","floor":6,"turns":6},{"damage":31,"enemies":"Lagavulin","floor":8,"turns":7},{"damage":30,"enemies":"Gremlin Nob","floor":11,"turns":5},{"damage":33,"enemies":"The Guardian","floor":16,"turns":12},{"damage":26,"enemies":"Spheric Guardian","floor":18,"turns":5},{"damage":48,"enemies":"Shell Parasite","floor":19,"turns":7},{"damage":47,"enemies":"Slavers","floor":25,"turns":6},{"damage":23,"enemies":"Sentry and Sphere","floor":27,"turns":9},{"damage":19,"enemies":"Book of Stabbing","floor":30,"turns":6},{"damage":49,"enemies":"Automaton","floor":33,"turns":9},{"damage":12,"enemies":"Orb Walker","floor":35,"turns":6},{"damage":0,"enemies":"3 Darklings","floor":36,"turns":8},{"damage":14,"enemies":"Sphere and 2 Shapes","floor":37,"turns":9},{"damage":10,"enemies":"4 Shapes","floor":39,"turns":6},{"damage":18,"enemies":"3 Darklings","floor":45,"turns":7},{"damage":0,"enemies":"Sphere and 2 Shapes","floor":48,"turns":4},{"damage":29,"enemies":"Donu and Deca","floor":50,"turns":22}],"seed_played":"371280901459912137","potions_obtained":[{"floor":2,"key":"Strength Potion"},{"floor":5,"key":"GamblersBrew"},{"floor":6,"key":"SpeedPotion"},{"floor":8,"key":"SpeedPotion"},{"floor":16,"key":"Dexterity Potion"},{"floor":18,"key":"Regen Potion"},{"floor":19,"key":"Regen Potion"},{"floor":29,"key":"SkillPotion"},{"floor":29,"key":"Regen Potion"},{"floor":29,"key":"FairyPotion"}],"is_trial":false,"path_per_floor":["M","M","$","M","M","E","R","E","T","R","E","$","?","?","R","B",null,"M","M","?","$","T","R","?","E","T","M","R","?","E","?","R","B",null,"M","M","M","$","M","R","?","R","T","R","M","R","?","M","R","B"],"character_chosen":"IRONCLAD","items_purchased":["True Grit","Mummified Hand"],"campfire_rested":6,"item_purchase_floors":[3,38],"current_hp_per_floor":[80,74,74,79,71,45,45,20,20,44,20,20,20,20,44,17,80,60,30,30,30,30,54,54,28,28,11,35,35,37,22,47,29,85,79,85,77,77,73,73,62,62,72,72,60,60,60,66,94,72],"gold":79,"neow_bonus":"TRANSFORM_CARD","is_prod":false,"is_daily":false,"chose_seed":false,"campfire_upgraded":5,"win_rate":0,"timestamp":1531348882,"path_taken":["M","M","$","M","M","E","R","E","T","R","E","$","?","?","R","BOSS","M","M","?","$","?","R","?","E","T","M","R","?","E","?","R","BOSS","M","M","M","$","M","R","?","R","T","R","M","R","?","M","R","BOSS"],"build_version":"2018-07-05","purchased_purges":3,"victory":true,"max_hp_per_floor":[80,80,80,80,80,80,80,80,80,80,80,80,80,80,80,80,80,80,80,80,80,80,80,80,80,80,80,80,80,80,85,85,85,85,85,85,85,85,85,85,85,85,95,95,95,95,95,95,95,95],"card_choices":[{"not_picked":["True Grit","Twin Strike"],"picked":"Carnage","floor":1},{"not_picked":["Headbutt","Thunderclap"],"picked":"Inflame","floor":2},{"not_picked":["Anger","Flex"],"picked":"Dark Embrace","floor":4},{"not_picked":["Burning Pact","Thunderclap"],"picked":"Twin Strike","floor":5},{"not_picked":["Blood for Blood","Sever Soul"],"picked":"True Grit","floor":6},{"not_picked":["Pommel Strike","Dropkick"],"picked":"Wild Strike","floor":8},{"not_picked":["Body Slam","Searing Blow"],"picked":"Limit Break","floor":11},{"not_picked":["Barricade","Berserk","Juggernaut"],"picked":"Demon Form","floor":16},{"not_picked":["Clash+1","Pommel Strike","Blood for Blood"],"picked":"Clothesline","floor":18},{"not_picked":["Intimidate","Wild Strike","Armaments"],"picked":"Infernal Blade","floor":19},{"not_picked":["Thunderclap","Intimidate","Spot Weakness"],"picked":"Impervious","floor":25},{"not_picked":["Anger+1","Combust+1","Corruption+1","Uppercut"],"picked":"SKIP","floor":27},{"not_picked":["True Grit","Limit Break","Bloodletting+1"],"picked":"Shrug It Off","floor":30},{"not_picked":["Carnage+1","Body Slam","Blood for Blood"],"picked":"Shrug It Off","floor":35},{"not_picked":["Warcry","Combust+1","Uppercut"],"picked":"True Grit+1","floor":36},{"not_picked":["Infernal Blade","Corruption+1","Carnage"],"picked":"Power Through+1","floor":37},{"not_picked":["Cleave+1","Headbutt","Perfected Strike+1","Pommel Strike+1"],"picked":"SKIP","floor":39},{"not_picked":["Perfected Strike+1","Anger+1","Warcry"],"picked":"Feel No Pain","floor":45},{"not_picked":["Blind","Finesse","Good Instincts"],"picked":"Flash of Steel","floor":47},{"not_picked":["Pummel","Twin Strike","Armaments"],"picked":"Seeing Red+1","floor":48}],"player_experience":248058,"relics_obtained":[{"floor":6,"key":"Kunai"},{"floor":8,"key":"Gremlin Horn"},{"floor":9,"key":"Letter Opener"},{"floor":11,"key":"Question Card"},{"floor":22,"key":"Lantern"},{"floor":25,"key":"Oddly Smooth Stone"},{"floor":26,"key":"Pen Nib"},{"floor":30,"key":"Pantograph"},{"floor":43,"key":"Pear"}],"event_choices":[{"event_name":"Shining Light","player_choice":"Ignored","floor":13,"damage_taken":0},{"event_name":"The Cleric","player_choice":"Leave","floor":14,"damage_taken":0},{"event_name":"The Woman in Blue","player_choice":"Bought 0 Potions","floor":20,"damage_taken":0},{"event_name":"Back to Basics","player_choice":"Simplicity","floor":24,"damage_taken":0},{"event_name":"The Lab","player_choice":"Got Potions","floor":29,"damage_taken":0},{"event_name":"Forgotten Altar","player_choice":"Shed Blood","floor":31,"damage_taken":0},{"event_name":"Winding Halls","player_choice":"Embrace Madness","floor":41,"damage_taken":0},{"event_name":"SensoryStone","player_choice":"Memory 1","floor":47,"damage_taken":0}],"boss_relics":[{"not_picked":["Runic Dome","Philosopher\u0027s Stone"],"picked":"Astrolabe"},{"not_picked":["Tiny House","Empty Cage"],"picked":"Sozu"}],"items_purged_floors":[3,12,21],"is_endless":false,"potions_floor_spawned":[2,5,6,8,16,18,19,35,39,48],"ascension_level":2}