{"gold_per_floor":[110,110,18,31,31,69,69,94,94,134,134,148,227,227,227,346,346,362,277,301,147,147,180,180,198,279,295,9,21,21,40,40,137,137,153,153,38,38,38,65,65,84,108,108,108,124,124,124,124,124],"floor_reached":51,"playtime":4749,"items_purged":["Parasite"],"score":710,"play_id":"7d51fd9d-ea5f-42aa-9097-958e8a602b06","local_time":"20180710234332","is_ascension_mode":true,"campfire_choices":[{"data":"Shockwave","floor":7,"key":"SMITH"},{"floor":11,"key":"REST"},{"data":"Clothesline","floor":15,"key":"SMITH"},{"data":"Barricade","floor":24,"key":"SMITH"},{"data":"Inflame","floor":32,"key":"SMITH"},{"data":"Entrench","floor":41,"key":"SMITH"},{"data":"Demon Form","floor":44,"key":"SMITH"},{"data":"Metallicize","floor":49,"key":"SMITH"}],"neow_cost":"NONE","seed_source_timestamp":2349951443128681,"circlet_count":0,"master_deck":["Bash","Exhume","Heavy Blade+1","Shockwave+1","Clothesline+1","Immolate+1","Iron Wave","Battle Trance","Shrug It Off","Metallicize","Barricade+1","Warcry","Spot Weakness","Flame Barrier","Spot Weakness","Reckless Charge","Whirlwind","Armaments","Blood for Blood","Metallicize+1","Inflame+1","Whirlwind","Body Slam","Shrug It Off","Demon Form+1","Shrug It Off+1","Entrench+1","Madness","Madness","Pummel+1","Second Wind"],"relics":["Burning Blood","Mummified Hand","Bloody Idol","Kunai","War Paint","Strawberry","Torii","Pandora\u0027s Box","Sundial","Paper Frog","Letter Opener","Thread and Needle","Mark of Pain","Juzu Bracelet","Whetstone","Smiling Mask"],"potions_floor_usage":[10,18,33,33,33,40,50,50],"damage_taken":[{"damage":0,"enemies":"Small Slimes","floor":1,"turns":3},{"damage":5,"enemies":"2 Louse","floor":4,"turns":2},{"damage":32,"enemies":"3 Sentries","floor":6,"turns":8},{"damage":0,"enemies":"Cultist","floor":8,"turns":3},{"damage":29,"enemies":"Lagavulin","floor":10,"turns":6},{"damage":8,"enemies":"Exordium Wildlife","floor":12,"turns":4},{"damage":23,"enemies":"Gremlin Nob","floor":13,"turns":5},{"damage":25,"enemies":"The Guardian","floor":16,"turns":12},{"damage":15,"enemies":"2 Thieves","floor":18,"turns":3},{"damage":12,"enemies":"3 Byrds","floor":20,"turns":4},{"damage":13,"enemies":"Book of Stabbing","floor":23,"turns":7},{"damage":9,"enemies":"Centurion and Healer","floor":25,"turns":5},{"damage":12,"enemies":"Sentry and Sphere","floor":27,"turns":5},{"damage":1,"enemies":"Cultist and Chosen","floor":29,"turns":6},{"damage":0,"enemies":"Chosen and Byrds","floor":31,"turns":4},{"damage":27,"enemies":"Automaton","floor":33,"turns":9},{"damage":10,"enemies":"Orb Walker","floor":35,"turns":3},{"damage":35,"enemies":"2 Orb Walkers","floor":40,"turns":4},{"damage":0,"enemies":"3 Shapes","floor":42,"turns":3},{"damage":9,"enemies":"3 Darklings","floor":46,"turns":4},{"damage":31,"enemies":"Awakened One","floor":50,"turns":11}],"seed_played":"-1805469933548353104","potions_obtained":[{"floor":6,"key":"SneckoOil"},{"floor":12,"key":"SpeedPotion"},{"floor":13,"key":"GamblersBrew"},{"floor":13,"key":"SteroidPotion"},{"floor":16,"key":"EntropicBrew"},{"floor":18,"key":"EssenceOfSteel"},{"floor":25,"key":"Ancient Potion"},{"floor":33,"key":"Dexterity Potion"},{"floor":35,"key":"Energy Potion"}],"is_trial":false,"path_per_floor":["M","?","$","M","?","E","R","M","T","E","R","M","?","?","R","B",null,"M","?","M","$","?","E","R","M","T","M","$","M","?","M","R","B",null,"M","?","$","?","$","E","R","M","T","R","?","M","?","T","R","B"],"character_chosen":"IRONCLAD","items_purchased":["Shockwave","Clothesline","Inflame","Thread and Needle","EssenceOfSteel","Entrench"],"campfire_rested":1,"item_purchase_floors":[3,3,21,28,37,37],"current_hp_per_floor":[80,62,62,63,63,37,37,43,43,27,51,49,32,52,52,33,81,72,72,66,66,66,64,64,66,71,70,70,78,78,78,78,62,78,78,78,78,68,68,44,44,55,60,60,60,62,62,62,62,37],"gold":124,"neow_bonus":"ONE_RANDOM_RARE_CARD","is_prod":false,"is_daily":false,"chose_seed":false,"campfire_upgraded":7,"win_rate":0,"timestamp":1531262612,"path_taken":["M","?","$","M","?","E","R","M","T","E","R","?","?","?","R","BOSS","M","?","M","$","?","E","R","M","T","M","$","M","?","M","R","BOSS","M","?","$","?","$","E","R","M","T","R","?","M","?","?","R","BOSS"],"build_version":"2018-07-05","purchased_purges":1,"victory":true,"max_hp_per_floor":[80,80,80,80,74,74,74,74,74,81,81,81,81,81,81,81,81,81,81,81,78,78,78,78,78,78,78,78,78,78,78,78,78,78,78,78,78,78,78,78,78,78,78,78,78,78,78,78,78,78],"card_choices":[{"not_picked":["Wild Strike","Searing Blow"],"picked":"Heavy Blade","floor":1},{"not_picked":["Shockwave","Sword Boomerang","Clothesline"],"picked":"SKIP","floor":4},{"not_picked":["Hemokinesis","Cleave"],"picked":"Immolate","floor":6},{"not_picked":["Anger","Clothesline"],"picked":"Iron Wave","floor":8},{"not_picked":["Wild Strike","Second Wind"],"picked":"Battle Trance","floor":10},{"not_picked":["Twin Strike","Iron Wave"],"picked":"Shrug It Off","floor":12},{"not_picked":["Seeing Red","Warcry"],"picked":"Metallicize","floor":13},{"not_picked":["Berserk","Immolate"],"picked":"Barricade","floor":16},{"not_picked":["Thunderclap","Evolve"],"picked":"Metallicize","floor":18},{"not_picked":["Sword Boomerang","Havoc","Bloodletting"],"picked":"SKIP","floor":20},{"not_picked":["Sword Boomerang","Perfected Strike"],"picked":"Whirlwind","floor":23},{"not_picked":["Reckless Charge+1","Clash"],"picked":"Body Slam","floor":25},{"not_picked":["Clash","Thunderclap","Iron Wave"],"picked":"SKIP","floor":27},{"not_picked":["Warcry","True Grit"],"picked":"Shrug It Off","floor":29},{"not_picked":["Anger+1","Wild Strike","Uppercut"],"picked":"SKIP","floor":31},{"not_picked":["Berserk","Offering"],"picked":"Demon Form","floor":33},{"not_picked":["Cleave","Body Slam"],"picked":"Shrug It Off+1","floor":35},{"not_picked":["Rampage+1","Sword Boomerang"],"picked":"Pummel+1","floor":40},{"not_picked":["Sword Boomerang+1","Sever Soul"],"picked":"Second Wind","floor":42},{"not_picked":["Corruption+1","Sever Soul+1","Immolate"],"picked":"SKIP","floor":46}],"player_experience":225280,"relics_obtained":[{"floor":6,"key":"Kunai"},{"floor":9,"key":"War Paint"},{"floor":10,"key":"Strawberry"},{"floor":13,"key":"Torii"},{"floor":23,"key":"Paper Frog"},{"floor":26,"key":"Letter Opener"},{"floor":40,"key":"Juzu Bracelet"},{"floor":43,"key":"Whetstone"},{"floor":48,"key":"Smiling Mask"}],"event_choices":[{"event_name":"Scrap Ooze","player_choice":"success","floor":2,"damage_taken":18},{"event_name":"Golden Idol","player_choice":"Lose Max HP","floor":5,"damage_taken":0},{"event_name":"Dead Adventurer","player_choice":"Searched \u00271\u0027 times","floor":13,"damage_taken":0},{"event_name":"Mushrooms","player_choice":"Healed and dodged fight","floor":14,"damage_taken":0},{"event_name":"Addict","player_choice":"Obtained Relic","floor":19,"damage_taken":0},{"event_name":"Forgotten Altar","player_choice":"Gave Idol","floor":22,"damage_taken":0},{"event_name":"Vampires","player_choice":"Ignored","floor":30,"damage_taken":0},{"event_name":"Wheel of Change","player_choice":"Full Heal","floor":36,"damage_taken":0},{"event_name":"Winding Halls","player_choice":"Embrace Madness","floor":38,"damage_taken":0},{"event_name":"FaceTrader","player_choice":"Leave","floor":45,"damage_taken":0},{"event_name":"Falling","player_choice":"Removed Attack","floor":47,"damage_taken":0}],"boss_relics":[{"not_picked":["Runic Dome","Black Star"],"picked":"Pandora\u0027s Box"},{"not_picked":["Snecko Eye","Black Blood"],"picked":"Mark of Pain"}],"items_purged_floors":[21],"is_endless":false,"potions_floor_spawned":[6,12,13,13,16,18,25,27,33,35],"ascension_level":1}