{"gold_per_floor":[110,123,123,71,91,91,117,129,129,54,54,4,22,355,355,456,456,476,81,95,115,115,142,142,174,201,201,201,126,138,153,153,251,251,266,276,286,81,101,101,0,0,23,23,43,69,69,89,89,89],"floor_reached":51,"playtime":6378,"items_purged":["Strike_R","Havoc","Shockwave"],"score":854,"play_id":"42a16ed6-d27b-4d30-999b-e731c0358f0d","local_time":"20180713233512","is_ascension_mode":true,"campfire_choices":[{"data":"Bash","floor":6,"key":"SMITH"},{"data":"Metallicize","floor":11,"key":"SMITH"},{"data":"Inflame","floor":15,"key":"SMITH"},{"data":"True Grit","floor":24,"key":"SMITH"},{"data":"Uppercut","floor":28,"key":"SMITH"},{"data":"Metallicize","floor":32,"key":"SMITH"},{"data":"Bloodletting","floor":40,"key":"SMITH"},{"data":"Rampage","floor":42,"key":"SMITH"},{"data":"Inflame","floor":44,"key":"SMITH"},{"data":"Sword Boomerang","floor":47,"key":"SMITH"},{"floor":49,"key":"REST"}],"neow_cost":"NONE","seed_source_timestamp":2607021312601952,"circlet_count":0,"master_deck":["Spot Weakness+1","Twin Strike","Metallicize+1","Metallicize+1","Inflame+1","Ghostly Armor+1","Sword Boomerang+1","True Grit+1","Clothesline","Inflame+1","Cleave+1","Flame Barrier","Uppercut+1","Evolve+1","Iron Wave+1","Blood for Blood+1","Whirlwind+1","Rampage+1","Dropkick","Bloodletting+1","Warcry+1","Ghostly Armor+1","Warcry+1"],"relics":["Burning Blood","Gremlin Horn","Bird Faced Urn","Old Coin","Pandora\u0027s Box","Matryoshka","Pen Nib","Thread and Needle","Bronze Scales","War Paint","Astrolabe","Red Mask","Strawberry","Art of War","Prayer Wheel"],"potions_floor_usage":[7,14,14,31,46,50,50],"damage_taken":[{"damage":0,"enemies":"Small Slimes","floor":1,"turns":3},{"damage":1,"enemies":"Cultist","floor":2,"turns":3},{"damage":8,"enemies":"Jaw Worm","floor":5,"turns":4},{"damage":37,"enemies":"Lagavulin","floor":7,"turns":6},{"damage":6,"enemies":"Exordium Thugs","floor":8,"turns":4},{"damage":4,"enemies":"Large Slime","floor":13,"turns":6},{"damage":5,"enemies":"3 Sentries","floor":14,"turns":4},{"damage":26,"enemies":"Slime Boss","floor":16,"turns":9},{"damage":16,"enemies":"Spheric Guardian","floor":18,"turns":4},{"damage":18,"enemies":"Shell Parasite","floor":20,"turns":6},{"damage":34,"enemies":"Snake Plant","floor":21,"turns":4},{"damage":44,"enemies":"Slavers","floor":23,"turns":5},{"damage":31,"enemies":"Book of Stabbing","floor":25,"turns":6},{"damage":0,"enemies":"Centurion and Healer","floor":30,"turns":6},{"damage":8,"enemies":"Sentry and Sphere","floor":31,"turns":6},{"damage":60,"enemies":"Automaton","floor":33,"turns":11},{"damage":22,"enemies":"3 Darklings","floor":35,"turns":4},{"damage":0,"enemies":"3 Shapes","floor":36,"turns":10},{"damage":30,"enemies":"Spire Growth","floor":37,"turns":5},{"damage":4,"enemies":"4 Shapes","floor":39,"turns":8},{"damage":17,"enemies":"Transient","floor":45,"turns":5},{"damage":30,"enemies":"Nemesis","floor":46,"turns":7},{"damage":20,"enemies":"3 Darklings","floor":48,"turns":5},{"damage":111,"enemies":"Awakened One","floor":50,"turns":13}],"seed_played":"8429100052534837014","potions_obtained":[{"floor":1,"key":"Regen Potion"},{"floor":8,"key":"AttackPotion"},{"floor":13,"key":"SkillPotion"},{"floor":23,"key":"SkillPotion"},{"floor":33,"key":"SpeedPotion"},{"floor":37,"key":"SpeedPotion"},{"floor":45,"key":"Energy Potion"},{"floor":46,"key":"GamblersBrew"},{"floor":48,"key":"FairyPotion"}],"is_trial":false,"path_per_floor":["M","M","?","$","M","R","E","M","T","$","R","?","M","E","R","B",null,"M","$","M","M","?","E","R","E","T","?","R","?","M","M","R","B",null,"M","M","M","$","M","R","?","R","T","R","M","E","R","M","R","B"],"character_chosen":"IRONCLAD","items_purchased":["Twin Strike","Matryoshka","Inflame","Bloodletting"],"campfire_rested":1,"item_purchase_floors":[4,19,19,38],"current_hp_per_floor":[80,80,73,73,71,71,54,54,54,54,54,54,60,67,67,53,80,71,71,67,45,90,58,58,41,41,41,41,41,55,63,63,17,90,80,90,70,70,82,82,82,82,89,89,82,66,66,62,91,15],"gold":89,"neow_bonus":"REMOVE_CARD","is_prod":false,"is_daily":false,"chose_seed":false,"campfire_upgraded":10,"win_rate":0,"timestamp":1531521312,"path_taken":["M","M","?","?","M","R","E","M","T","$","R","?","?","E","R","BOSS","M","$","M","M","?","E","R","E","T","?","R","?","?","M","R","BOSS","M","M","?","$","M","R","?","R","T","R","M","E","R","M","R","BOSS"],"build_version":"2018-07-12","purchased_purges":3,"victory":true,"max_hp_per_floor":[80,80,80,80,80,80,80,80,80,80,80,80,80,80,80,80,80,80,80,80,80,90,90,90,90,90,90,90,90,90,90,90,90,90,90,90,90,90,90,90,90,90,97,97,97,97,97,97,97,97],"card_choices":[{"not_picked":["Clash","Flex"],"picked":"Spot Weakness","floor":1},{"not_picked":["Anger","Thunderclap"],"picked":"Havoc","floor":2},{"not_picked":["Body Slam","Twin Strike"],"picked":"Cleave","floor":5},{"not_picked":["Perfected Strike","Infernal Blade"],"picked":"Metallicize","floor":7},{"not_picked":["Pommel Strike","Iron Wave"],"picked":"Metallicize","floor":8},{"not_picked":["Metallicize","Dark Embrace"],"picked":"Inflame","floor":13},{"not_picked":["Carnage","Flex","Combust"],"picked":"SKIP","floor":14},{"not_picked":["Offering","Fiend Fire"],"picked":"Barricade","floor":16},{"not_picked":["Sentinel","Wild Strike"],"picked":"Clothesline","floor":18},{"not_picked":["Flex","Infernal Blade"],"picked":"Cleave+1","floor":20},{"not_picked":["Wild Strike","Heavy Blade","Flex"],"picked":"SKIP","floor":21},{"not_picked":["Flex+1","Sword Boomerang"],"picked":"Flame Barrier","floor":23},{"not_picked":["Barricade","Headbutt+1"],"picked":"Iron Wave","floor":25},{"not_picked":["Cleave","Armaments"],"picked":"Evolve+1","floor":30},{"not_picked":["Thunderclap+1","Pommel Strike","Body Slam"],"picked":"SKIP","floor":31},{"not_picked":["True Grit","Heavy Blade"],"picked":"Rampage","floor":35},{"not_picked":["Thunderclap+1","Pommel Strike","Clothesline"],"picked":"SKIP","floor":36},{"not_picked":["Armaments","Whirlwind+1"],"picked":"Dropkick","floor":37},{"not_picked":["Power Through","Clash"],"picked":"Warcry+1","floor":39},{"not_picked":["Shrug It Off","Pommel Strike"],"picked":"Ghostly Armor+1","floor":45},{"not_picked":["Anger","Corruption","Heavy Blade"],"picked":"SKIP","floor":46},{"not_picked":["Power Through","Corruption"],"picked":"Warcry+1","floor":48},{"not_picked":["Pommel Strike+1","Shrug It Off","Body Slam+1"],"picked":"SKIP","floor":48}],"player_experience":274622,"relics_obtained":[{"floor":7,"key":"Gremlin Horn"},{"floor":9,"key":"Bird Faced Urn"},{"floor":14,"key":"Old Coin"},{"floor":23,"key":"Pen Nib"},{"floor":25,"key":"Thread and Needle"},{"floor":26,"key":"Bronze Scales"},{"floor":26,"key":"War Paint"},{"floor":43,"key":"Strawberry"},{"floor":43,"key":"Art of War"},{"floor":46,"key":"Prayer Wheel"}],"event_choices":[{"event_name":"Golden Wing","player_choice":"Card Removal","floor":3,"damage_taken":0},{"event_name":"The Cleric","player_choice":"Card Removal","floor":12,"damage_taken":0},{"event_name":"Bonfire Elementals","player_choice":"RARE","floor":22,"damage_taken":0},{"event_name":"The Library","player_choice":"Read","floor":27,"damage_taken":0},{"event_name":"Beggar","player_choice":"Gave Gold","floor":29,"damage_taken":0},{"event_name":"Tomb of Lord Red Mask","player_choice":"Paid","floor":41,"damage_taken":0}],"boss_relics":[{"not_picked":["Coffee Dripper","Eternal Feather"],"picked":"Pandora\u0027s Box"},{"not_picked":["Runic Cube","Orrery"],"picked":"Astrolabe"}],"items_purged_floors":[10,19,38],"is_endless":false,"potions_floor_spawned":[1,8,13,23,33,37,45,46,48],"ascension_level":3}