{"gold_per_floor":[115,190,63,76,93,93,106,138,161,161,188,52,66,78,78,178,178,196,71,87,97,77,77,109,109,109,109,125,135,160,194,194,194],"floor_reached":33,"playtime":3467,"items_purged":["Strike_R","Strike_R","Defend_R"],"score":403,"play_id":"9809a8da-464a-4ef6-9c14-b7d3ddcd8972","local_time":"20180715203304","is_ascension_mode":true,"campfire_choices":[{"data":"Whirlwind","floor":6.0,"key":"SMITH"},{"data":"Armaments","floor":10.0,"key":"SMITH"},{"data":"Uppercut","floor":15.0,"key":"SMITH"},{"data":"Shockwave","floor":23.0,"key":"SMITH"},{"data":"True Grit","floor":25,"key":"SMITH"},{"data":"Iron Wave","floor":32,"key":"SMITH"}],"neow_cost":"NONE","seed_source_timestamp":0,"circlet_count":0,"master_deck":["Strike_R","Strike_R","Defend_R","Defend_R","Defend_R","Bash","Anger","Shockwave+1","Armaments+1","Headbutt","Whirlwind+1","Iron Wave+1","Ghostly Armor","Uppercut+1","Reaper","Power Through+1","True Grit+1","Body Slam+1","Shrug It Off","Rampage+1","Shrug It Off+1"],"special_seed":0,"relics":["Burning Blood","Bag of Preparation","Juzu Bracelet","Boot","Velvet Choker","Lantern","Singing Bowl","Red Mask","Oddly Smooth Stone"],"potions_floor_usage":[30,33],"damage_taken":[{"damage":7.0,"enemies":"2 Louse","floor":1.0,"turns":2.0},{"damage":4.0,"enemies":"Small Slimes","floor":4.0,"turns":4.0},{"damage":0.0,"enemies":"Cultist","floor":5.0,"turns":4.0},{"damage":6.0,"enemies":"Looter","floor":7.0,"turns":3.0},{"damage":17.0,"enemies":"3 Sentries","floor":8.0,"turns":5.0},{"damage":0.0,"enemies":"Lagavulin","floor":11.0,"turns":7.0},{"damage":0.0,"enemies":"Gremlin Gang","floor":13.0,"turns":3.0},{"damage":11.0,"enemies":"Exordium Thugs","floor":14.0,"turns":4.0},{"damage":52.0,"enemies":"Hexaghost","floor":16.0,"turns":10.0},{"damage":15.0,"enemies":"Spheric Guardian","floor":18.0,"turns":5.0},{"damage":9.0,"enemies":"2 Thieves","floor":20.0,"turns":4.0},{"damage":0.0,"enemies":"Centurion and Healer","floor":21.0,"turns":5.0},{"damage":25.0,"enemies":"Slavers","floor":24.0,"turns":8.0},{"damage":0,"enemies":"Snecko","floor":28,"turns":4},{"damage":4,"enemies":"3 Cultists","floor":29,"turns":4},{"damage":19,"floor":30,"turns":6},{"damage":8,"enemies":"Book of Stabbing","floor":31,"turns":5},{"damage":84,"enemies":"Automaton","floor":33,"turns":8}],"seed_played":"6959682506320116347","potions_obtained":[{"floor":1.0,"key":"Ancient Potion"},{"floor":4.0,"key":"SteroidPotion"},{"floor":5.0,"key":"GamblersBrew"},{"floor":13.0,"key":"Strength Potion"},{"floor":18.0,"key":"FearPotion"},{"floor":22.0,"key":"PowerPotion"},{"floor":29,"key":"Dexterity Potion"}],"is_trial":false,"path_per_floor":["M","?","$","M","M","R","M","E","T","R","E","$","M","M","R","B",null,"M","$","M","M","?","R","E","R","T","?","M","M","?","E","R"],"character_chosen":"IRONCLAD","items_purchased":["Armaments","Uppercut"],"campfire_rested":0,"item_purchase_floors":[3,12],"current_hp_per_floor":[79,68,68,70,76,76,76,65,65,65,71,71,77,72,72,26,67,64,64,61,71,71,71,66,66,66,51,64,84,74,79,79,0],"gold":194,"neow_bonus":"TRANSFORM_CARD","is_prod":false,"is_daily":false,"chose_seed":false,"campfire_upgraded":6,"win_rate":0,"timestamp":1531683184,"path_taken":["M","?","?","M","M","R","M","E","T","R","E","$","M","M","R","BOSS","M","$","M","M","?","R","E","R","T","?","M","M","?","E","R","BOSS"],"build_version":"2018-07-12","purchased_purges":3,"victory":false,"max_hp_per_floor":[80,80,80,80,80,80,80,80,80,80,80,80,80,80,80,80,80,80,80,80,80,80,80,80,80,80,85,85,85,87,87,87,87],"card_choices":[{"not_picked":["Rupture","Clash"],"picked":"Shockwave","floor":1.0},{"not_picked":["Intimidate","Cleave"],"picked":"Headbutt","floor":4.0},{"not_picked":["Iron Wave","Warcry"],"picked":"Whirlwind","floor":5.0},{"not_picked":["Clash","Barricade"],"picked":"Iron Wave","floor":7.0},{"not_picked":["Dropkick","Rupture","Thunderclap"],"picked":"SKIP","floor":8.0},{"not_picked":["Burning Pact","Clash"],"picked":"Ghostly Armor","floor":11.0},{"not_picked":["Cleave","Flex","Sentinel"],"picked":"SKIP","floor":13.0},{"not_picked":["Perfected Strike","Thunderclap","Heavy Blade"],"picked":"SKIP","floor":14.0},{"not_picked":["Juggernaut","Fiend Fire"],"picked":"Reaper","floor":16.0},{"not_picked":["Thunderclap","Hemokinesis+1"],"picked":"Power Through+1","floor":18.0},{"not_picked":["Clash","Reckless Charge"],"picked":"True Grit","floor":20.0},{"not_picked":["Heavy Blade","Ghostly Armor","Perfected Strike"],"picked":"SKIP","floor":21.0},{"not_picked":["Perfected Strike","Fiend Fire"],"picked":"Body Slam+1","floor":24.0},{"not_picked":["Heavy Blade+1","Perfected Strike"],"picked":"Shrug It Off","floor":28},{"not_picked":["Infernal Blade","Warcry"],"picked":"Rampage+1","floor":29},{"not_picked":["Cleave","Second Wind","Sword Boomerang"],"picked":"Singing Bowl","floor":30},{"not_picked":["Carnage","Heavy Blade"],"picked":"Shrug It Off+1","floor":31}],"player_experience":298644,"relics_obtained":[{"floor":8.0,"key":"Bag of Preparation"},{"floor":9.0,"key":"Juzu Bracelet"},{"floor":11.0,"key":"Boot"},{"floor":24.0,"key":"Lantern"},{"floor":26,"key":"Singing Bowl"},{"floor":30,"key":"Red Mask"},{"floor":31,"key":"Oddly Smooth Stone"}],"event_choices":[{"event_name":"World of Goop","player_choice":"Gather Gold","floor":2.0,"damage_taken":0.0},{"event_name":"The Woman in Blue","player_choice":"Bought 1 Potion","floor":22.0,"damage_taken":0.0},{"event_name":"Forgotten Altar","player_choice":"Shed Blood","floor":27,"damage_taken":0},{"event_name":"Masked Bandits","player_choice":"Fought over 135 gold","floor":30,"damage_taken":0}],"boss_relics":[{"not_picked":["Astrolabe","Mark of Pain"],"picked":"Velvet Choker"}],"items_purged_floors":[3,12,19],"is_endless":false,"potions_floor_spawned":[1,4,5,13,18,29],"killed_by":"Automaton","ascension_level":5}