{"gold_per_floor":[369,45,58,58,78,78,109,109,109,123,156,156,169,185,185,281,281,291,307,78,92,105,131,131,157,237,237,266,281,296,306,306,404,404,419,436,456,456,1455,1483,1483,811,834,844,876,896,907,126,126,126],"floor_reached":51,"playtime":7721,"items_purged":["Regret","Strike_R","Thunderclap"],"score":933,"play_id":"3918b051-77c5-48f3-8bcd-262c6b553413","local_time":"20180708172401","is_ascension_mode":false,"campfire_choices":[{"data":"Apotheosis","floor":6.0,"key":"SMITH"},{"data":"Feel No Pain","floor":8.0,"key":"SMITH"},{"data":"Uppercut","floor":15.0,"key":"SMITH"},{"data":"Warcry","floor":27.0,"key":"SMITH"},{"data":"Power Through","floor":32.0,"key":"SMITH"},{"data":"Pommel Strike","floor":41,"key":"SMITH"},{"data":"Wild Strike","floor":49,"key":"SMITH"}],"neow_cost":"CURSE","seed_source_timestamp":0,"circlet_count":0,"master_deck":["Bash+1","Power Through+1","Apotheosis+1","Second Wind+1","Feel No Pain+1","Wild Strike+1","Sentinel","Feed","Warcry+1","Uppercut+1","Dark Embrace+1","Shrug It Off","Reckless Charge","Cleave+1","Thunderclap+1","Pummel+1","Shockwave+1","Barricade+1","Ghostly Armor+1","Ghostly Armor+1","Impervious+1","Perfected Strike+1","Fire Breathing+1","Battle Trance+1","Havoc+1","Pommel Strike+1","Headbutt","Shrug It Off+1","Infernal Blade+1","Exhume+1","Seeing Red+1","Evolve+1","Purity+1","Corruption+1","Burning Pact+1","Warcry+1","Evolve+1","Feel No Pain+1"],"special_seed":0,"relics":["Burning Blood","The Courier","Omamori","Centennial Puzzle","Frozen Egg 2","Sozu","Vajra","Toxic Egg 2","Pantograph","Kunai","Oddly Smooth Stone","Pandora\u0027s Box","Potion Belt","Membership Card","Thread and Needle","Lantern","Whetstone","Boot","Paper Frog","Strange Spoon","Strawberry","Happy Flower"],"potions_floor_usage":[50],"damage_taken":[{"damage":8.0,"enemies":"Small Slimes","floor":1.0,"turns":4.0},{"damage":0.0,"enemies":"2 Louse","floor":3.0,"turns":2.0},{"damage":5.0,"enemies":"Jaw Worm","floor":5.0,"turns":6.0},{"damage":16.0,"enemies":"3 Sentries","floor":7.0,"turns":9.0},{"damage":5.0,"enemies":"Gremlin Gang","floor":10.0,"turns":3.0},{"damage":18.0,"enemies":"Lagavulin","floor":11.0,"turns":8.0},{"damage":0.0,"enemies":"Looter","floor":13.0,"turns":3.0},{"damage":0.0,"enemies":"2 Fungi Beasts","floor":14.0,"turns":4.0},{"damage":34.0,"enemies":"Hexaghost","floor":16.0,"turns":9.0},{"damage":10.0,"enemies":"Chosen","floor":18.0,"turns":4.0},{"damage":13.0,"enemies":"2 Thieves","floor":19.0,"turns":4.0},{"damage":0.0,"enemies":"3 Cultists","floor":21.0,"turns":5.0},{"damage":1.0,"enemies":"Cultist and Chosen","floor":22.0,"turns":6.0},{"damage":12.0,"enemies":"Slavers","floor":23.0,"turns":5.0},{"damage":10.0,"enemies":"Gremlin Leader","floor":25.0,"turns":8.0},{"damage":15.0,"enemies":"Book of Stabbing","floor":28.0,"turns":5.0},{"damage":4.0,"enemies":"Slaver and Parasite","floor":29.0,"turns":5.0},{"damage":6.0,"enemies":"Sentry and Sphere","floor":30.0,"turns":12.0},{"damage":0.0,"enemies":"Chosen and Byrds","floor":31.0,"turns":9.0},{"damage":1.0,"enemies":"Champ","floor":33.0,"turns":15.0},{"damage":2.0,"enemies":"3 Darklings","floor":35.0,"turns":5.0},{"damage":0.0,"enemies":"3 Shapes","floor":36.0,"turns":6.0},{"damage":0.0,"enemies":"Maw","floor":37.0,"turns":9.0},{"damage":13.0,"enemies":"Giant Head","floor":40.0,"turns":10.0},{"damage":0,"enemies":"Sphere and 2 Shapes","floor":44,"turns":4},{"damage":5,"enemies":"Nemesis","floor":45,"turns":7},{"damage":0,"enemies":"3 Darklings","floor":46,"turns":4},{"damage":0,"enemies":"Maw","floor":47,"turns":8},{"damage":0,"enemies":"Awakened One","floor":50,"turns":10}],"seed_played":"6687756392656563404","potions_obtained":[{"floor":1.0,"key":"Dexterity Potion"},{"floor":10.0,"key":"LiquidBronze"},{"floor":11.0,"key":"Fire Potion"},{"floor":16.0,"key":"SmokeBomb"}],"is_trial":false,"path_per_floor":["M","$","M","?","M","R","E","R","T","M","E","?","M","M","R","B",null,"M","M","$","M","M","E","?","E","T","R","E","M","M","M","R","B",null,"M","M","M","?","?","E","R","$","T","M","E","M","M","$","R","B"],"character_chosen":"IRONCLAD","items_purchased":["Apotheosis","Second Wind","Reckless Charge","Vajra","Evolve+1","Membership Card","Thread and Needle","Lantern","Purity+1","Paper Frog","Burning Pact+1","Strange Spoon","Warcry+1","Evolve+1","Feel No Pain+1","Strawberry","Happy Flower"],"campfire_rested":0,"item_purchase_floors":[2,2,20,20,42,42,42,42,42,48,48,48,48,48,48,48,48],"current_hp_per_floor":[78,78,80,64,65,65,55,55,55,56,44,32,41,51,51,27,91,87,80,80,90,98,96,75,71,71,71,62,64,68,78,78,112,119,119,119,123,123,123,120,120,120,120,130,135,135,139,146,146,150],"gold":126,"neow_bonus":"TWO_FIFTY_GOLD","is_prod":false,"is_daily":false,"chose_seed":false,"campfire_upgraded":7,"win_rate":0,"timestamp":1531067041,"path_taken":["M","$","M","?","M","R","E","R","T","?","E","?","M","M","R","BOSS","M","M","$","M","M","E","?","E","T","R","E","?","M","?","R","BOSS","M","M","M","?","?","E","R","$","T","M","E","M","?","$","R","BOSS"],"build_version":"2018-07-05","purchased_purges":3,"victory":true,"max_hp_per_floor":[80,80,80,80,80,80,80,80,80,80,80,80,83,87,87,91,91,91,91,91,95,98,102,107,107,107,107,107,107,111,115,115,119,119,119,119,123,123,123,127,127,127,127,131,135,135,139,146,146,150],"card_choices":[{"not_picked":["Metallicize","Uppercut"],"picked":"Power Through","floor":1.0},{"not_picked":["Warcry","Blood for Blood"],"picked":"Feel No Pain","floor":3.0},{"not_picked":["Ghostly Armor","Armaments"],"picked":"Wild Strike","floor":5.0},{"not_picked":["Hemokinesis","Twin Strike"],"picked":"Cleave","floor":7.0},{"not_picked":["Ghostly Armor","Clash"],"picked":"Sentinel","floor":10.0},{"not_picked":["Second Wind","Brutality"],"picked":"Feed","floor":11.0},{"not_picked":["Cleave","Infernal Blade"],"picked":"Warcry","floor":13.0},{"not_picked":["Flex","Anger"],"picked":"Uppercut","floor":14.0},{"not_picked":["Reaper","Bludgeon"],"picked":"Dark Embrace+1","floor":16.0},{"not_picked":["Rage","Clothesline"],"picked":"Shrug It Off","floor":18.0},{"not_picked":["Pommel Strike","Clothesline","Sword Boomerang"],"picked":"SKIP","floor":19.0},{"not_picked":["Body Slam","Anger","Pommel Strike"],"picked":"SKIP","floor":21.0},{"not_picked":["Pommel Strike","Carnage"],"picked":"Cleave+1","floor":22.0},{"not_picked":["Entrench+1","Pommel Strike+1"],"picked":"Thunderclap+1","floor":23.0},{"not_picked":["Ghostly Armor+1","Carnage"],"picked":"Pummel","floor":25.0},{"not_picked":["Perfected Strike+1","Pommel Strike"],"picked":"Shockwave+1","floor":28.0},{"not_picked":["Flex+1","Pommel Strike"],"picked":"Barricade+1","floor":29.0},{"not_picked":["Anger+1","Cleave+1"],"picked":"Ghostly Armor+1","floor":30.0},{"not_picked":["Whirlwind","Iron Wave+1"],"picked":"Ghostly Armor+1","floor":31.0},{"not_picked":["Juggernaut+1","Exhume+1"],"picked":"Impervious+1","floor":33.0},{"not_picked":["Wild Strike","Armaments+1"],"picked":"Infernal Blade+1","floor":35.0},{"not_picked":["Headbutt+1","Shrug It Off+1"],"picked":"Exhume+1","floor":36.0},{"not_picked":["Wild Strike","Cleave","Clash+1"],"picked":"SKIP","floor":37.0},{"not_picked":["Havoc+1","True Grit+1"],"picked":"Seeing Red+1","floor":40.0},{"not_picked":["Cleave","Clash","Hemokinesis+1"],"picked":"SKIP","floor":44},{"not_picked":["Limit Break+1","Dual Wield+1","Hemokinesis+1"],"picked":"SKIP","floor":45},{"not_picked":["Havoc+1","Rampage+1","Clothesline"],"picked":"SKIP","floor":46},{"not_picked":["Shockwave+1","Battle Trance+1"],"picked":"Corruption+1","floor":47}],"player_experience":172942,"relics_obtained":[{"floor":7.0,"key":"The Courier"},{"floor":9.0,"key":"Omamori"},{"floor":11.0,"key":"Centennial Puzzle"},{"floor":23.0,"key":"Toxic Egg 2"},{"floor":25.0,"key":"Pantograph"},{"floor":26.0,"key":"Kunai"},{"floor":28.0,"key":"Oddly Smooth Stone"},{"floor":40.0,"key":"Potion Belt"},{"floor":43,"key":"Whetstone"},{"floor":45,"key":"Boot"}],"event_choices":[{"event_name":"Shining Light","player_choice":"Entered Light","floor":4.0,"damage_taken":0.0},{"event_name":"Scrap Ooze","player_choice":"success","floor":12.0,"damage_taken":12.0},{"event_name":"Forgotten Altar","player_choice":"Shed Blood","floor":24.0,"damage_taken":0.0},{"event_name":"Falling","player_choice":"Removed Attack","floor":38.0,"damage_taken":0.0},{"event_name":"MindBloom","player_choice":"Gold","floor":39.0,"damage_taken":0.0}],"boss_relics":[{"not_picked":["Fusion Hammer","Black Blood"],"picked":"Sozu"},{"not_picked":["Busted Crown","Black Star"],"picked":"Pandora\u0027s Box"}],"items_purged_floors":[2,20,48],"is_endless":false,"potions_floor_spawned":[1,10,11,16,19,22,30,31,33,36,40,45,47],"ascension_level":0}