{"gold_per_floor":[13,33,33,108,33,58,69,69,69,80,80,112,124,63,63,168,168,187,203,203,216,98,126,126],"floor_reached":24,"playtime":2334,"items_purged":["Strike_R","Strike_R"],"score":274,"play_id":"a806c865-d259-4f55-ab24-7d9c1201067c","local_time":"20180711221729","is_ascension_mode":true,"campfire_choices":[{"data":"Feed","floor":8,"key":"SMITH"},{"data":"Evolve","floor":11,"key":"SMITH"},{"data":"Shrug It Off","floor":15,"key":"SMITH"}],"neow_cost":"NO_GOLD","seed_source_timestamp":2433610821285554,"circlet_count":0,"master_deck":["Strike_R","Strike_R","Strike_R","Defend_R","Defend_R","Defend_R","Defend_R","Bash","Immolate+1","Feel No Pain","Metallicize","Feed+1","Metallicize","Evolve+1","Metallicize","Shrug It Off+1","Inflame","Feed","Burning Pact","Uppercut","True Grit","True Grit","Havoc+1"],"relics":["Burning Blood","The Courier","Bag of Marbles","Lantern","Black Star","Bag of Preparation","Happy Flower"],"potions_floor_usage":[6,16,23,23,24],"damage_taken":[{"damage":4,"enemies":"2 Louse","floor":1,"turns":3},{"damage":7,"enemies":"Small Slimes","floor":2,"turns":2},{"damage":22,"enemies":"Lagavulin","floor":6,"turns":5},{"damage":9,"enemies":"Jaw Worm","floor":7,"turns":4},{"damage":4,"enemies":"Blue Slaver","floor":10,"turns":4},{"damage":15,"enemies":"3 Sentries","floor":12,"turns":6},{"damage":5,"enemies":"Looter","floor":13,"turns":4},{"damage":28,"enemies":"The Guardian","floor":16,"turns":12},{"damage":26,"enemies":"Shell Parasite","floor":18,"turns":8},{"damage":6,"enemies":"Chosen","floor":19,"turns":5},{"damage":10,"enemies":"Snecko","floor":21,"turns":3},{"damage":69,"enemies":"Gremlin Leader","floor":23,"turns":10},{"damage":19,"enemies":"Centurion and Healer","floor":24,"turns":9}],"seed_played":"2908598245448828787","potions_obtained":[{"floor":2,"key":"AttackPotion"},{"floor":7,"key":"SpeedPotion"},{"floor":12,"key":"GamblersBrew"},{"floor":13,"key":"AttackPotion"},{"floor":18,"key":"Ancient Potion"}],"is_trial":false,"path_per_floor":["M","M","?","?","$","E","M","R","T","M","R","E","M","$","R","B",null,"M","M","?","M","$","E"],"character_chosen":"IRONCLAD","items_purchased":["Inflame","True Grit"],"campfire_rested":0,"item_purchase_floors":[14,22],"current_hp_per_floor":[80,79,79,68,68,52,52,52,52,54,54,49,50,50,50,32,91,75,78,78,78,78,15,0],"gold":126,"neow_bonus":"THREE_RARE_CARDS","is_prod":false,"is_daily":false,"chose_seed":false,"campfire_upgraded":3,"win_rate":0,"timestamp":1531343849,"path_taken":["M","M","?","?","$","E","M","R","T","M","R","E","M","$","R","BOSS","M","M","?","M","$","E","M"],"build_version":"2018-07-05","purchased_purges":2,"victory":false,"max_hp_per_floor":[80,80,80,80,80,80,83,83,83,83,83,87,87,87,87,91,91,95,98,98,102,102,102,102],"card_choices":[{"not_picked":["Impervious","Double Tap"],"picked":"Immolate","floor":0},{"not_picked":["Warcry","Ghostly Armor"],"picked":"Feel No Pain","floor":1},{"not_picked":["Flex","Havoc"],"picked":"Metallicize","floor":2},{"not_picked":["Wild Strike","Armaments"],"picked":"Feed","floor":6},{"not_picked":["Twin Strike","Intimidate"],"picked":"Metallicize","floor":7},{"not_picked":["Dropkick","Sword Boomerang"],"picked":"Evolve","floor":10},{"not_picked":["Flex","Flame Barrier"],"picked":"Metallicize","floor":12},{"not_picked":["Clash","Sword Boomerang"],"picked":"Shrug It Off","floor":13},{"not_picked":["Double Tap","Fiend Fire"],"picked":"Feed","floor":16},{"not_picked":["Armaments","Anger+1"],"picked":"Burning Pact","floor":18},{"not_picked":["Perfected Strike","Clothesline"],"picked":"Uppercut","floor":19},{"not_picked":["Disarm","Combust"],"picked":"True Grit","floor":21},{"not_picked":["Combust","Berserk"],"picked":"Havoc+1","floor":23}],"player_experience":245724,"relics_obtained":[{"floor":6,"key":"The Courier"},{"floor":9,"key":"Bag of Marbles"},{"floor":12,"key":"Lantern"},{"floor":23,"key":"Bag of Preparation"},{"floor":23,"key":"Happy Flower"}],"event_choices":[{"event_name":"Living Wall","player_choice":"Grow","floor":3,"damage_taken":0},{"event_name":"World of Goop","player_choice":"Gather Gold","floor":4,"damage_taken":0},{"event_name":"The Mausoleum","player_choice":"No","floor":20,"damage_taken":0}],"boss_relics":[{"not_picked":["Snecko Eye","Runic Dome"],"picked":"Black Star"}],"items_purged_floors":[5,22],"is_endless":false,"potions_floor_spawned":[2,7,12,13,18],"killed_by":"Centurion and Healer","ascension_level":2}