{"gold_per_floor":[217,229,404,415,415,415,300,334,360,310,322,115,135,146,146,246,246,257,271,285,285,137,137,147,178,204,204,54,80,80,114,114,114],"floor_reached":33,"playtime":3674,"items_purged":["Doubt","Strike_R","Writhe","Strike_R"],"score":351,"play_id":"a0e44bce-1ef6-476e-8867-f6937f23a590","local_time":"20180713214825","is_ascension_mode":true,"campfire_choices":[{"data":"Clothesline","floor":6,"key":"SMITH"},{"data":"Infernal Blade","floor":15,"key":"SMITH"},{"data":"Iron Wave","floor":23,"key":"SMITH"},{"floor":32,"key":"REST"}],"neow_cost":"NONE","seed_source_timestamp":2603330165731091,"circlet_count":0,"master_deck":["Strike_R","Strike_R+1","Defend_R","Defend_R","Defend_R","Defend_R+1","Bash","Clothesline+1","Havoc","Havoc","Feel No Pain","Double Tap","Dropkick","Inflame","Infernal Blade+1","Heavy Blade","Flame Barrier","Exhume","Whirlwind+1","Rampage","Iron Wave+1","Infernal Blade","Warcry","Clumsy","Headbutt"],"relics":["Burning Blood","Vajra","Oddly Smooth Stone","Cursed Key","Kunai","Art of War","Bag of Marbles","Juzu Bracelet","Dream Catcher"],"potions_floor_usage":[16,16,25,31,33],"damage_taken":[{"damage":6,"enemies":"Cultist","floor":1,"turns":4},{"damage":8,"enemies":"Jaw Worm","floor":2,"turns":4},{"damage":0,"enemies":"Small Slimes","floor":4,"turns":3},{"damage":29,"enemies":"Lagavulin","floor":8,"turns":9},{"damage":0,"enemies":"2 Fungi Beasts","floor":11,"turns":3},{"damage":8,"enemies":"Lots of Slimes","floor":13,"turns":5},{"damage":11,"enemies":"3 Louse","floor":14,"turns":3},{"damage":22,"enemies":"Slime Boss","floor":16,"turns":7},{"damage":3,"enemies":"3 Byrds","floor":18,"turns":4},{"damage":11,"enemies":"2 Thieves","floor":19,"turns":2},{"damage":18,"enemies":"Chosen and Byrds","floor":20,"turns":3},{"damage":13,"enemies":"Sentry and Sphere","floor":24,"turns":4},{"damage":6,"enemies":"Book of Stabbing","floor":25,"turns":4},{"damage":36,"enemies":"Slavers","floor":29,"turns":5},{"damage":25,"enemies":"Book of Stabbing","floor":31,"turns":5},{"damage":72,"enemies":"Champ","floor":33,"turns":8}],"seed_played":"-4628516292530240898","potions_obtained":[{"floor":1,"key":"Block Potion"},{"floor":4,"key":"Dexterity Potion"},{"floor":8,"key":"Fire Potion"},{"floor":13,"key":"EssenceOfSteel"},{"floor":16,"key":"FairyPotion"},{"floor":20,"key":"SteroidPotion"},{"floor":25,"key":"Ancient Potion"},{"floor":27,"key":"Weak Potion"}],"is_trial":false,"path_per_floor":["M","M","?","M","?","R","$","E","T","?","M","$","M","M","R","B",null,"M","M","M","?","$","R","M","E","T","?","$","E","?","E","R"],"character_chosen":"IRONCLAD","items_purchased":["Feel No Pain","Inflame","Infernal Blade","Iron Wave"],"campfire_rested":1,"item_purchase_floors":[7,12,12,22],"current_hp_per_floor":[80,78,78,80,64,64,64,41,41,41,47,47,45,40,40,24,80,80,75,66,66,66,66,59,59,59,59,59,29,56,37,61,0],"gold":114,"neow_bonus":"HUNDRED_GOLD","is_prod":false,"is_daily":false,"chose_seed":false,"campfire_upgraded":3,"win_rate":0,"timestamp":1531514905,"path_taken":["M","M","?","M","?","R","$","E","T","?","?","$","M","M","R","BOSS","M","M","M","?","$","R","M","E","T","?","$","E","?","E","R","BOSS"],"build_version":"2018-07-12","purchased_purges":4,"victory":false,"max_hp_per_floor":[80,80,80,80,80,80,80,80,80,80,80,80,80,80,80,80,80,80,80,83,83,83,83,83,83,83,83,83,83,83,83,83,83],"card_choices":[{"not_picked":["Battle Trance","Disarm"],"picked":"Clothesline","floor":1},{"not_picked":["Searing Blow","Intimidate"],"picked":"Havoc","floor":2},{"not_picked":["Clothesline","Sword Boomerang"],"picked":"Havoc","floor":4},{"not_picked":["Flex","Dual Wield"],"picked":"Double Tap","floor":8},{"not_picked":["Perfected Strike","Sentinel"],"picked":"Dropkick","floor":11},{"not_picked":["Thunderclap","Bloodletting"],"picked":"Heavy Blade","floor":13},{"not_picked":["Blood for Blood","Power Through"],"picked":"Flame Barrier","floor":14},{"not_picked":["Bludgeon","Berserk"],"picked":"Exhume","floor":16},{"not_picked":["Entrench","Feel No Pain"],"picked":"Whirlwind+1","floor":18},{"not_picked":["Havoc","Battle Trance"],"picked":"Rampage","floor":19},{"not_picked":["Clash","Heavy Blade","Entrench"],"picked":"SKIP","floor":20},{"not_picked":["Clash","Seeing Red"],"picked":"Infernal Blade","floor":24},{"not_picked":["Thunderclap","Clothesline"],"picked":"Warcry","floor":25},{"not_picked":["Rupture","Flame Barrier","Clothesline"],"picked":"SKIP","floor":29},{"not_picked":["Evolve+1","Carnage+1"],"picked":"Headbutt","floor":31}],"player_experience":270948,"relics_obtained":[{"floor":8,"key":"Vajra"},{"floor":9,"key":"Oddly Smooth Stone"},{"floor":25,"key":"Art of War"},{"floor":26,"key":"Bag of Marbles"},{"floor":29,"key":"Juzu Bracelet"},{"floor":31,"key":"Dream Catcher"}],"event_choices":[{"event_name":"Liars Game","player_choice":"agreed","floor":3,"damage_taken":0},{"event_name":"Shining Light","player_choice":"Entered Light","floor":5,"damage_taken":0},{"event_name":"The Cleric","player_choice":"Card Removal","floor":10,"damage_taken":0},{"event_name":"The Mausoleum","player_choice":"Yes","floor":21,"damage_taken":0},{"event_name":"The Lab","player_choice":"Got Potions","floor":27,"damage_taken":0},{"event_name":"The Library","player_choice":"Heal","floor":30,"damage_taken":0}],"boss_relics":[{"not_picked":["Fusion Hammer","Sozu"],"picked":"Cursed Key"}],"items_purged_floors":[7,12,22,28],"is_endless":false,"potions_floor_spawned":[1,4,8,13,16,20,25,29],"killed_by":"Champ","ascension_level":3}