{"gold_per_floor":[219,219,55,68,78,112,112,137,137,153,171,246,246,277,277,277],"floor_reached":16,"playtime":980,"items_purged":[],"score":192,"play_id":"bc906a74-2b95-4a88-a600-5dee69788c35","local_time":"20180729205017","is_ascension_mode":true,"campfire_choices":[{"data":"Bash","floor":7,"key":"SMITH"},{"data":"Clothesline","floor":13,"key":"SMITH"},{"data":"Flame Barrier","floor":15,"key":"SMITH"}],"neow_cost":"NONE","seed_source_timestamp":989276186070843,"circlet_count":0,"master_deck":["Strike_R","Strike_R","Strike_R","Strike_R","Strike_R","Defend_R","Defend_R","Defend_R","Defend_R","Bash+1","AscendersBane","Inflame","Finesse","Clothesline+1","Armaments","Headbutt","Power Through","Flame Barrier+1","Sword Boomerang"],"relics":["Burning Blood","Shovel","Frozen Egg 2","Mummified Hand","Blood Vial"],"potions_floor_usage":[6,14,16],"damage_taken":[{"damage":11,"enemies":"Jaw Worm","floor":1,"turns":7},{"damage":8,"enemies":"Small Slimes","floor":4,"turns":4},{"damage":0,"enemies":"2 Louse","floor":5,"turns":2},{"damage":29,"enemies":"Lagavulin","floor":6,"turns":8},{"damage":28,"enemies":"Gremlin Nob","floor":8,"turns":5},{"damage":4,"enemies":"Red Slaver","floor":10,"turns":4},{"damage":8,"enemies":"Exordium Wildlife","floor":11,"turns":5},{"damage":5,"enemies":"Lagavulin","floor":14,"turns":7},{"damage":53,"enemies":"Hexaghost","floor":16,"turns":9}],"seed_played":"-2578871208836668447","potions_obtained":[{"floor":4,"key":"SteroidPotion"},{"floor":8,"key":"Energy Potion"},{"floor":10,"key":"Regen Potion"}],"is_trial":false,"path_per_floor":["M","?","$","M","M","E","R","E","T","M","M","?","R","E","R"],"character_chosen":"IRONCLAD","items_purchased":["Regen Potion","Finesse"],"campfire_rested":0,"item_purchase_floors":[3,3],"current_hp_per_floor":[67,72,72,70,76,65,65,43,43,45,43,32,32,48,48,0],"gold":277,"neow_bonus":"HUNDRED_GOLD","is_prod":false,"is_daily":false,"chose_seed":false,"campfire_upgraded":3,"win_rate":0,"timestamp":1532893817,"path_taken":["M","?","$","M","M","E","R","E","T","M","M","?","R","E","R","BOSS"],"build_version":"2018-07-26","purchased_purges":0,"victory":false,"max_hp_per_floor":[80,85,85,85,85,85,85,85,85,85,85,85,85,85,85,85],"card_choices":[{"not_picked":["Thunderclap","Havoc"],"picked":"Inflame","floor":1},{"not_picked":["Ghostly Armor","Body Slam"],"picked":"Clothesline","floor":4},{"not_picked":["Second Wind","Intimidate"],"picked":"Armaments","floor":5},{"not_picked":["Power Through","Pommel Strike","Warcry"],"picked":"SKIP","floor":6},{"not_picked":["Sever Soul","Searing Blow"],"picked":"Headbutt","floor":8},{"not_picked":["Anger","Pummel"],"picked":"Power Through","floor":10},{"not_picked":["Headbutt","Thunderclap"],"picked":"Flame Barrier","floor":11},{"not_picked":["Sentinel","Havoc"],"picked":"Sword Boomerang","floor":14}],"player_experience":530743,"relics_obtained":[{"floor":6,"key":"Shovel"},{"floor":8,"key":"Frozen Egg 2"},{"floor":9,"key":"Mummified Hand"},{"floor":14,"key":"Blood Vial"}],"event_choices":[{"event_name":"Big Fish","player_choice":"Donut","floor":2,"damage_taken":0},{"event_name":"World of Goop","player_choice":"Gather Gold","floor":12,"damage_taken":0}],"is_beta":false,"boss_relics":[],"items_purged_floors":[],"is_endless":false,"potions_floor_spawned":[4,8,10],"killed_by":"Hexaghost","ascension_level":12}