{"gold_per_floor":[218,218,231,248,21,21,55,71,71,85,120,144,121,140,140,237,237,247,247,264,23,23,23,49,49,49,63,94,104,104,121,121,217,217,232,282,164,164,179,179,196,213,236,236,246,81,81,91,91,91],"floor_reached":51,"playtime":2986,"items_purged":["Strike_R","Strike_R+1","Strike_R+1"],"score":1088,"play_id":"cdfc6b01-0b3d-4962-90f3-d40942418a6f","local_time":"20180730002702","is_ascension_mode":true,"campfire_choices":[{"data":"Bash","floor":6,"key":"SMITH"},{"data":"Shockwave","floor":15,"key":"SMITH"},{"data":"Shrug It Off","floor":23,"key":"SMITH"},{"floor":25,"key":"REST"},{"data":"Flex","floor":30,"key":"SMITH"},{"data":"Power Through","floor":32,"key":"SMITH"},{"data":"True Grit","floor":40,"key":"SMITH"},{"floor":44,"key":"REST"},{"data":"Flame Barrier","floor":47,"key":"SMITH"},{"data":"Spot Weakness","floor":49,"key":"SMITH"}],"neow_cost":"NONE","seed_source_timestamp":1000236245608046,"circlet_count":0,"master_deck":["Strike_R+1","Strike_R+1","Defend_R+1","Defend_R+1","Defend_R+1","Defend_R+1","Bash+1","AscendersBane","Metallicize+1","Power Through+1","Anger","Reckless Charge","Rampage+1","Pommel Strike+1","Rampage+1","Immolate+1","Shrug It Off+1","Clothesline+1","Headbutt+1","Warcry","Pommel Strike+1","Flex+1","True Grit+1","Spot Weakness+1","Flame Barrier+1"],"relics":["Burning Blood","Dodecahedron","Blood Vial","Molten Egg 2","The Courier","Paper Frog","Odd Mushroom","Busted Crown","Regal Pillow","Shuriken","Kunai","Bronze Scales","Sozu","Mango","Strawberry"],"potions_floor_usage":[7,14,16,33,50],"damage_taken":[{"damage":0,"enemies":"Small Slimes","floor":1,"turns":5},{"damage":5,"enemies":"2 Louse","floor":3,"turns":4},{"damage":2,"enemies":"Cultist","floor":4,"turns":4},{"damage":25,"enemies":"3 Sentries","floor":7,"turns":10},{"damage":5,"enemies":"Looter","floor":8,"turns":5},{"damage":8,"enemies":"Exordium Wildlife","floor":10,"turns":5},{"damage":21,"enemies":"Gremlin Nob","floor":11,"turns":4},{"damage":4,"floor":12,"turns":4},{"damage":0,"enemies":"Large Slime","floor":14,"turns":5},{"damage":21,"enemies":"Hexaghost","floor":16,"turns":8},{"damage":36,"enemies":"2 Thieves","floor":18,"turns":4},{"damage":0,"enemies":"3 Byrds","floor":20,"turns":3},{"damage":25,"enemies":"Gremlin Leader","floor":24,"turns":6},{"damage":0,"enemies":"Snecko","floor":27,"turns":3},{"damage":41,"enemies":"Book of Stabbing","floor":28,"turns":6},{"damage":0,"enemies":"Centurion and Healer","floor":29,"turns":4},{"damage":0,"enemies":"Chosen and Byrds","floor":31,"turns":3},{"damage":45,"enemies":"Champ","floor":33,"turns":9},{"damage":0,"enemies":"Orb Walker","floor":35,"turns":3},{"damage":22,"floor":36,"turns":5},{"damage":12,"enemies":"Flame Bruiser 1 Orb","floor":39,"turns":4},{"damage":4,"enemies":"Sphere and 2 Shapes","floor":41,"turns":5},{"damage":28,"enemies":"Spire Growth","floor":42,"turns":4},{"damage":11,"enemies":"Flame Bruiser 2 Orb","floor":45,"turns":5},{"damage":11,"enemies":"3 Darklings","floor":48,"turns":5},{"damage":71,"enemies":"Time Eater","floor":50,"turns":12}],"seed_played":"-8154694922557107160","potions_obtained":[{"floor":1,"key":"AttackPotion"},{"floor":10,"key":"PowerPotion"},{"floor":12,"key":"BloodPotion"},{"floor":24,"key":"Dexterity Potion"},{"floor":27,"key":"Weak Potion"},{"floor":33,"key":"LiquidBronze"}],"is_trial":false,"path_per_floor":["M","?","M","M","$","R","E","M","T","M","E","?","?","M","R","B",null,"M","?","M","$","?","R","E","R","T","M","E","M","R","M","R","B",null,"M","?","$","?","M","R","M","M","T","R","M","$","R","M","R","B"],"character_chosen":"IRONCLAD","items_purchased":["Reckless Charge","Blood Vial","Clothesline+1","Headbutt+1","Regal Pillow","True Grit","Flame Barrier"],"campfire_rested":2,"item_purchase_floors":[5,5,21,21,21,37,46],"current_hp_per_floor":[78,71,72,76,76,76,59,62,62,62,49,53,53,69,69,56,74,46,46,54,54,54,54,37,76,76,80,45,53,53,61,61,24,66,74,74,74,74,70,70,74,54,61,101,96,96,96,93,93,30],"gold":91,"neow_bonus":"HUNDRED_GOLD","is_prod":false,"is_daily":false,"chose_seed":false,"campfire_upgraded":8,"win_rate":0,"timestamp":1532906822,"path_taken":["M","?","M","M","?","R","E","M","T","M","E","?","?","M","R","BOSS","M","?","M","$","?","R","E","R","T","M","E","M","R","M","R","BOSS","M","?","$","?","M","R","M","?","T","R","M","$","R","M","R","BOSS"],"build_version":"2018-07-26","purchased_purges":3,"victory":true,"max_hp_per_floor":[80,80,80,80,80,80,80,80,80,80,80,80,80,80,80,80,80,80,80,80,80,80,80,80,80,80,80,80,80,80,80,80,80,80,80,94,94,94,94,94,94,94,101,101,101,101,101,101,101,101],"card_choices":[{"not_picked":["Wild Strike","Cleave"],"picked":"Metallicize","floor":1},{"not_picked":["Fire Breathing","Clash"],"picked":"Power Through","floor":3},{"not_picked":["Iron Wave","Dropkick"],"picked":"Anger","floor":4},{"not_picked":["Carnage","Bloodletting"],"picked":"Shockwave","floor":7},{"not_picked":["Pommel Strike+1","Seeing Red"],"picked":"Rampage+1","floor":8},{"not_picked":["Armaments","Anger+1"],"picked":"Pommel Strike+1","floor":10},{"not_picked":["Clash+1","Pommel Strike+1"],"picked":"Rampage+1","floor":11},{"not_picked":["Cleave+1","Hemokinesis+1","Heavy Blade+1"],"picked":"SKIP","floor":14},{"not_picked":["Offering","Impervious"],"picked":"Immolate+1","floor":16},{"not_picked":["Iron Wave+1"],"picked":"SKIP","floor":18},{"not_picked":[],"picked":"Shrug It Off","floor":20},{"not_picked":[],"picked":"Warcry","floor":24},{"not_picked":[],"picked":"Pommel Strike+1","floor":27},{"not_picked":["Burning Pact"],"picked":"SKIP","floor":28},{"not_picked":[],"picked":"Flex","floor":29},{"not_picked":["Uppercut+1"],"picked":"SKIP","floor":31},{"not_picked":["Twin Strike+1"],"picked":"SKIP","floor":35},{"not_picked":["Wild Strike+1"],"picked":"SKIP","floor":39},{"not_picked":["Rampage+1"],"picked":"SKIP","floor":41},{"not_picked":[],"picked":"Spot Weakness","floor":42},{"not_picked":["Cleave+1"],"picked":"SKIP","floor":45},{"not_picked":["Iron Wave+1"],"picked":"SKIP","floor":48}],"player_experience":538159,"relics_obtained":[{"floor":7,"key":"Molten Egg 2"},{"floor":9,"key":"The Courier"},{"floor":11,"key":"Paper Frog"},{"floor":12,"key":"Odd Mushroom"},{"floor":24,"key":"Shuriken"},{"floor":26,"key":"Kunai"},{"floor":28,"key":"Bronze Scales"},{"floor":36,"key":"Mango"},{"floor":43,"key":"Strawberry"}],"event_choices":[{"event_name":"Scrap Ooze","player_choice":"success","floor":2,"damage_taken":7},{"event_name":"Mushrooms","player_choice":"Fought Mushrooms","floor":12,"damage_taken":0},{"event_name":"World of Goop","player_choice":"Left","floor":13,"damage_taken":0},{"event_name":"Accursed Blacksmith","player_choice":"Forge","floor":19,"damage_taken":0},{"event_name":"Back to Basics","player_choice":"Simplicity","floor":22,"damage_taken":0},{"event_name":"Mysterious Sphere","player_choice":"Fight","floor":36,"damage_taken":0},{"event_name":"Falling","player_choice":"Removed Skill","floor":38,"damage_taken":0}],"is_beta":false,"boss_relics":[{"not_picked":["Runic Cube","Black Blood"],"picked":"Busted Crown"},{"not_picked":["Black Star","Coffee Dripper"],"picked":"Sozu"}],"items_purged_floors":[21,37,46],"is_endless":false,"potions_floor_spawned":[1,10,12,24,27,29,33,36,41,42],"ascension_level":12}