{"gold_per_floor":[112,16,33,45,61,61,87,87,87,87,40,66,78,78,78,180,180,180,135,0,0,0,0,0,0,0,0,0,0,0,0],"floor_reached":31,"playtime":2328,"items_purged":[],"score":461,"play_id":"824f1e19-96e9-4d42-83b9-c7f258239b15","local_time":"20180727212922","is_ascension_mode":true,"campfire_choices":[{"data":"Bash","floor":6,"key":"SMITH"},{"data":"Whirlwind","floor":8,"key":"SMITH"},{"data":"True Grit","floor":10,"key":"SMITH"},{"data":"Clothesline","floor":15,"key":"SMITH"},{"floor":23,"key":"REST"},{"data":"Inflame","floor":25,"key":"SMITH"},{"data":"Limit Break","floor":27,"key":"SMITH"}],"neow_cost":"NONE","seed_source_timestamp":817472535990039,"circlet_count":0,"master_deck":["Strike_R","Strike_R","Strike_R+1","Strike_R","Strike_R+1","Defend_R","Defend_R","Defend_R","Defend_R","Bash+1","AscendersBane","Headbutt","True Grit+1","Twin Strike","Flame Barrier","Shrug It Off","Limit Break+1","Whirlwind+1","Clothesline+1","Pommel Strike","Feed","Shockwave+1","Wild Strike+1","Shrug It Off","Inflame+1","Impervious","Decay"],"relics":["Burning Blood","Blood Vial","Bronze Scales","The Courier","Ectoplasm","Question Card","Whetstone","Meat on the Bone"],"potions_floor_usage":[5,7,12,28,31],"damage_taken":[{"damage":10,"enemies":"Cultist","floor":1,"turns":5},{"damage":4,"enemies":"2 Louse","floor":3,"turns":3},{"damage":13,"enemies":"Jaw Worm","floor":4,"turns":4},{"damage":11,"enemies":"Large Slime","floor":5,"turns":7},{"damage":20,"enemies":"3 Sentries","floor":7,"turns":8},{"damage":22,"enemies":"Gremlin Nob","floor":12,"turns":4},{"damage":1,"enemies":"Blue Slaver","floor":13,"turns":3},{"damage":40,"enemies":"Slime Boss","floor":16,"turns":13},{"damage":7,"enemies":"3 Byrds","floor":18,"turns":3},{"damage":19,"enemies":"2 Thieves","floor":19,"turns":4},{"damage":20,"enemies":"Centurion and Healer","floor":22,"turns":7},{"damage":33,"enemies":"Book of Stabbing","floor":24,"turns":6},{"damage":49,"enemies":"Slavers","floor":28,"turns":5},{"damage":26,"enemies":"Cultist and Chosen","floor":31,"turns":6}],"seed_played":"-3996399212398287472","potions_obtained":[{"floor":4,"key":"Fruit Juice"},{"floor":5,"key":"Poison Potion"},{"floor":18,"key":"Poison Potion"},{"floor":28,"key":"Explosive Potion"}],"is_trial":false,"path_per_floor":["M","$","M","M","M","R","E","R","T","R","$","E","M","?","R","B",null,"M","M","?","?","M","R","E","R","T","R","E","$","?"],"character_chosen":"IRONCLAD","items_purchased":["True Grit","Twin Strike","Clothesline"],"campfire_rested":1,"item_purchase_floors":[2,2,11],"current_hp_per_floor":[68,68,70,63,63,63,49,49,49,49,49,35,42,42,42,10,66,70,62,62,62,53,81,59,59,59,59,18,18,18,0],"gold":0,"neow_bonus":"THREE_SMALL_POTIONS","is_prod":false,"is_daily":false,"chose_seed":false,"campfire_upgraded":6,"win_rate":0,"timestamp":1532723362,"path_taken":["M","$","M","?","M","R","E","R","T","R","$","E","M","?","R","BOSS","M","M","?","?","M","R","E","R","T","R","E","$","?","M"],"build_version":"2018-07-26","purchased_purges":0,"victory":false,"max_hp_per_floor":[80,80,80,80,85,85,85,85,85,85,85,85,85,85,85,85,85,88,91,91,91,94,94,97,97,97,97,97,97,97,97],"card_choices":[{"not_picked":["Pummel","Iron Wave"],"picked":"Headbutt","floor":1},{"not_picked":["Infernal Blade","Armaments"],"picked":"Flame Barrier","floor":3},{"not_picked":["Armaments","Headbutt"],"picked":"Shrug It Off","floor":4},{"not_picked":["Headbutt","Dual Wield"],"picked":"Limit Break","floor":5},{"not_picked":["Searing Blow","Heavy Blade"],"picked":"Whirlwind","floor":7},{"not_picked":["Warcry","Wild Strike","Clothesline"],"picked":"SKIP","floor":12},{"not_picked":["Cleave","Searing Blow"],"picked":"Pommel Strike","floor":13},{"not_picked":["Brutality","Barricade"],"picked":"Feed","floor":16},{"not_picked":["Infernal Blade+1","Uppercut"],"picked":"Shockwave+1","floor":18},{"not_picked":["Flex","Cleave+1"],"picked":"Wild Strike+1","floor":19},{"not_picked":["Iron Wave","Bloodletting"],"picked":"Shrug It Off","floor":22},{"not_picked":["Thunderclap","Barricade"],"picked":"Inflame","floor":24},{"not_picked":["Double Tap","Cleave","Body Slam"],"picked":"Impervious","floor":28}],"player_experience":487383,"relics_obtained":[{"floor":7,"key":"Blood Vial"},{"floor":9,"key":"Bronze Scales"},{"floor":12,"key":"The Courier"},{"floor":24,"key":"Question Card"},{"floor":26,"key":"Whetstone"},{"floor":28,"key":"Meat on the Bone"}],"event_choices":[{"event_name":"Liars Game","player_choice":"disagreed","floor":14,"damage_taken":0},{"event_name":"Masked Bandits","player_choice":"Paid Bandits 135 gold","floor":20,"damage_taken":0},{"event_name":"Addict","player_choice":"Ignored","floor":21,"damage_taken":0},{"event_name":"Forgotten Altar","player_choice":"Smashed Altar","floor":30,"damage_taken":0}],"is_beta":false,"boss_relics":[{"not_picked":["Black Star","Lizard Tail"],"picked":"Ectoplasm"}],"items_purged_floors":[],"is_endless":false,"potions_floor_spawned":[4,5,18,28],"killed_by":"Cultist and Chosen","ascension_level":11}