{"gold_per_floor":[219,234,43,43,58,58,91,104,129,129,54,54,129,164,164,263,263,273,283,111,111,131,131,164,164,190,301,313,354,378,111,111,211,211,229,229,4,18,38,38,0,32,32,44,59,59,86,105,105,105],"floor_reached":51,"playtime":4818,"items_purged":["Strike_R","Strike_R","Strike_R","Strike_R"],"score":1019,"play_id":"775e3353-d343-42f3-8803-acd7b2b5ff5e","local_time":"20180722231242","is_ascension_mode":true,"campfire_choices":[{"data":"Apotheosis","floor":6,"key":"SMITH"},{"data":"True Grit","floor":10,"key":"SMITH"},{"data":"Body Slam","floor":12,"key":"SMITH"},{"data":"Bash","floor":15,"key":"SMITH"},{"data":"Immolate","floor":23,"key":"SMITH"},{"data":"Shockwave","floor":25,"key":"SMITH"},{"data":"Evolve","floor":28,"key":"SMITH"},{"floor":32,"key":"REST"},{"data":"Shrug It Off","floor":40,"key":"SMITH"},{"data":"Spot Weakness","floor":46,"key":"SMITH"},{"floor":49,"key":"REST"}],"neow_cost":"NONE","seed_source_timestamp":389168217045858,"circlet_count":0,"master_deck":["Strike_R+1","Defend_R","Defend_R","Defend_R","Defend_R","Bash+1","True Grit+1","Rampage+1","Apotheosis+1","Shrug It Off+1","Body Slam+1","Headbutt","Immolate+1","Evolve+1","Shockwave+1","Clothesline","Impervious","Sentinel+1","Headbutt","True Grit+1","Spot Weakness+1","Feel No Pain","Flame Barrier","Shrug It Off+1"],"relics":["Burning Blood","Whetstone","Oddly Smooth Stone","Regal Pillow","Velvet Choker","Blue Candle","MawBank","Boot","Strawberry","Cursed Key","Red Mask","Mercury Hourglass","Potion Belt"],"potions_floor_usage":[7,16,16,22,29,38,47,47,50,50],"damage_taken":[{"damage":4,"enemies":"2 Louse","floor":1,"turns":4},{"damage":2,"enemies":"Small Slimes","floor":2,"turns":4},{"damage":0,"enemies":"Cultist","floor":5,"turns":3},{"damage":25,"enemies":"Gremlin Nob","floor":7,"turns":4},{"damage":9,"enemies":"Exordium Thugs","floor":8,"turns":6},{"damage":9,"enemies":"3 Sentries","floor":14,"turns":9},{"damage":41,"enemies":"The Guardian","floor":16,"turns":9},{"damage":0,"enemies":"Chosen","floor":18,"turns":4},{"damage":1,"enemies":"Spheric Guardian","floor":19,"turns":3},{"damage":17,"enemies":"3 Cultists","floor":22,"turns":5},{"damage":19,"enemies":"Slavers","floor":24,"turns":2},{"damage":34,"enemies":"Gremlin Leader","floor":29,"turns":7},{"damage":12,"enemies":"Cultist and Chosen","floor":30,"turns":5},{"damage":58,"enemies":"Automaton","floor":33,"turns":11},{"damage":12,"enemies":"3 Darklings","floor":35,"turns":5},{"damage":8,"enemies":"3 Shapes","floor":38,"turns":6},{"damage":12,"enemies":"Spire Growth","floor":39,"turns":4},{"damage":14,"enemies":"Nemesis","floor":42,"turns":9},{"damage":5,"enemies":"Transient","floor":44,"turns":5},{"damage":8,"enemies":"Sphere and 2 Shapes","floor":45,"turns":6},{"damage":26,"enemies":"2 Orb Walkers","floor":47,"turns":4},{"damage":15,"enemies":"3 Darklings","floor":48,"turns":3},{"damage":52,"enemies":"Donu and Deca","floor":50,"turns":10}],"seed_played":"6540040078390632675","potions_obtained":[{"floor":2,"key":"EssenceOfSteel"},{"floor":7,"key":"Weak Potion"},{"floor":14,"key":"Fire Potion"},{"floor":18,"key":"Explosive Potion"},{"floor":24,"key":"Weak Potion"},{"floor":29,"key":"Ancient Potion"},{"floor":39,"key":"Block Potion"},{"floor":42,"key":"SkillPotion"},{"floor":48,"key":"Energy Potion"}],"is_trial":false,"path_per_floor":["M","M","$","?","M","R","E","M","T","R","$","R","?","E","R","B",null,"M","M","$","?","M","R","E","R","T","?","R","E","M","$","R","B",null,"M","?","$","M","M","R","?","E","T","M","M","R","E","M","R","B"],"character_chosen":"IRONCLAD","items_purchased":["Apotheosis","Evolve","Strawberry","Regen Potion"],"campfire_rested":2,"item_purchase_floors":[3,20,31,37],"current_hp_per_floor":[74,78,78,83,85,85,66,63,63,63,63,63,52,49,49,14,67,73,78,78,78,67,67,54,54,54,54,54,26,20,27,69,17,73,67,67,67,80,74,74,74,66,66,67,65,65,45,36,78,32],"gold":105,"neow_bonus":"HUNDRED_GOLD","is_prod":false,"is_daily":false,"chose_seed":false,"campfire_upgraded":9,"win_rate":0,"timestamp":1532297562,"path_taken":["M","M","$","?","M","R","E","M","T","R","?","R","?","E","R","BOSS","M","M","$","?","M","R","E","R","T","?","R","E","M","$","R","BOSS","M","?","$","M","M","R","?","E","T","M","M","R","E","M","R","BOSS"],"build_version":"2018-07-19v2","purchased_purges":4,"victory":true,"max_hp_per_floor":[80,80,80,85,85,85,85,85,85,85,85,85,85,85,85,85,85,85,85,85,85,85,85,85,85,85,85,85,85,85,92,92,92,92,92,92,92,92,92,92,92,92,92,92,92,92,92,92,92,92],"card_choices":[{"not_picked":["Sword Boomerang","Iron Wave"],"picked":"True Grit","floor":1},{"not_picked":["Fire Breathing","Bloodletting"],"picked":"Rampage","floor":2},{"not_picked":["Sentinel","Searing Blow","Second Wind"],"picked":"SKIP","floor":5},{"not_picked":["True Grit","Infernal Blade"],"picked":"Shrug It Off","floor":7},{"not_picked":["Sword Boomerang","Havoc"],"picked":"Body Slam","floor":8},{"not_picked":["Clash","Feel No Pain"],"picked":"Headbutt","floor":14},{"not_picked":["Double Tap","Juggernaut"],"picked":"Immolate","floor":16},{"not_picked":["Wild Strike","Sentinel","Heavy Blade"],"picked":"SKIP","floor":18},{"not_picked":["Infernal Blade","Body Slam","Heavy Blade"],"picked":"SKIP","floor":19},{"not_picked":["Rampage","Havoc+1"],"picked":"Shockwave","floor":22},{"not_picked":["Berserk","Fiend Fire"],"picked":"Clothesline","floor":24},{"not_picked":["Clothesline","Dropkick+1","Pommel Strike"],"picked":"SKIP","floor":29},{"not_picked":["Flex","Clothesline+1","Perfected Strike"],"picked":"SKIP","floor":30},{"not_picked":["Fiend Fire","Brutality"],"picked":"Impervious","floor":33},{"not_picked":["Iron Wave+1","Pommel Strike+1"],"picked":"Sentinel+1","floor":35},{"not_picked":["Ghostly Armor","Havoc+1"],"picked":"Headbutt","floor":38},{"not_picked":["Hemokinesis+1","Ghostly Armor"],"picked":"True Grit+1","floor":39},{"not_picked":["Battle Trance+1","Intimidate+1"],"picked":"Spot Weakness","floor":42},{"not_picked":["Wild Strike","Infernal Blade"],"picked":"Feel No Pain","floor":44},{"not_picked":["Rage+1","Disarm"],"picked":"Flame Barrier","floor":45},{"not_picked":["Clothesline+1","Sword Boomerang","Dual Wield+1"],"picked":"SKIP","floor":47},{"not_picked":["Evolve","Anger"],"picked":"Shrug It Off+1","floor":48}],"player_experience":434980,"relics_obtained":[{"floor":7,"key":"Whetstone"},{"floor":9,"key":"Oddly Smooth Stone"},{"floor":14,"key":"Regal Pillow"},{"floor":24,"key":"Blue Candle"},{"floor":26,"key":"MawBank"},{"floor":29,"key":"Boot"},{"floor":42,"key":"Mercury Hourglass"},{"floor":47,"key":"Potion Belt"}],"event_choices":[{"event_name":"Big Fish","player_choice":"Donut","floor":4,"damage_taken":0},{"event_name":"World of Goop","player_choice":"Gather Gold","floor":13,"damage_taken":0},{"event_name":"Vampires","player_choice":"Ignored","floor":21,"damage_taken":0},{"event_name":"Nest","player_choice":"Stole From Cult","floor":27,"damage_taken":0},{"event_name":"SensoryStone","player_choice":"Memory 1","floor":36,"damage_taken":0},{"event_name":"Tomb of Lord Red Mask","player_choice":"Paid","floor":41,"damage_taken":0}],"is_beta":false,"boss_relics":[{"not_picked":["Philosopher\u0027s Stone","White Beast Statue"],"picked":"Velvet Choker"},{"not_picked":["Pandora\u0027s Box","Mark of Pain"],"picked":"Cursed Key"}],"items_purged_floors":[11,20,31,37],"is_endless":false,"potions_floor_spawned":[2,7,14,18,24,29,39,42,48],"ascension_level":9}