{"gold_per_floor":[111,128,53,53,72,72,86,86,109,140,140,152,165,4,4,99,99,116,116,148,165,15,46,46,46,98,114,127,127,107,188,188,188],"floor_reached":33,"playtime":2992,"items_purged":[],"score":424,"play_id":"c9c399a1-36a6-4221-9d21-59eab9fb75d6","local_time":"20180729231840","is_ascension_mode":true,"campfire_choices":[{"data":"Bash","floor":6,"key":"SMITH"},{"data":"Clothesline","floor":8,"key":"SMITH"},{"floor":15,"key":"REST"},{"floor":24,"key":"REST"},{"floor":29,"key":"REST"},{"floor":32,"key":"REST"}],"neow_cost":"NONE","seed_source_timestamp":996161384238591,"circlet_count":0,"master_deck":["Strike_R","Strike_R","Strike_R+1","Strike_R+1","Strike_R","Defend_R","Defend_R","Defend_R","Defend_R","Bash+1","AscendersBane","Flex","Clothesline+1","Shrug It Off","Armaments","Offering","Warcry","Feel No Pain","Shockwave","Metallicize","Impervious","Seeing Red","Shrug It Off","Feel No Pain"],"relics":["Burning Blood","Centennial Puzzle","Blood Vial","Whetstone","Fusion Hammer","Red Mask","Oddly Smooth Stone","StoneCalendar","Letter Opener","Dream Catcher","Self Forming Clay"],"potions_floor_usage":[12,16,20,33,33],"damage_taken":[{"damage":8,"enemies":"2 Louse","floor":1,"turns":3},{"damage":7,"enemies":"Jaw Worm","floor":2,"turns":5},{"damage":7,"enemies":"Small Slimes","floor":5,"turns":3},{"damage":11,"enemies":"Looter","floor":7,"turns":3},{"damage":31,"enemies":"Lagavulin","floor":10,"turns":9},{"damage":5,"enemies":"Exordium Thugs","floor":12,"turns":3},{"damage":6,"enemies":"Blue Slaver","floor":13,"turns":4},{"damage":35,"enemies":"Slime Boss","floor":16,"turns":14},{"damage":8,"enemies":"2 Thieves","floor":18,"turns":4},{"damage":8,"floor":20,"turns":5},{"damage":8,"enemies":"Shell Parasite","floor":21,"turns":7},{"damage":46,"enemies":"Slavers","floor":23,"turns":8},{"damage":11,"enemies":"Snake Plant","floor":27,"turns":4},{"damage":5,"enemies":"Centurion and Healer","floor":28,"turns":7},{"damage":99,"enemies":"Champ","floor":33,"turns":14}],"seed_played":"2723498243258274597","potions_obtained":[{"floor":12,"key":"SpeedPotion"},{"floor":23,"key":"Ancient Potion"},{"floor":27,"key":"Weak Potion"},{"floor":30,"key":"Regen Potion"}],"is_trial":false,"path_per_floor":["M","M","$","?","M","R","M","R","T","E","?","M","M","$","R","B",null,"M","?","?","M","$","E","R","T","T","M","M","R","?","T","R"],"character_chosen":"IRONCLAD","items_purchased":["Shrug It Off","Armaments","Shockwave","Metallicize","Strength Potion","Oddly Smooth Stone"],"campfire_rested":4,"item_purchase_floors":[3,3,14,14,14,22],"current_hp_per_floor":[70,69,69,62,61,61,56,56,56,33,33,36,38,38,62,35,69,69,69,69,69,69,31,55,55,55,52,55,79,79,79,80,0],"gold":188,"neow_bonus":"THREE_SMALL_POTIONS","is_prod":false,"is_daily":false,"chose_seed":false,"campfire_upgraded":2,"win_rate":0,"timestamp":1532902720,"path_taken":["M","M","$","?","M","R","M","R","T","E","?","?","M","$","R","BOSS","M","?","?","M","$","E","R","?","T","M","M","R","?","?","R","BOSS"],"build_version":"2018-07-26","purchased_purges":0,"victory":false,"max_hp_per_floor":[80,80,80,80,80,80,80,80,80,80,80,80,80,80,80,80,80,80,80,80,80,80,80,80,80,80,80,80,80,80,80,80,80],"card_choices":[{"not_picked":["Anger","Thunderclap"],"picked":"Flex","floor":1},{"not_picked":["Burning Pact","Anger"],"picked":"Clothesline","floor":2},{"not_picked":["Armaments","Blood for Blood","Headbutt"],"picked":"SKIP","floor":5},{"not_picked":["Armaments","Clothesline","Havoc"],"picked":"SKIP","floor":7},{"not_picked":["Blood for Blood","Combust"],"picked":"Offering","floor":10},{"not_picked":["Pummel","Twin Strike"],"picked":"Warcry","floor":12},{"not_picked":["Carnage","Shrug It Off"],"picked":"Feel No Pain","floor":13},{"not_picked":["Fiend Fire","Reaper"],"picked":"Impervious","floor":16},{"not_picked":["Iron Wave+1","Sword Boomerang"],"picked":"Seeing Red","floor":18},{"not_picked":["Carnage+1","Dropkick"],"picked":"Shrug It Off","floor":20},{"not_picked":["Clothesline","Thunderclap","Uppercut"],"picked":"SKIP","floor":21},{"not_picked":["Fire Breathing","Clash"],"picked":"Feel No Pain","floor":23},{"not_picked":["Thunderclap","Heavy Blade","Headbutt"],"picked":"SKIP","floor":27},{"not_picked":["Bludgeon","Iron Wave","Clash"],"picked":"SKIP","floor":28}],"player_experience":535167,"relics_obtained":[{"floor":9,"key":"Blood Vial"},{"floor":10,"key":"Whetstone"},{"floor":20,"key":"Red Mask"},{"floor":23,"key":"StoneCalendar"},{"floor":25,"key":"Letter Opener"},{"floor":26,"key":"Dream Catcher"},{"floor":31,"key":"Self Forming Clay"}],"event_choices":[{"event_name":"Scrap Ooze","player_choice":"success","floor":4,"damage_taken":7},{"event_name":"Shining Light","player_choice":"Ignored","floor":11,"damage_taken":0},{"event_name":"Ghosts","player_choice":"Ignored","floor":19,"damage_taken":0},{"event_name":"Masked Bandits","player_choice":"Fought over 116 gold","floor":20,"damage_taken":0},{"event_name":"The Woman in Blue","player_choice":"Bought 1 Potion","floor":30,"damage_taken":0}],"is_beta":false,"boss_relics":[{"not_picked":["Calling Bell","Lizard Tail"],"picked":"Fusion Hammer"}],"items_purged_floors":[],"is_endless":false,"potions_floor_spawned":[7,12,13,23,27],"killed_by":"Champ","ascension_level":12}