{"gold_per_floor":[113,113,113,131,44,44,44,77,125,158,158,158,226,259,259,355,355,372,388,438,456,472,472,497,497,497,497,510,117,117,136,136,240,240,251,261,311,407,457,457,106,141,166,166,16,81,81,131,131,131],"floor_reached":51,"playtime":4467,"items_purged":["Strike_R","Writhe","Warcry+1"],"score":1174,"play_id":"7e41d435-3360-478d-a820-3c8992321d9c","local_time":"20180728000814","is_ascension_mode":true,"campfire_choices":[{"data":"Bash","floor":6,"key":"SMITH"},{"data":"True Grit","floor":11,"key":"SMITH"},{"data":"Clothesline","floor":15,"key":"SMITH"},{"floor":23,"key":"REST"},{"floor":25,"key":"REST"},{"data":"True Grit","floor":27,"key":"SMITH"},{"data":"Metallicize","floor":30,"key":"SMITH"},{"floor":32,"key":"REST"},{"floor":40,"key":"REST"},{"floor":44,"key":"REST"},{"floor":47,"key":"REST"},{"floor":49,"key":"REST"}],"neow_cost":"NONE","seed_source_timestamp":824854024914813,"circlet_count":0,"master_deck":["Defend_R","Defend_R","Defend_R","Defend_R","Bash+1","AscendersBane","Ghostly Armor","Feed","Twin Strike","True Grit+1","Infernal Blade","Clothesline+1","Spot Weakness","Offering","Armaments+1","Wild Strike","True Grit+1","Metallicize+1","Shrug It Off","Heavy Blade+1","Spot Weakness+1","Battle Trance","Feel No Pain+1","Rampage+1","Shrug It Off","Flash of Steel"],"relics":["Burning Blood","NeowsBlessing","Pantograph","Paper Frog","Red Skull","Dream Catcher","SsserpentHead","Blue Candle","Velvet Choker","Bottled Flame","Smiling Mask","Vajra","Sling","Empty Cage","Bottled Tornado","Gambling Chip","Kunai","Strawberry","Blood Vial"],"potions_floor_usage":[14,16,21,24,33,33,42,50,50],"damage_taken":[{"damage":0,"enemies":"Small Slimes","floor":1,"turns":1},{"damage":0,"enemies":"Jaw Worm","floor":4,"turns":2},{"damage":0,"enemies":"Lagavulin","floor":8,"turns":1},{"damage":39,"enemies":"Gremlin Nob","floor":10,"turns":5},{"damage":0,"enemies":"Cultist","floor":13,"turns":3},{"damage":27,"enemies":"3 Sentries","floor":14,"turns":9},{"damage":46,"enemies":"Hexaghost","floor":16,"turns":7},{"damage":17,"enemies":"3 Byrds","floor":18,"turns":8},{"damage":5,"enemies":"Shell Parasite","floor":19,"turns":7},{"damage":18,"enemies":"Snecko","floor":21,"turns":7},{"damage":22,"enemies":"Snake Plant","floor":22,"turns":4},{"damage":57,"enemies":"Gremlin Leader","floor":24,"turns":7},{"damage":14,"enemies":"Sentry and Sphere","floor":28,"turns":5},{"damage":8,"enemies":"Snecko","floor":31,"turns":3},{"damage":99,"enemies":"Champ","floor":33,"turns":17},{"damage":1,"enemies":"3 Shapes","floor":35,"turns":5},{"damage":43,"enemies":"3 Darklings","floor":36,"turns":7},{"damage":45,"floor":38,"turns":8},{"damage":39,"enemies":"2 Orb Walkers","floor":42,"turns":5},{"damage":25,"enemies":"4 Shapes","floor":46,"turns":7},{"damage":50,"enemies":"Awakened One","floor":50,"turns":9}],"seed_played":"-3763011470437179824","potions_obtained":[{"floor":13,"key":"BloodPotion"},{"floor":14,"key":"Poison Potion"},{"floor":16,"key":"EssenceOfSteel"},{"floor":19,"key":"SkillPotion"},{"floor":22,"key":"FearPotion"},{"floor":28,"key":"GamblersBrew"},{"floor":38,"key":"Energy Potion"}],"is_trial":false,"path_per_floor":["M","?","?","M","$","R","T","E","T","E","R","?","M","E","R","B",null,"M","M","?","M","M","R","E","R","T","R","M","$","R","M","R","B",null,"M","M","T","?","?","R","$","E","T","R","$","M","R","?","R","B"],"character_chosen":"IRONCLAD","items_purchased":["True Grit","Infernal Blade","Vajra","Sling","Kunai","PowerPotion","Shrug It Off","SkillPotion"],"campfire_rested":7,"item_purchase_floors":[5,5,29,29,41,41,45,45],"current_hp_per_floor":[78,71,71,80,80,80,80,86,86,53,53,53,62,49,49,37,78,70,74,74,62,49,79,28,58,58,58,50,50,50,48,78,8,78,86,49,49,10,36,67,67,41,41,74,74,60,94,94,114,70],"gold":131,"neow_bonus":"THREE_ENEMY_KILL","is_prod":false,"is_daily":false,"chose_seed":false,"campfire_upgraded":5,"win_rate":0,"timestamp":1532732894,"path_taken":["M","?","?","M","?","R","?","E","T","E","R","?","?","E","R","BOSS","M","M","?","M","M","R","E","R","T","R","M","$","R","M","R","BOSS","M","M","?","?","?","R","$","E","T","R","$","?","R","?","R","BOSS"],"build_version":"2018-07-26","purchased_purges":3,"victory":true,"max_hp_per_floor":[80,80,80,83,83,83,83,86,86,86,86,86,89,89,89,92,92,95,98,98,98,101,101,101,101,101,101,101,101,101,101,101,101,101,104,104,104,104,104,104,104,111,111,111,111,114,114,114,114,114],"card_choices":[{"not_picked":["Perfected Strike","Cleave"],"picked":"Ghostly Armor","floor":1},{"not_picked":["Perfected Strike","Sword Boomerang"],"picked":"Twin Strike","floor":4},{"not_picked":["Bloodletting","Perfected Strike","Heavy Blade"],"picked":"SKIP","floor":8},{"not_picked":["Perfected Strike","Sentinel","Pommel Strike"],"picked":"SKIP","floor":10},{"not_picked":["Blood for Blood","Body Slam"],"picked":"Clothesline","floor":13},{"not_picked":["Armaments","Second Wind"],"picked":"Spot Weakness","floor":14},{"not_picked":["Brutality","Feed"],"picked":"Offering","floor":16},{"not_picked":["Blood for Blood","Fire Breathing"],"picked":"Armaments+1","floor":18},{"not_picked":["Clash","Twin Strike","Pommel Strike"],"picked":"SKIP","floor":19},{"not_picked":["Uppercut","Warcry+1"],"picked":"True Grit","floor":21},{"not_picked":["Burning Pact+1","Headbutt","Clash"],"picked":"SKIP","floor":22},{"not_picked":["Rupture","Dual Wield+1"],"picked":"Metallicize","floor":23},{"not_picked":["Havoc+1","Rage"],"picked":"Shrug It Off","floor":24},{"not_picked":["Rupture","Blood for Blood","Clash"],"picked":"SKIP","floor":28},{"not_picked":["Flex","Offering"],"picked":"Heavy Blade+1","floor":31},{"not_picked":["Clothesline","Clash"],"picked":"Warcry+1","floor":32},{"not_picked":["Burning Pact","Anger+1"],"picked":"Spot Weakness+1","floor":35},{"not_picked":["Body Slam+1","Intimidate"],"picked":"Battle Trance","floor":36},{"not_picked":["Armaments+1","Iron Wave+1"],"picked":"Feel No Pain+1","floor":38},{"not_picked":["Bloodletting+1","Cleave+1"],"picked":"Rampage+1","floor":40},{"not_picked":["Anger+1","Seeing Red","Thunderclap"],"picked":"SKIP","floor":42},{"not_picked":["Thunderclap","Clash","Reaper"],"picked":"SKIP","floor":46},{"not_picked":["Dark Shackles","Secret Weapon"],"picked":"Flash of Steel","floor":48}],"player_experience":492362,"relics_obtained":[{"floor":7,"key":"Pantograph"},{"floor":8,"key":"Paper Frog"},{"floor":9,"key":"Red Skull"},{"floor":10,"key":"Dream Catcher"},{"floor":14,"key":"Blue Candle"},{"floor":24,"key":"Bottled Flame"},{"floor":26,"key":"Smiling Mask"},{"floor":37,"key":"Bottled Tornado"},{"floor":38,"key":"Gambling Chip"},{"floor":42,"key":"Strawberry"},{"floor":43,"key":"Blood Vial"}],"event_choices":[{"event_name":"Golden Wing","player_choice":"Card Removal","floor":2,"damage_taken":0},{"event_name":"Match and Keep!","player_choice":"1 cards matched","floor":3,"damage_taken":0},{"event_name":"Match and Keep!","player_choice":"1 cards matched","floor":3,"damage_taken":0},{"event_name":"FaceTrader","player_choice":"Trade","floor":12,"damage_taken":0},{"event_name":"Transmorgrifier","player_choice":"Transform","floor":20,"damage_taken":0},{"event_name":"Mysterious Sphere","player_choice":"Fight","floor":38,"damage_taken":0},{"event_name":"Winding Halls","player_choice":"Writhe","floor":39,"damage_taken":0},{"event_name":"SensoryStone","player_choice":"Memory 1","floor":48,"damage_taken":0}],"is_beta":false,"boss_relics":[{"not_picked":["Lizard Tail","Orrery"],"picked":"Velvet Choker"},{"not_picked":["White Beast Statue","Eternal Feather"],"picked":"Empty Cage"}],"items_purged_floors":[29,41,45],"is_endless":false,"potions_floor_spawned":[13,14,16,19,22,28,38,46],"ascension_level":11}