{"gold_per_floor":[117,127,127,146,159,190,190,224,249,267,284,284,284,297,297,400,400,414,444,216,250,266,266,296,309,309,309,339,353,373,398,398,398],"floor_reached":33,"playtime":2635,"items_purged":["Strike_R"],"score":479,"play_id":"ab49a488-e51f-4ad2-9c3e-97d10629687a","local_time":"20180723210051","is_ascension_mode":true,"campfire_choices":[{"data":"Immolate","floor":7,"key":"SMITH"},{"data":"Disarm","floor":12,"key":"SMITH"},{"data":"Clothesline","floor":15,"key":"SMITH"},{"data":"Whirlwind","floor":23,"key":"SMITH"},{"data":"True Grit","floor":32,"key":"SMITH"}],"neow_cost":"NONE","seed_source_timestamp":469851798274847,"circlet_count":0,"master_deck":["Strike_R","Strike_R","Strike_R","Strike_R","Defend_R","Defend_R","Defend_R","Defend_R","Bash","AscendersBane","Immolate+1","Headbutt","Disarm+1","Reaper","Evolve","Metallicize","Whirlwind+1","Clothesline+1","Offering","Feel No Pain","Ghostly Armor","Havoc+1","True Grit+1","Metallicize","Limit Break"],"relics":["Burning Blood","Bag of Preparation","Strawberry","Orichalcum","Pen Nib","Cursed Key","Tiny Chest","Red Mask","Ornamental Fan","Blood Vial","Potion Belt"],"potions_floor_usage":[8,8,16,21,24,30,33,33,33],"damage_taken":[{"damage":0,"enemies":"2 Louse","floor":1,"turns":1},{"damage":0,"enemies":"Cultist","floor":2,"turns":2},{"damage":10,"enemies":"Jaw Worm","floor":4,"turns":3},{"damage":13,"enemies":"Looter","floor":5,"turns":3},{"damage":22,"enemies":"3 Sentries","floor":6,"turns":5},{"damage":6,"enemies":"Lagavulin","floor":8,"turns":5},{"damage":10,"enemies":"3 Louse","floor":10,"turns":3},{"damage":7,"enemies":"Exordium Thugs","floor":11,"turns":4},{"damage":3,"enemies":"Blue Slaver","floor":14,"turns":3},{"damage":39,"enemies":"The Guardian","floor":16,"turns":11},{"damage":5,"enemies":"Shell Parasite","floor":18,"turns":4},{"damage":33,"floor":21,"turns":5},{"damage":5,"enemies":"Chosen","floor":22,"turns":4},{"damage":29,"enemies":"Gremlin Leader","floor":24,"turns":6},{"damage":7,"enemies":"Centurion and Healer","floor":25,"turns":6},{"damage":16,"enemies":"Book of Stabbing","floor":28,"turns":6},{"damage":5,"enemies":"Cultist and Chosen","floor":29,"turns":6},{"damage":15,"enemies":"Sentry and Sphere","floor":30,"turns":4},{"damage":11,"enemies":"Slavers","floor":31,"turns":3},{"damage":77,"enemies":"Automaton","floor":33,"turns":8}],"seed_played":"1294113104502087776","potions_obtained":[{"floor":3,"key":"SteroidPotion"},{"floor":3,"key":"Fire Potion"},{"floor":3,"key":"LiquidBronze"},{"floor":4,"key":"Block Potion"},{"floor":10,"key":"Explosive Potion"},{"floor":11,"key":"Ancient Potion"},{"floor":16,"key":"SneckoOil"},{"floor":22,"key":"Swift Potion"},{"floor":24,"key":"BloodPotion"},{"floor":29,"key":"Block Potion"},{"floor":30,"key":"Swift Potion"}],"is_trial":false,"path_per_floor":["M","M","?","M","M","E","R","E","T","M","M","R","T","M","R","B",null,"M","?","$","?","M","R","E","M","T","?","E","M","M","E","R"],"character_chosen":"IRONCLAD","items_purchased":["Feel No Pain","Regen Potion"],"campfire_rested":0,"item_purchase_floors":[20,20],"current_hp_per_floor":[78,80,80,76,69,64,64,71,71,79,82,82,82,85,85,53,79,80,80,80,59,64,64,50,53,53,53,55,64,65,62,62,0],"gold":398,"neow_bonus":"ONE_RANDOM_RARE_CARD","is_prod":false,"is_daily":false,"chose_seed":false,"campfire_upgraded":5,"win_rate":0,"timestamp":1532376051,"path_taken":["M","M","?","M","M","E","R","E","T","M","M","R","?","M","R","BOSS","M","?","$","?","M","R","E","M","T","?","E","M","?","E","R","BOSS"],"build_version":"2018-07-19v2","purchased_purges":1,"victory":false,"max_hp_per_floor":[80,80,80,80,80,80,80,87,87,87,87,87,87,87,87,87,87,87,87,87,87,87,87,87,87,87,87,87,87,87,87,87,87],"card_choices":[{"not_picked":["Reckless Charge","Wild Strike"],"picked":"Headbutt","floor":1},{"not_picked":["Rupture","Wild Strike"],"picked":"Disarm","floor":2},{"not_picked":["Twin Strike","True Grit"],"picked":"Reaper","floor":4},{"not_picked":["Pommel Strike","Anger","Blood for Blood"],"picked":"SKIP","floor":5},{"not_picked":["Anger","Thunderclap","Pummel"],"picked":"SKIP","floor":6},{"not_picked":["Thunderclap","Entrench"],"picked":"Evolve","floor":8},{"not_picked":["Dropkick","Rampage"],"picked":"Metallicize","floor":10},{"not_picked":["Perfected Strike","Searing Blow"],"picked":"Whirlwind","floor":11},{"not_picked":["Blood for Blood","Wild Strike"],"picked":"Clothesline","floor":14},{"not_picked":["Berserk","Double Tap"],"picked":"Offering","floor":16},{"not_picked":["Cleave","Thunderclap","Heavy Blade"],"picked":"SKIP","floor":18},{"not_picked":["Evolve+1","Havoc"],"picked":"Ghostly Armor","floor":21},{"not_picked":["Sword Boomerang+1","Corruption"],"picked":"Havoc+1","floor":22},{"not_picked":["Blood for Blood","Anger","Perfected Strike"],"picked":"SKIP","floor":24},{"not_picked":["Combust","Second Wind","Anger"],"picked":"SKIP","floor":25},{"not_picked":["Anger","Wild Strike+1"],"picked":"Metallicize","floor":28},{"not_picked":["Pummel","Pommel Strike+1"],"picked":"Limit Break","floor":29},{"not_picked":["Entrench","Havoc","Heavy Blade+1"],"picked":"SKIP","floor":30},{"not_picked":["Double Tap","Body Slam","Flex"],"picked":"SKIP","floor":31}],"player_experience":441420,"relics_obtained":[{"floor":6,"key":"Bag of Preparation"},{"floor":8,"key":"Strawberry"},{"floor":9,"key":"Orichalcum"},{"floor":13,"key":"Pen Nib"},{"floor":21,"key":"Red Mask"},{"floor":24,"key":"Ornamental Fan"},{"floor":28,"key":"Blood Vial"},{"floor":31,"key":"Potion Belt"}],"event_choices":[{"event_name":"The Lab","player_choice":"Got Potions","floor":3,"damage_taken":0},{"event_name":"The Mausoleum","player_choice":"Yes","floor":19,"damage_taken":0},{"event_name":"Masked Bandits","player_choice":"Fought over 216 gold","floor":21,"damage_taken":0},{"event_name":"Match and Keep!","player_choice":"1 cards matched","floor":27,"damage_taken":0}],"is_beta":false,"boss_relics":[{"not_picked":["Empty Cage","Runic Dome"],"picked":"Cursed Key"}],"items_purged_floors":[20],"is_endless":false,"potions_floor_spawned":[4,5,10,11,16,22,24,29,30],"killed_by":"Automaton","ascension_level":10}