{"gold_per_floor":[117,128,78,91,109,109,184,215,267,267,267,302,105,119,119,223,223,239,138,138,149,61,61,89,100,100,100,133,133,84,110,110,208,208,218,144,144,162,172,172,189,220,246,264,264,47,67,102,102,102],"floor_reached":51,"playtime":5407,"items_purged":["Strike_R","Strike_R","Strike_R"],"score":1362,"play_id":"e19ce99a-01d6-4146-9a69-eeae006e54fa","local_time":"20180722151303","is_ascension_mode":true,"campfire_choices":[{"data":"Bash","floor":6,"key":"SMITH"},{"data":"Whirlwind","floor":10,"key":"SMITH"},{"floor":15,"key":"REST"},{"data":"Spot Weakness","floor":23,"key":"SMITH"},{"floor":27,"key":"REST"},{"data":"Power Through","floor":32,"key":"SMITH"},{"floor":40,"key":"REST"},{"data":"Limit Break","floor":45,"key":"SMITH"},{"data":"Inflame","floor":49,"key":"SMITH"}],"neow_cost":"NONE","seed_source_timestamp":359800122288005,"circlet_count":0,"master_deck":["Defend_R","Defend_R+1","Defend_R","Defend_R","Bash+1","Spot Weakness+1","Clothesline","Feel No Pain","True Grit+1","Whirlwind+1","Warcry+1","Twin Strike","Offering","Heavy Blade+1","Battle Trance","Feel No Pain","Infernal Blade+1","Uppercut+1","Power Through+1","Body Slam+1","Limit Break+1","Twin Strike","Metallicize","Power Through+1","Armaments+1","Evolve+1","Sentinel+1","Inflame+1","Warcry+1"],"relics":["Burning Blood","Bag of Preparation","Smiling Mask","Centennial Puzzle","Red Skull","Vajra","Velvet Choker","Gremlin Horn","Self Forming Clay","Art of War","Matryoshka","Snecko Eye","Calipers","Du-Vu Doll","Orichalcum","Bag of Marbles","Oddly Smooth Stone","War Paint"],"potions_floor_usage":[8,12,18,28,33,33,50,50],"damage_taken":[{"damage":1,"enemies":"Cultist","floor":1,"turns":3},{"damage":5,"enemies":"2 Louse","floor":2,"turns":4},{"damage":10,"enemies":"Small Slimes","floor":4,"turns":4},{"damage":15,"enemies":"2 Fungi Beasts","floor":5,"turns":4},{"damage":24,"enemies":"3 Sentries","floor":8,"turns":10},{"damage":24,"enemies":"Gremlin Nob","floor":12,"turns":4},{"damage":4,"enemies":"Blue Slaver","floor":14,"turns":3},{"damage":34,"enemies":"The Guardian","floor":16,"turns":8},{"damage":7,"enemies":"Spheric Guardian","floor":18,"turns":4},{"damage":10,"enemies":"2 Thieves","floor":21,"turns":2},{"damage":10,"enemies":"Book of Stabbing","floor":24,"turns":3},{"damage":23,"enemies":"Snake Plant","floor":25,"turns":4},{"damage":7,"enemies":"Slavers","floor":28,"turns":2},{"damage":5,"enemies":"Gremlin Leader","floor":31,"turns":3},{"damage":18,"enemies":"Collector","floor":33,"turns":5},{"damage":9,"enemies":"3 Shapes","floor":35,"turns":2},{"damage":11,"floor":37,"turns":6},{"damage":8,"enemies":"Orb Walker","floor":38,"turns":3},{"damage":21,"enemies":"Sphere and 2 Shapes","floor":39,"turns":2},{"damage":4,"enemies":"3 Darklings","floor":41,"turns":4},{"damage":13,"enemies":"2 Orb Walkers","floor":42,"turns":4},{"damage":0,"enemies":"4 Shapes","floor":44,"turns":3},{"damage":11,"enemies":"Sphere and 2 Shapes","floor":47,"turns":4},{"damage":5,"enemies":"Giant Head","floor":48,"turns":6},{"damage":32,"enemies":"Awakened One","floor":50,"turns":6}],"seed_played":"4233355621387203579","potions_obtained":[{"floor":2,"key":"Explosive Potion"},{"floor":5,"key":"Regen Potion"},{"floor":14,"key":"Block Potion"},{"floor":18,"key":"PowerPotion"},{"floor":25,"key":"Ancient Potion"},{"floor":33,"key":"Strength Potion"},{"floor":35,"key":"Energy Potion"},{"floor":38,"key":"Swift Potion"}],"is_trial":false,"path_per_floor":["M","M","?","M","M","R","?","E","T","R","?","E","$","M","R","B",null,"M","$","?","M","$","R","E","M","T","R","E","?","$","E","R","B",null,"M","$","?","M","M","R","M","E","T","M","R","$","M","E","R","B"],"character_chosen":"IRONCLAD","items_purchased":["Vajra","Strength Potion","Feel No Pain","PowerPotion","Metallicize","Oddly Smooth Stone","Inflame"],"campfire_rested":3,"item_purchase_floors":[13,19,22,30,36,46,46],"current_hp_per_floor":[77,78,78,74,65,65,54,51,51,51,51,33,33,35,59,31,68,67,67,67,63,63,63,59,45,45,69,68,68,68,69,69,57,77,74,74,69,67,52,76,78,81,81,83,83,83,78,79,79,53],"gold":102,"neow_bonus":"RANDOM_COMMON_RELIC","is_prod":false,"is_daily":false,"chose_seed":false,"campfire_upgraded":6,"win_rate":0,"timestamp":1532268783,"path_taken":["M","M","?","M","M","R","?","E","T","R","?","E","$","M","R","BOSS","M","$","?","M","$","R","E","M","T","R","E","?","$","E","R","BOSS","M","$","?","?","M","R","M","E","T","M","R","$","M","E","R","BOSS"],"build_version":"2018-07-19v2","purchased_purges":3,"victory":true,"max_hp_per_floor":[80,80,80,80,80,80,80,80,80,80,80,80,80,80,80,80,80,80,80,80,80,80,80,80,83,83,83,83,83,83,83,83,83,83,83,83,83,83,83,83,83,83,83,83,83,83,83,83,83,83],"card_choices":[{"not_picked":["Cleave","Havoc"],"picked":"Spot Weakness","floor":1},{"not_picked":["Twin Strike","Cleave"],"picked":"Clothesline","floor":2},{"not_picked":["Second Wind","Body Slam"],"picked":"Feel No Pain","floor":4},{"not_picked":["Thunderclap","Bloodletting"],"picked":"True Grit","floor":5},{"not_picked":["Iron Wave","Pommel Strike"],"picked":"Whirlwind","floor":8},{"not_picked":["Perfected Strike","Fiend Fire"],"picked":"Warcry","floor":12},{"not_picked":["Havoc","Headbutt"],"picked":"Twin Strike","floor":14},{"not_picked":["Bludgeon","Fiend Fire"],"picked":"Offering","floor":16},{"not_picked":["Rupture","Perfected Strike+1"],"picked":"Heavy Blade+1","floor":18},{"not_picked":["Twin Strike","Thunderclap"],"picked":"Battle Trance","floor":21},{"not_picked":["Clash+1","Anger"],"picked":"Infernal Blade+1","floor":24},{"not_picked":["Blood for Blood","Anger"],"picked":"Uppercut+1","floor":25},{"not_picked":["Carnage","Flame Barrier"],"picked":"Power Through","floor":28},{"not_picked":["Heavy Blade","Infernal Blade"],"picked":"Body Slam+1","floor":31},{"not_picked":["Berserk","Dark Embrace"],"picked":"Limit Break","floor":33},{"not_picked":["Fire Breathing","Cleave+1"],"picked":"Twin Strike","floor":35},{"not_picked":["Flame Barrier","Wild Strike"],"picked":"Power Through+1","floor":37},{"not_picked":["Combust","Clothesline"],"picked":"Armaments+1","floor":38},{"not_picked":["Pummel","Wild Strike+1"],"picked":"Evolve+1","floor":39},{"not_picked":["Perfected Strike","Anger+1"],"picked":"Sentinel+1","floor":41},{"not_picked":["Iron Wave+1","Perfected Strike","Sword Boomerang+1"],"picked":"SKIP","floor":42},{"not_picked":["Headbutt","Feed","Cleave+1"],"picked":"SKIP","floor":44},{"not_picked":["Hemokinesis+1","Flex+1"],"picked":"Warcry+1","floor":47},{"not_picked":["Carnage","Infernal Blade+1","Havoc"],"picked":"SKIP","floor":48}],"player_experience":419585,"relics_obtained":[{"floor":8,"key":"Smiling Mask"},{"floor":9,"key":"Centennial Puzzle"},{"floor":12,"key":"Red Skull"},{"floor":24,"key":"Gremlin Horn"},{"floor":26,"key":"Self Forming Clay"},{"floor":28,"key":"Art of War"},{"floor":31,"key":"Matryoshka"},{"floor":37,"key":"Calipers"},{"floor":42,"key":"Du-Vu Doll"},{"floor":43,"key":"Orichalcum"},{"floor":43,"key":"Bag of Marbles"},{"floor":48,"key":"War Paint"}],"event_choices":[{"event_name":"The Cleric","player_choice":"Card Removal","floor":3,"damage_taken":0},{"event_name":"World of Goop","player_choice":"Gather Gold","floor":7,"damage_taken":0},{"event_name":"Living Wall","player_choice":"Grow","floor":11,"damage_taken":0},{"event_name":"Drug Dealer","player_choice":"Ignored","floor":20,"damage_taken":0},{"event_name":"Bonfire Elementals","player_choice":"BASIC","floor":29,"damage_taken":0},{"event_name":"MindBloom","player_choice":"Fight","floor":37,"damage_taken":0}],"is_beta":false,"boss_relics":[{"not_picked":["Lizard Tail","Empty Cage"],"picked":"Velvet Choker"},{"not_picked":["Philosopher\u0027s Stone","Tiny House"],"picked":"Snecko Eye"}],"items_purged_floors":[13,19,22],"is_endless":false,"potions_floor_spawned":[2,5,14,18,25,33,35,38,39,42],"ascension_level":8}