{"gold_per_floor":[110,122,141,13,13,13,40,40,40,72,72,84,6,36,36,137,137,150,170,170,170,187,187,198,198,198,198,123,140,159,139,139,242,242,258,276,276,276,131,131,151,151,151,34,34,80,100,8,8,8],"floor_reached":51,"playtime":4090,"items_purged":["Regret","Strike_R"],"score":841,"play_id":"c896155d-35a7-49a4-aff5-910cb7bc2f29","local_time":"20180719202814","is_ascension_mode":true,"campfire_choices":[{"data":"Carnage","floor":6.0,"key":"SMITH"},{"data":"True Grit","floor":15.0,"key":"SMITH"},{"data":"Demon Form","floor":23.0,"key":"SMITH"},{"data":"True Grit","floor":25.0,"key":"SMITH"},{"floor":32.0,"key":"REST"},{"data":"True Grit","floor":40,"key":"SMITH"},{"data":"Offering","floor":42,"key":"SMITH"},{"data":"Metallicize","floor":49,"key":"SMITH"}],"neow_cost":"NONE","seed_source_timestamp":0,"circlet_count":0,"master_deck":["Strike_R","Strike_R","Strike_R","Defend_R","Defend_R","Defend_R","Defend_R+1","Bash","Offering+1","True Grit+1","Cleave","Carnage+1","Feel No Pain","Shrug It Off+1","Infernal Blade","Twin Strike+1","Power Through","Whirlwind+1","Demon Form+1","Havoc","Clothesline+1","Reaper+1","Warcry+1","Infernal Blade+1","True Grit+1","Metallicize+1","Uppercut+1","Metallicize"],"special_seed":0,"relics":["Burning Blood","Molten Egg 2","Dodecahedron","Blood Vial","Tiny Chest","Cursed Key","Mango","Coffee Dripper","Bird Faced Urn","Gambling Chip"],"potions_floor_usage":[33,33,33,50,50,50],"damage_taken":[{"damage":7.0,"enemies":"Jaw Worm","floor":1.0,"turns":6.0},{"damage":3.0,"enemies":"2 Louse","floor":2.0,"turns":4.0},{"damage":0.0,"enemies":"Small Slimes","floor":3.0,"turns":3.0},{"damage":17.0,"enemies":"3 Sentries","floor":7.0,"turns":6.0},{"damage":4.0,"enemies":"Lagavulin","floor":10.0,"turns":5.0},{"damage":3.0,"enemies":"Looter","floor":12.0,"turns":2.0},{"damage":5.0,"enemies":"Slime Boss","floor":16.0,"turns":10.0},{"damage":5.0,"enemies":"3 Byrds","floor":18.0,"turns":3.0},{"damage":15.0,"enemies":"2 Thieves","floor":19.0,"turns":3.0},{"damage":16.0,"enemies":"Centurion and Healer","floor":22.0,"turns":5.0},{"damage":40.0,"enemies":"Slaver and Parasite","floor":24.0,"turns":5.0},{"damage":27.0,"enemies":"Sentry and Sphere","floor":29.0,"turns":7.0},{"damage":23.0,"enemies":"Snake Plant","floor":30.0,"turns":3.0},{"damage":61,"enemies":"Automaton","floor":33,"turns":10},{"damage":9,"enemies":"Orb Walker","floor":35,"turns":4},{"damage":9,"enemies":"Flame Bruiser 1 Orb","floor":36,"turns":4},{"damage":4,"floor":38,"turns":4},{"damage":24,"enemies":"Sphere and 2 Shapes","floor":41,"turns":7},{"damage":40,"floor":46,"turns":6},{"damage":32,"enemies":"3 Darklings","floor":47,"turns":11},{"damage":66,"enemies":"Time Eater","floor":50,"turns":12}],"seed_played":"6702827279781702542","potions_obtained":[{"floor":2.0,"key":"SkillPotion"},{"floor":7.0,"key":"Energy Potion"},{"floor":12.0,"key":"Explosive Potion"},{"floor":18.0,"key":"BloodPotion"},{"floor":20.0,"key":"Fruit Juice"},{"floor":20.0,"key":"EssenceOfSteel"},{"floor":22.0,"key":"SteroidPotion"},{"floor":30.0,"key":"LiquidBronze"},{"floor":31.0,"key":"Regen Potion"},{"floor":33,"key":"SkillPotion"},{"floor":35,"key":"Explosive Potion"},{"floor":41,"key":"SpeedPotion"}],"is_trial":false,"path_per_floor":["M","M","M","$","?","R","E","$","T","E","?","M","$","?","R","B",null,"M","M","?","T","M","R","M","R","T","T","$","M","M","?","R","B",null,"M","M","?","?","$","R","M","R","T","$","T","?","M","$","R","B"],"character_chosen":"IRONCLAD","items_purchased":["Feel No Pain","Shrug It Off","Whirlwind+1","True Grit","Metallicize","PowerPotion","Metallicize","Weak Potion"],"campfire_rested":1,"item_purchase_floors":[4,4,13,39,44,44,48,48],"current_hp_per_floor":[71,74,80,80,64,64,53,53,53,55,55,60,60,57,57,60,75,78,71,71,85,82,82,59,59,59,59,59,40,25,25,54,16,78,87,99,99,99,99,99,99,99,99,99,99,71,99,99,99,69],"gold":8,"neow_bonus":"ONE_RANDOM_RARE_CARD","is_prod":false,"is_daily":false,"chose_seed":false,"campfire_upgraded":7,"win_rate":0,"timestamp":1532028494,"path_taken":["M","M","M","$","?","R","E","$","T","E","?","M","$","?","R","BOSS","M","M","?","?","M","R","M","R","T","?","$","?","M","?","R","BOSS","M","M","?","?","$","R","M","R","T","$","?","?","M","?","R","BOSS"],"build_version":"2018-07-12","purchased_purges":2,"victory":true,"max_hp_per_floor":[80,80,80,80,80,80,80,80,80,80,80,80,80,80,80,80,80,80,80,80,94,99,99,99,99,99,99,99,99,99,99,99,99,99,99,99,99,99,99,99,99,99,99,99,99,99,99,99,99,99],"card_choices":[{"not_picked":["Dual Wield","Heavy Blade"],"picked":"True Grit","floor":1.0},{"not_picked":["Pommel Strike","Clash"],"picked":"Cleave","floor":2.0},{"not_picked":["Flex","Thunderclap"],"picked":"Carnage","floor":3.0},{"not_picked":["Cleave","Entrench","Flex"],"picked":"SKIP","floor":7.0},{"not_picked":["Carnage+1","Clash+1"],"picked":"Infernal Blade","floor":10.0},{"not_picked":["Warcry","Iron Wave+1"],"picked":"Power Through","floor":12.0},{"not_picked":["Exhume","Juggernaut"],"picked":"Demon Form","floor":16.0},{"not_picked":["Wild Strike+1","Twin Strike+1","Body Slam+1"],"picked":"SKIP","floor":18.0},{"not_picked":["Body Slam+1","Pommel Strike+1"],"picked":"Havoc","floor":19.0},{"not_picked":["Feel No Pain","Perfected Strike+1"],"picked":"True Grit","floor":22.0},{"not_picked":["Hemokinesis+1","Corruption+1","True Grit"],"picked":"SKIP","floor":24.0},{"not_picked":["Sword Boomerang+1","Warcry","Body Slam+1"],"picked":"SKIP","floor":29.0},{"not_picked":["Armaments","Cleave+1"],"picked":"Clothesline+1","floor":30.0},{"not_picked":["Brutality","Limit Break"],"picked":"Reaper+1","floor":33},{"not_picked":["Cleave+1","Wild Strike+1"],"picked":"Warcry+1","floor":35},{"not_picked":["Dropkick+1","Armaments"],"picked":"Infernal Blade+1","floor":36},{"not_picked":["Pommel Strike+1","Twin Strike+1","Havoc"],"picked":"SKIP","floor":41},{"not_picked":["Twin Strike+1","Heavy Blade+1"],"picked":"Uppercut+1","floor":47}],"player_experience":358895,"relics_obtained":[{"floor":7.0,"key":"Molten Egg 2"},{"floor":9.0,"key":"Dodecahedron"},{"floor":10.0,"key":"Blood Vial"},{"floor":21.0,"key":"Mango"},{"floor":38,"key":"Bird Faced Urn"},{"floor":46,"key":"Gambling Chip"}],"event_choices":[{"event_name":"Shining Light","player_choice":"Entered Light","floor":5.0,"damage_taken":0.0},{"event_name":"Living Wall","player_choice":"Change","floor":11.0,"damage_taken":0.0},{"event_name":"Scrap Ooze","player_choice":"success","floor":14.0,"damage_taken":3.0},{"event_name":"The Lab","player_choice":"Got Potions","floor":20.0,"damage_taken":0.0},{"event_name":"The Woman in Blue","player_choice":"Bought 1 Potion","floor":31.0,"damage_taken":0.0},{"event_name":"Falling","player_choice":"Removed Skill","floor":37,"damage_taken":0},{"event_name":"MindBloom","player_choice":"Fight","floor":38,"damage_taken":0},{"event_name":"Mysterious Sphere","player_choice":"Fight","floor":46,"damage_taken":0}],"boss_relics":[{"not_picked":["Eternal Feather","Mark of Pain"],"picked":"Cursed Key"},{"not_picked":["Philosopher\u0027s Stone","Fusion Hammer"],"picked":"Coffee Dripper"}],"items_purged_floors":[28,39],"is_endless":false,"potions_floor_spawned":[2,7,12,18,22,30,33,35,41],"ascension_level":6}