{"gold_per_floor":[114,114,135,158,173,216,240,240,293,324,324,324,360,390,390,520,520,533,533,557,572,495,495,510,353,353,371,16,40,71,95,95,95],"floor_reached":33,"playtime":2807,"items_purged":["Strike_R","Strike_R"],"score":419,"play_id":"e4dca56c-5364-454e-a12a-7792257ff796","local_time":"20180722205746","is_ascension_mode":true,"campfire_choices":[{"floor":8,"key":"REST"},{"data":"Armaments","floor":12,"key":"SMITH"},{"data":"Uppercut","floor":15,"key":"SMITH"},{"data":"Limit Break","floor":23,"key":"SMITH"},{"data":"Inflame","floor":32,"key":"SMITH"}],"neow_cost":"NONE","seed_source_timestamp":383095196023288,"circlet_count":0,"master_deck":["Strike_R","Strike_R+1","Strike_R+1","Defend_R","Defend_R","Defend_R","Defend_R","Bash","Shrug It Off","Pommel Strike","Armaments+1","Bludgeon","Metallicize","Shrug It Off","Anger","Uppercut+1","Limit Break+1","Twin Strike","Inflame+1","Flex+1","J.A.X.","Sword Boomerang+1","Ghostly Armor","True Grit+1"],"relics":["Burning Blood","Golden Idol","Dodecahedron","Lantern","Gremlin Horn","Bag of Marbles","Juzu Bracelet","Eternal Feather","Meat on the Bone","Whetstone","Darkstone Periapt"],"potions_floor_usage":[7,13,16,18,27,30,30,33,33],"damage_taken":[{"damage":3,"enemies":"2 Louse","floor":1,"turns":3},{"damage":10,"enemies":"Small Slimes","floor":3,"turns":4},{"damage":1,"enemies":"Jaw Worm","floor":4,"turns":4},{"damage":15,"enemies":"3 Louse","floor":5,"turns":4},{"damage":39,"enemies":"Lagavulin","floor":6,"turns":10},{"damage":6,"enemies":"Blue Slaver","floor":7,"turns":4},{"damage":9,"enemies":"3 Sentries","floor":10,"turns":9},{"damage":24,"enemies":"Lagavulin","floor":13,"turns":6},{"damage":19,"enemies":"Slime Boss","floor":16,"turns":9},{"damage":9,"enemies":"3 Byrds","floor":18,"turns":5},{"damage":26,"enemies":"Shell Parasite","floor":20,"turns":6},{"damage":8,"enemies":"Snecko","floor":21,"turns":3},{"damage":9,"enemies":"3 Cultists","floor":24,"turns":4},{"damage":26,"enemies":"Snake Plant","floor":27,"turns":3},{"damage":20,"enemies":"Sentry and Sphere","floor":29,"turns":5},{"damage":15,"enemies":"Slavers","floor":30,"turns":5},{"damage":17,"enemies":"3 Cultists","floor":31,"turns":5},{"damage":63,"enemies":"Automaton","floor":33,"turns":6}],"seed_played":"3077270336880709618","potions_obtained":[{"floor":1,"key":"SpeedPotion"},{"floor":5,"key":"Explosive Potion"},{"floor":10,"key":"Weak Potion"},{"floor":16,"key":"Explosive Potion"},{"floor":18,"key":"AttackPotion"},{"floor":30,"key":"Swift Potion"},{"floor":31,"key":"Energy Potion"}],"is_trial":false,"path_per_floor":["M","?","M","M","M","E","M","R","T","E","?","R","E","?","R","B",null,"M","?","M","M","?","R","M","$","T","M","$","M","E","M","R"],"character_chosen":"IRONCLAD","items_purchased":["Ghostly Armor","Whetstone","Block Potion","Weak Potion"],"campfire_rested":1,"item_purchase_floors":[25,28,28,28],"current_hp_per_floor":[75,55,51,56,47,14,14,38,38,35,61,61,43,43,43,30,68,65,65,45,43,43,55,52,52,52,44,44,42,45,46,58,0],"gold":95,"neow_bonus":"THREE_CARDS","is_prod":false,"is_daily":false,"chose_seed":false,"campfire_upgraded":4,"win_rate":0,"timestamp":1532289466,"path_taken":["M","?","M","M","M","E","M","R","T","E","?","R","E","?","R","BOSS","M","?","M","M","?","R","M","$","T","M","$","M","E","M","R","BOSS"],"build_version":"2018-07-19v2","purchased_purges":2,"victory":false,"max_hp_per_floor":[80,80,80,80,80,80,80,80,80,80,80,80,80,80,80,80,80,80,80,80,80,80,80,80,80,80,80,80,80,80,80,80,80],"card_choices":[{"not_picked":["Body Slam","Pommel Strike"],"picked":"Shrug It Off","floor":0},{"not_picked":["Sever Soul","Sword Boomerang"],"picked":"Pommel Strike","floor":1},{"not_picked":["Shrug It Off","Body Slam"],"picked":"Armaments","floor":3},{"not_picked":["True Grit","Warcry"],"picked":"Bludgeon","floor":4},{"not_picked":["Sword Boomerang","Carnage"],"picked":"Metallicize","floor":5},{"not_picked":["Thunderclap","Corruption","Armaments"],"picked":"SKIP","floor":6},{"not_picked":["Fire Breathing","Searing Blow"],"picked":"Shrug It Off","floor":7},{"not_picked":["Thunderclap","Shrug It Off"],"picked":"Anger","floor":10},{"not_picked":["Perfected Strike","Warcry"],"picked":"Uppercut","floor":13},{"not_picked":["Barricade","Reaper"],"picked":"Limit Break","floor":16},{"not_picked":["Rupture","Dual Wield"],"picked":"Twin Strike","floor":18},{"not_picked":["Iron Wave","Clothesline"],"picked":"Flex+1","floor":20},{"not_picked":["Thunderclap","Bloodletting","Body Slam"],"picked":"SKIP","floor":21},{"not_picked":["Dropkick","Reckless Charge"],"picked":"Sword Boomerang+1","floor":24},{"not_picked":["Combust","Perfected Strike","Body Slam"],"picked":"SKIP","floor":27},{"not_picked":["Sever Soul+1","Clash+1","Armaments+1"],"picked":"SKIP","floor":29},{"not_picked":["Perfected Strike","Shrug It Off+1"],"picked":"True Grit+1","floor":30},{"not_picked":["Rupture","Wild Strike","Entrench"],"picked":"SKIP","floor":31}],"player_experience":430920,"relics_obtained":[{"floor":6,"key":"Dodecahedron"},{"floor":9,"key":"Lantern"},{"floor":10,"key":"Gremlin Horn"},{"floor":13,"key":"Bag of Marbles"},{"floor":26,"key":"Meat on the Bone"},{"floor":30,"key":"Darkstone Periapt"}],"event_choices":[{"event_name":"Golden Idol","player_choice":"Take Damage","floor":2,"damage_taken":0},{"event_name":"Big Fish","player_choice":"Banana","floor":11,"damage_taken":0},{"event_name":"Dead Adventurer","player_choice":"Searched \u00272\u0027 times","floor":14,"damage_taken":0},{"event_name":"The Library","player_choice":"Read","floor":19,"damage_taken":0},{"event_name":"Drug Dealer","player_choice":"Got JAXXED","floor":22,"damage_taken":0}],"is_beta":false,"boss_relics":[{"not_picked":["Lizard Tail","Black Blood"],"picked":"Eternal Feather"}],"items_purged_floors":[25,28],"is_endless":false,"potions_floor_spawned":[1,5,10,16,18,30,31],"killed_by":"Automaton","ascension_level":9}