{"gold_per_floor":[109,128,128,128,147,147,174,193,220,253,253,266,266,299,299,404,404,414,414,432,448,7,7,39,39,63,82,82,110,125,125,125,228,228,245,245,256,268,268,286,286,298,323,323,67,67,84,416,416,416],"floor_reached":50,"playtime":4185,"items_purged":["Strike_R","Strike_R"],"score":770,"play_id":"59f62eb0-995d-4338-a2e1-08d4a53d9e95","local_time":"20180721222922","is_ascension_mode":true,"campfire_choices":[{"data":"Bash","floor":6,"key":"SMITH"},{"data":"True Grit","floor":11,"key":"SMITH"},{"data":"Headbutt","floor":13,"key":"SMITH"},{"data":"Body Slam","floor":15,"key":"SMITH"},{"data":"1","floor":23,"key":"LIFT"},{"data":"2","floor":25,"key":"LIFT"},{"data":"True Grit","floor":28,"key":"SMITH"},{"data":"3","floor":32,"key":"LIFT"},{"data":"Flame Barrier","floor":44,"key":"SMITH"},{"data":"Inflame","floor":46,"key":"SMITH"},{"data":"Spot Weakness","floor":49,"key":"SMITH"}],"neow_cost":"NONE","seed_source_timestamp":300810038664894,"circlet_count":0,"master_deck":["Strike_R","Strike_R","Strike_R","Defend_R","Defend_R+1","Defend_R+1","Defend_R","Bash+1","Power Through","True Grit+1","Ghostly Armor","Headbutt+1","Shrug It Off","Pommel Strike","Body Slam+1","Bludgeon","True Grit+1","Armaments+1","Inflame+1","Twin Strike","Battle Trance","Flame Barrier+1","Inflame+1","Iron Wave+1","Shrug It Off+1","Thinking Ahead","Seeing Red+1","Evolve+1","Spot Weakness+1"],"relics":["Burning Blood","Bag of Preparation","Vajra","Regal Pillow","Strawberry","Bronze Scales","Nunchaku","Sozu","Girya","Blood Vial","Happy Flower","Shuriken","Ancient Tea Set","Bag of Marbles","Old Coin"],"potions_floor_usage":[7,10,50,50],"damage_taken":[{"damage":0,"enemies":"2 Louse","floor":1,"turns":4},{"damage":3,"enemies":"Jaw Worm","floor":2,"turns":6},{"damage":0,"enemies":"Small Slimes","floor":5,"turns":3},{"damage":27,"enemies":"Gremlin Nob","floor":7,"turns":4},{"damage":4,"enemies":"3 Louse","floor":8,"turns":6},{"damage":10,"enemies":"Lagavulin","floor":10,"turns":5},{"damage":1,"enemies":"Red Slaver","floor":12,"turns":3},{"damage":5,"enemies":"3 Sentries","floor":14,"turns":7},{"damage":22,"enemies":"Hexaghost","floor":16,"turns":9},{"damage":2,"enemies":"3 Byrds","floor":18,"turns":4},{"damage":6,"enemies":"Shell Parasite","floor":20,"turns":5},{"damage":12,"enemies":"Snake Plant","floor":21,"turns":4},{"damage":23,"enemies":"Book of Stabbing","floor":24,"turns":5},{"damage":0,"enemies":"Chosen and Byrds","floor":27,"turns":4},{"damage":24,"enemies":"Gremlin Leader","floor":29,"turns":6},{"damage":7,"enemies":"Centurion and Healer","floor":30,"turns":5},{"damage":33,"enemies":"Automaton","floor":33,"turns":8},{"damage":1,"enemies":"Flame Bruiser 1 Orb","floor":35,"turns":4},{"damage":4,"enemies":"3 Shapes","floor":37,"turns":3},{"damage":18,"enemies":"3 Darklings","floor":38,"turns":4},{"damage":0,"enemies":"Maw","floor":40,"turns":6},{"damage":0,"enemies":"Sphere and 2 Shapes","floor":42,"turns":5},{"damage":4,"enemies":"4 Shapes","floor":47,"turns":8},{"damage":18,"enemies":"Nemesis","floor":48,"turns":5},{"damage":82,"enemies":"Awakened One","floor":50,"turns":6}],"seed_played":"-3523407624591214078","potions_obtained":[{"floor":1,"key":"AttackPotion"},{"floor":7,"key":"SteroidPotion"},{"floor":8,"key":"Ancient Potion"},{"floor":10,"key":"FearPotion"},{"floor":16,"key":"GamblersBrew"}],"is_trial":false,"path_per_floor":["M","M","?","?","M","R","E","M","T","E","R","M","R","E","R","B",null,"M","?","M","M","$","R","E","R","T","M","R","E","M","?","R","B",null,"M","?","M","M","?","M","?","M","T","R","$","R","M","E","R"],"character_chosen":"IRONCLAD","items_purchased":["Girya","Inflame","Bag of Marbles"],"campfire_rested":0,"item_purchase_floors":[22,22,45],"current_hp_per_floor":[78,80,77,61,67,67,46,48,55,51,51,56,56,57,57,41,76,80,80,80,74,74,74,57,57,57,65,65,49,50,79,79,54,79,86,86,87,75,75,83,83,87,87,87,87,87,87,75,75,0],"gold":416,"neow_bonus":"RANDOM_COMMON_RELIC","is_prod":false,"is_daily":false,"chose_seed":false,"campfire_upgraded":8,"win_rate":0,"timestamp":1532208562,"path_taken":["M","M","?","?","M","R","E","M","T","E","R","M","R","E","R","BOSS","M","?","M","M","$","R","E","R","T","?","R","E","M","?","R","BOSS","M","?","M","M","?","M","?","M","T","R","$","R","?","E","R","BOSS"],"build_version":"2018-07-19v2","purchased_purges":2,"victory":false,"max_hp_per_floor":[80,80,80,80,80,80,80,80,87,87,87,87,87,87,87,87,87,87,87,87,87,87,87,87,87,87,87,87,87,87,87,87,87,87,87,87,87,87,87,87,87,87,87,87,87,87,87,87,87,87],"card_choices":[{"not_picked":["Wild Strike","Flex"],"picked":"Power Through","floor":1},{"not_picked":["Rage","Fiend Fire"],"picked":"True Grit","floor":2},{"not_picked":["Clash","Pommel Strike"],"picked":"Ghostly Armor","floor":5},{"not_picked":["Rupture","Blood for Blood","Hemokinesis"],"picked":"SKIP","floor":7},{"not_picked":["Anger","Second Wind"],"picked":"Headbutt","floor":8},{"not_picked":["Corruption","Headbutt"],"picked":"Shrug It Off","floor":10},{"not_picked":["Corruption","True Grit"],"picked":"Pommel Strike","floor":12},{"not_picked":["Rage","Fire Breathing"],"picked":"Body Slam","floor":14},{"not_picked":["Reaper","Dark Embrace"],"picked":"Bludgeon","floor":16},{"not_picked":["Burning Pact","Carnage","Pommel Strike+1"],"picked":"SKIP","floor":18},{"not_picked":["Body Slam+1","Flex+1"],"picked":"True Grit","floor":20},{"not_picked":["Clothesline","Heavy Blade+1"],"picked":"Armaments+1","floor":21},{"not_picked":["Reckless Charge","Sever Soul"],"picked":"Twin Strike","floor":24},{"not_picked":["Warcry","Barricade"],"picked":"Battle Trance","floor":27},{"not_picked":["Clash","Anger"],"picked":"Flame Barrier","floor":29},{"not_picked":["Evolve","Carnage+1"],"picked":"Inflame+1","floor":30},{"not_picked":["Iron Wave","Flex","Warcry"],"picked":"SKIP","floor":35},{"not_picked":["Heavy Blade","Combust+1"],"picked":"Iron Wave+1","floor":37},{"not_picked":["Cleave+1","Dual Wield"],"picked":"Shrug It Off+1","floor":38},{"not_picked":["Jack Of All Trades","Enlightenment"],"picked":"Thinking Ahead","floor":39},{"not_picked":["Combust","Perfected Strike"],"picked":"Seeing Red+1","floor":40},{"not_picked":["Thunderclap","Perfected Strike+1","Cleave"],"picked":"SKIP","floor":42},{"not_picked":["Headbutt","Thunderclap+1"],"picked":"Evolve+1","floor":47},{"not_picked":["Ghostly Armor+1","Pommel Strike"],"picked":"Spot Weakness","floor":48}],"player_experience":399464,"relics_obtained":[{"floor":7,"key":"Regal Pillow"},{"floor":9,"key":"Strawberry"},{"floor":10,"key":"Bronze Scales"},{"floor":14,"key":"Nunchaku"},{"floor":24,"key":"Blood Vial"},{"floor":26,"key":"Happy Flower"},{"floor":29,"key":"Shuriken"},{"floor":43,"key":"Ancient Tea Set"},{"floor":48,"key":"Old Coin"}],"event_choices":[{"event_name":"Scrap Ooze","player_choice":"success","floor":3,"damage_taken":3},{"event_name":"Shining Light","player_choice":"Entered Light","floor":4,"damage_taken":0},{"event_name":"Addict","player_choice":"Ignored","floor":19,"damage_taken":0},{"event_name":"The Library","player_choice":"Heal","floor":31,"damage_taken":0},{"event_name":"Tomb of Lord Red Mask","player_choice":"Ignored","floor":36,"damage_taken":0},{"event_name":"SensoryStone","player_choice":"Memory 1","floor":39,"damage_taken":0},{"event_name":"SecretPortal","player_choice":"Rejected Portal.","floor":41,"damage_taken":0}],"is_beta":false,"boss_relics":[{"not_picked":["Pandora\u0027s Box","Runic Cube"],"picked":"Sozu"},{"not_picked":["Runic Dome","Calling Bell","White Beast Statue"]}],"items_purged_floors":[22,45],"is_endless":false,"potions_floor_spawned":[1,7,8,10,16,27,29,30,33,38,47],"killed_by":"Awakened One","ascension_level":8}