{"gold_per_floor":[142,154,171,43,60,92,92,103,126,158,158,183,183,194,194,292,292,307,323,14,14,14,14,45,45,45,79,91,111,111],"floor_reached":30,"playtime":2604,"items_purged":["Strike_R","Strike_R"],"score":464,"play_id":"99222dd4-61c9-4d19-9b5d-57aaa4d0b90b","local_time":"20180729193435","is_ascension_mode":true,"campfire_choices":[{"data":"Bash","floor":7,"key":"SMITH"},{"data":"True Grit","floor":11,"key":"SMITH"},{"data":"True Grit","floor":13,"key":"SMITH"},{"floor":15,"key":"REST"},{"data":"Clothesline","floor":23,"key":"SMITH"},{"floor":25,"key":"REST"}],"neow_cost":"NONE","seed_source_timestamp":983109753518834,"circlet_count":0,"master_deck":["Strike_R","Strike_R","Strike_R+1","Defend_R","Defend_R","Defend_R","Defend_R","Bash+1","AscendersBane","Cleave+1","True Grit+1","Sword Boomerang","True Grit+1","Shrug It Off","Headbutt","Shrug It Off","Warcry","Clothesline+1","Demon Form","Twin Strike+1","Necronomicurse","Uppercut+1","Seeing Red"],"relics":["Black Blood","Tiny Chest","Whetstone","Ancient Tea Set","Bag of Marbles","Dream Catcher","Lee\u0027s Waffle","Necronomicon","Bottled Tornado","Du-Vu Doll","Calipers"],"potions_floor_usage":[12,12,18,30,30],"damage_taken":[{"damage":6,"enemies":"Cultist","floor":1,"turns":4},{"damage":7,"enemies":"2 Louse","floor":2,"turns":3},{"damage":0,"enemies":"Small Slimes","floor":3,"turns":3},{"damage":8,"enemies":"Looter","floor":5,"turns":4},{"damage":17,"enemies":"3 Sentries","floor":6,"turns":11},{"damage":11,"enemies":"Large Slime","floor":8,"turns":8},{"damage":16,"enemies":"Gremlin Nob","floor":10,"turns":4},{"damage":33,"enemies":"Lagavulin","floor":12,"turns":7},{"damage":0,"enemies":"2 Fungi Beasts","floor":14,"turns":3},{"damage":47,"enemies":"Hexaghost","floor":16,"turns":14},{"damage":33,"enemies":"Spheric Guardian","floor":18,"turns":5},{"damage":15,"enemies":"Chosen","floor":19,"turns":7},{"damage":52,"enemies":"Slavers","floor":24,"turns":7},{"damage":40,"enemies":"Book of Stabbing","floor":27,"turns":5},{"damage":9,"enemies":"Centurion and Healer","floor":28,"turns":5},{"damage":18,"enemies":"3 Cultists","floor":29,"turns":4},{"damage":19,"enemies":"Slaver and Parasite","floor":30,"turns":3}],"seed_played":"-4809539894083213708","potions_obtained":[{"floor":2,"key":"Weak Potion"},{"floor":5,"key":"SkillPotion"},{"floor":10,"key":"BloodPotion"},{"floor":16,"key":"Ancient Potion"},{"floor":24,"key":"Poison Potion"},{"floor":28,"key":"PowerPotion"}],"is_trial":false,"path_per_floor":["M","M","M","$","M","E","R","M","T","E","R","E","R","M","R","B",null,"M","M","$","?","?","R","E","R","T","E","M","M"],"character_chosen":"IRONCLAD","items_purchased":["True Grit","Lee\u0027s Waffle"],"campfire_rested":2,"item_purchase_floors":[4,20],"current_hp_per_floor":[72,71,77,77,75,64,64,59,59,49,49,30,30,36,60,19,65,42,37,87,71,71,71,29,55,55,25,26,18,0],"gold":111,"neow_bonus":"RANDOM_COMMON_RELIC","is_prod":false,"is_daily":false,"chose_seed":false,"campfire_upgraded":4,"win_rate":0,"timestamp":1532889275,"path_taken":["M","M","?","$","M","E","R","?","T","E","R","E","R","M","R","BOSS","M","M","$","?","?","R","E","R","T","E","M","?","M"],"build_version":"2018-07-26","purchased_purges":2,"victory":false,"max_hp_per_floor":[80,80,80,80,80,80,80,80,80,80,80,80,80,80,80,80,80,80,80,87,87,87,87,87,87,87,87,87,87,87],"card_choices":[{"not_picked":["True Grit","Combust"],"picked":"Cleave","floor":1},{"not_picked":["Pummel","Armaments"],"picked":"True Grit","floor":2},{"not_picked":["Heavy Blade","Hemokinesis"],"picked":"Sword Boomerang","floor":3},{"not_picked":["Blood for Blood","Fire Breathing"],"picked":"Shrug It Off","floor":5},{"not_picked":["Fire Breathing","Flex","Blood for Blood"],"picked":"SKIP","floor":6},{"not_picked":["Exhume","Seeing Red"],"picked":"Headbutt","floor":8},{"not_picked":["Flex","Sword Boomerang"],"picked":"Shrug It Off","floor":10},{"not_picked":["Double Tap","Body Slam"],"picked":"Warcry","floor":12},{"not_picked":["Reckless Charge","Blood for Blood","Havoc"],"picked":"SKIP","floor":14},{"not_picked":["Sword Boomerang","Sentinel"],"picked":"Clothesline","floor":15},{"not_picked":["Berserk","Exhume"],"picked":"Demon Form","floor":16},{"not_picked":["Shrug It Off","Hemokinesis","Perfected Strike"],"picked":"SKIP","floor":18},{"not_picked":["Carnage+1","Cleave"],"picked":"Twin Strike+1","floor":19},{"not_picked":["Combust","Wild Strike","Iron Wave"],"picked":"SKIP","floor":24},{"not_picked":["Intimidate","Warcry","Clash"],"picked":"SKIP","floor":27},{"not_picked":["Flex+1","Dropkick"],"picked":"Uppercut+1","floor":28},{"not_picked":["Rupture","Havoc"],"picked":"Seeing Red","floor":29}],"player_experience":525113,"relics_obtained":[{"floor":6,"key":"Whetstone"},{"floor":9,"key":"Ancient Tea Set"},{"floor":10,"key":"Bag of Marbles"},{"floor":12,"key":"Dream Catcher"},{"floor":21,"key":"Necronomicon"},{"floor":24,"key":"Bottled Tornado"},{"floor":26,"key":"Du-Vu Doll"},{"floor":27,"key":"Calipers"}],"event_choices":[{"event_name":"Cursed Tome","player_choice":"Obtained Book","floor":21,"damage_taken":0},{"event_name":"Ghosts","player_choice":"Ignored","floor":22,"damage_taken":0}],"is_beta":false,"boss_relics":[{"not_picked":["Astrolabe","Runic Cube"],"picked":"Black Blood"}],"items_purged_floors":[4,20],"is_endless":false,"potions_floor_spawned":[2,5,10,16,24,28],"killed_by":"Slaver and Parasite","ascension_level":12}