{"gold_per_floor":[218,232,245,263,9,9,42,42,88,88,151,151,151,169,169,270,270,280,29,29,29,29,54,54,65,65,42,42,57,57,71,71,71],"floor_reached":33,"playtime":2050,"items_purged":["Strike_R","Strike_R"],"score":437,"play_id":"796183b4-ec51-41b8-8a3c-05f643a26bcc","local_time":"20180729222721","is_ascension_mode":true,"campfire_choices":[{"data":"Searing Blow","floor":6,"key":"SMITH"},{"data":"Searing Blow+1","floor":8,"key":"SMITH"},{"data":"Searing Blow+2","floor":10,"key":"SMITH"},{"data":"Searing Blow+3","floor":12,"key":"SMITH"},{"data":"Searing Blow+4","floor":15,"key":"SMITH"},{"data":"True Grit","floor":24,"key":"SMITH"},{"data":"Searing Blow+5","floor":30,"key":"SMITH"},{"data":"Disarm","floor":32,"key":"SMITH"}],"neow_cost":"NONE","seed_source_timestamp":994029300488099,"circlet_count":0,"master_deck":["Strike_R+1","Strike_R","Strike_R+1","Defend_R","Defend_R","Defend_R","Defend_R","Bash","AscendersBane","Searing Blow+6","Pommel Strike","Infernal Blade","True Grit+1","Armaments","Flame Barrier","Dark Embrace","Offering","Feel No Pain","Headbutt","True Grit","Disarm+1"],"relics":["Burning Blood","Whetstone","Bottled Flame","Vajra","Tiny Chest","GremlinMask","Coffee Dripper","Orichalcum","Calipers"],"potions_floor_usage":[11,16,16,23,23,33,33],"damage_taken":[{"damage":4,"enemies":"Small Slimes","floor":1,"turns":3},{"damage":11,"enemies":"Cultist","floor":2,"turns":4},{"damage":3,"enemies":"2 Louse","floor":3,"turns":3},{"damage":10,"enemies":"Looter","floor":4,"turns":4},{"damage":29,"enemies":"3 Sentries","floor":7,"turns":9},{"damage":11,"enemies":"Gremlin Nob","floor":11,"turns":4},{"damage":4,"enemies":"2 Fungi Beasts","floor":14,"turns":3},{"damage":15,"enemies":"Slime Boss","floor":16,"turns":9},{"damage":5,"enemies":"Spheric Guardian","floor":18,"turns":3},{"damage":39,"enemies":"Gremlin Leader","floor":23,"turns":6},{"damage":5,"enemies":"2 Thieves","floor":25,"turns":4},{"damage":11,"enemies":"Centurion and Healer","floor":29,"turns":5},{"damage":6,"enemies":"Sentry and Sphere","floor":31,"turns":3},{"damage":45,"enemies":"Collector","floor":33,"turns":12}],"seed_played":"8609171848028436495","potions_obtained":[{"floor":2,"key":"FearPotion"},{"floor":4,"key":"Block Potion"},{"floor":11,"key":"Regen Potion"},{"floor":16,"key":"Poison Potion"},{"floor":29,"key":"Block Potion"},{"floor":31,"key":"Block Potion"}],"is_trial":false,"path_per_floor":["M","M","M","M","$","R","E","R","T","R","E","R","?","M","R","B",null,"M","$","?","$","?","E","R","M","T","$","?","M","R","M","R"],"character_chosen":"IRONCLAD","items_purchased":["Armaments","Whetstone","Feel No Pain","EssenceOfSteel","True Grit"],"campfire_rested":0,"item_purchase_floors":[5,5,19,19,27],"current_hp_per_floor":[74,69,72,68,68,68,45,45,45,45,40,40,40,42,42,48,72,73,73,73,73,80,47,47,48,48,48,48,43,43,43,43,0],"gold":71,"neow_bonus":"HUNDRED_GOLD","is_prod":false,"is_daily":false,"chose_seed":false,"campfire_upgraded":8,"win_rate":0,"timestamp":1532899641,"path_taken":["M","M","M","M","$","R","E","R","T","R","E","R","?","M","R","BOSS","M","$","?","$","?","E","R","M","T","$","?","M","R","?","R","BOSS"],"build_version":"2018-07-26","purchased_purges":2,"victory":false,"max_hp_per_floor":[80,80,80,80,80,80,80,80,80,80,80,80,80,80,80,80,80,80,80,80,80,80,80,80,80,80,80,80,80,80,80,80,80],"card_choices":[{"not_picked":["Havoc","Combust"],"picked":"Searing Blow","floor":1},{"not_picked":["Wild Strike","Perfected Strike"],"picked":"Pommel Strike","floor":2},{"not_picked":["Clash","Berserk"],"picked":"Infernal Blade","floor":3},{"not_picked":["Anger","Twin Strike"],"picked":"True Grit","floor":4},{"not_picked":["Headbutt","Clothesline"],"picked":"Flame Barrier","floor":7},{"not_picked":["Flex","Perfected Strike"],"picked":"Dark Embrace","floor":11},{"not_picked":["Flex","Warcry","Cleave"],"picked":"SKIP","floor":14},{"not_picked":["Impervious","Bludgeon"],"picked":"Offering","floor":16},{"not_picked":["Pommel Strike","Flex","Clash"],"picked":"SKIP","floor":18},{"not_picked":["Armaments","Perfected Strike"],"picked":"Headbutt","floor":23},{"not_picked":["Iron Wave+1","Carnage","Flex"],"picked":"SKIP","floor":25},{"not_picked":["Armaments","Perfected Strike","Sword Boomerang"],"picked":"SKIP","floor":29},{"not_picked":["Sentinel","Reckless Charge"],"picked":"Disarm","floor":31}],"player_experience":533117,"relics_obtained":[{"floor":7,"key":"Bottled Flame"},{"floor":9,"key":"Vajra"},{"floor":11,"key":"Tiny Chest"},{"floor":23,"key":"Orichalcum"},{"floor":26,"key":"Calipers"}],"event_choices":[{"event_name":"FaceTrader","player_choice":"Trade","floor":13,"damage_taken":0},{"event_name":"Beggar","player_choice":"Ignored","floor":20,"damage_taken":0},{"event_name":"Wheel of Change","player_choice":"Full Heal","floor":22,"damage_taken":0},{"event_name":"Addict","player_choice":"Ignored","floor":28,"damage_taken":0}],"is_beta":false,"boss_relics":[{"not_picked":["Orrery","Eternal Feather"],"picked":"Coffee Dripper"}],"items_purged_floors":[5,19],"is_endless":false,"potions_floor_spawned":[2,4,11,16,29,31],"killed_by":"Collector","ascension_level":12}