{"gold_per_floor":[115,215,235,215,232,232,260,260,336,355,367,393,120,155,155,155],"floor_reached":16,"playtime":1394,"items_purged":["Strike_R"],"score":217,"play_id":"1ad8cd2d-e544-494e-9a2b-0ffb35f7e711","local_time":"20180729211523","is_ascension_mode":true,"campfire_choices":[{"data":"Bash","floor":6,"key":"SMITH"},{"data":"Clothesline","floor":8,"key":"SMITH"},{"data":"Flex","floor":15,"key":"SMITH"}],"neow_cost":"NONE","seed_source_timestamp":990368006515620,"circlet_count":0,"master_deck":["Strike_R","Strike_R","Strike_R","Strike_R","Defend_R","Defend_R","Defend_R","Defend_R","Bash+1","AscendersBane","Clothesline+1","Armaments","Feed","Uppercut","True Grit","Ghostly Armor","Offering","Flex+1"],"relics":["Burning Blood","Bronze Scales","Gremlin Horn","Boot","Blood Vial"],"potions_floor_usage":[16,16],"damage_taken":[{"damage":6,"enemies":"Jaw Worm","floor":1,"turns":6},{"damage":4,"enemies":"Cultist","floor":3,"turns":3},{"damage":0,"enemies":"Small Slimes","floor":5,"turns":3},{"damage":18,"enemies":"Gremlin Nob","floor":7,"turns":4},{"damage":6,"enemies":"Red Slaver","floor":10,"turns":4},{"damage":20,"enemies":"Exordium Thugs","floor":11,"turns":7},{"damage":16,"enemies":"3 Sentries","floor":12,"turns":9},{"damage":17,"enemies":"Gremlin Nob","floor":14,"turns":3},{"damage":58,"enemies":"Slime Boss","floor":16,"turns":11}],"seed_played":"-2168058692160099538","potions_obtained":[{"floor":3,"key":"LiquidBronze"},{"floor":4,"key":"Weak Potion"},{"floor":5,"key":"Block Potion"}],"is_trial":false,"path_per_floor":["M","?","M","?","M","R","E","R","T","M","M","E","$","E","R"],"character_chosen":"IRONCLAD","items_purchased":["Ghostly Armor","Offering"],"campfire_rested":0,"item_purchase_floors":[13,13],"current_hp_per_floor":[80,80,82,82,88,88,76,76,76,76,66,59,59,51,51,0],"gold":155,"neow_bonus":"TEN_PERCENT_HP_BONUS","is_prod":false,"is_daily":false,"chose_seed":false,"campfire_upgraded":3,"win_rate":0,"timestamp":1532895323,"path_taken":["M","?","M","?","M","R","E","R","T","M","M","E","$","E","R","BOSS"],"build_version":"2018-07-26","purchased_purges":1,"victory":false,"max_hp_per_floor":[88,88,88,88,88,88,88,88,88,88,92,95,95,98,98,101],"card_choices":[{"not_picked":["Perfected Strike","Headbutt"],"picked":"Clothesline","floor":1},{"not_picked":["Heavy Blade","Iron Wave"],"picked":"Armaments","floor":3},{"not_picked":["Anger","Armaments"],"picked":"Feed","floor":5},{"not_picked":["Perfected Strike","Warcry"],"picked":"Uppercut","floor":7},{"not_picked":["Havoc","Dropkick","Body Slam"],"picked":"SKIP","floor":10},{"not_picked":["Fire Breathing","Perfected Strike"],"picked":"True Grit","floor":11},{"not_picked":["Twin Strike","Dual Wield","Warcry"],"picked":"SKIP","floor":12},{"not_picked":["Sword Boomerang","Power Through"],"picked":"Flex","floor":14}],"player_experience":531723,"relics_obtained":[{"floor":7,"key":"Bronze Scales"},{"floor":9,"key":"Gremlin Horn"},{"floor":12,"key":"Boot"},{"floor":14,"key":"Blood Vial"}],"event_choices":[{"event_name":"Wheel of Change","player_choice":"Gold","floor":2,"damage_taken":0},{"event_name":"The Woman in Blue","player_choice":"Bought 1 Potion","floor":4,"damage_taken":0}],"is_beta":false,"boss_relics":[],"items_purged_floors":[13],"is_endless":false,"potions_floor_spawned":[3,5,10,12],"killed_by":"Slime Boss","ascension_level":12}