{"gold_per_floor":[117,117,87,97,108,135,166,178,215,252,284,326,338,350,362,476,488,515,538,186,204,204,204,229,229],"floor_reached":25,"playtime":1929,"items_purged":["Strike_R"],"score":386,"play_id":"cf4b42ae-1b10-4589-bfb8-e2ea4535a919","local_time":"20180729170928","is_ascension_mode":true,"campfire_choices":[{"data":"Bash","floor":8,"key":"SMITH"},{"floor":13,"key":"REST"},{"data":"True Grit","floor":15,"key":"SMITH"},{"data":"Inflame","floor":23,"key":"SMITH"}],"neow_cost":"NONE","seed_source_timestamp":975077278335792,"circlet_count":0,"master_deck":["Strike_R+1","Strike_R","Strike_R","Strike_R","Defend_R","Defend_R+1","Defend_R","Defend_R","Bash+1","AscendersBane","Perfected Strike","Sword Boomerang","Perfected Strike","True Grit","Clothesline","Disarm","True Grit+1","Offering","Armaments","Perfected Strike","Inflame+1","Flame Barrier+1","Injury"],"relics":["Burning Blood","NeowsBlessing","MawBank","Regal Pillow","Red Skull","Letter Opener","Pantograph","Philosopher\u0027s Stone","Bronze Scales","Matryoshka"],"potions_floor_usage":[10,12,16,24,24],"damage_taken":[{"damage":0,"enemies":"Small Slimes","floor":1,"turns":1},{"damage":0,"enemies":"Jaw Worm","floor":4,"turns":1},{"damage":0,"enemies":"Cultist","floor":5,"turns":1},{"damage":32,"enemies":"Gremlin Nob","floor":6,"turns":4},{"damage":8,"enemies":"Exordium Wildlife","floor":7,"turns":4},{"damage":25,"enemies":"3 Sentries","floor":10,"turns":9},{"damage":5,"enemies":"Red Slaver","floor":11,"turns":2},{"damage":22,"enemies":"Lagavulin","floor":12,"turns":6},{"damage":49,"enemies":"Slime Boss","floor":16,"turns":12},{"damage":11,"enemies":"Chosen","floor":18,"turns":4},{"damage":16,"enemies":"Shell Parasite","floor":19,"turns":4},{"damage":22,"enemies":"3 Cultists","floor":21,"turns":5},{"damage":39,"enemies":"Gremlin Leader","floor":24,"turns":5},{"damage":24,"enemies":"Snake Plant","floor":25,"turns":2}],"seed_played":"4040367685871077154","potions_obtained":[{"floor":3,"key":"Dexterity Potion"},{"floor":3,"key":"EssenceOfSteel"},{"floor":10,"key":"PowerPotion"},{"floor":12,"key":"Energy Potion"},{"floor":19,"key":"AttackPotion"}],"is_trial":false,"path_per_floor":["M","?","?","M","M","E","M","R","T","E","M","E","R","?","R","B",null,"M","M","$","M","?","R","E"],"character_chosen":"IRONCLAD","items_purchased":["Inflame","Bronze Scales","Regen Potion"],"campfire_rested":1,"item_purchase_floors":[20,20,20],"current_hp_per_floor":[78,62,62,68,74,48,46,46,46,27,28,12,51,51,51,33,68,63,53,53,37,37,37,18,0],"gold":229,"neow_bonus":"THREE_ENEMY_KILL","is_prod":false,"is_daily":false,"chose_seed":false,"campfire_upgraded":3,"win_rate":0,"timestamp":1532880568,"path_taken":["M","?","?","M","?","E","M","R","T","E","M","E","R","?","R","BOSS","M","M","$","M","?","R","E","M"],"build_version":"2018-07-26","purchased_purges":1,"victory":false,"max_hp_per_floor":[80,80,80,80,80,80,80,80,80,80,80,80,80,80,80,80,80,80,80,80,80,80,80,80,80],"card_choices":[{"not_picked":["Seeing Red","Entrench"],"picked":"Perfected Strike","floor":1},{"not_picked":["Clash","Body Slam"],"picked":"Sword Boomerang","floor":4},{"not_picked":["Sword Boomerang","Brutality"],"picked":"Perfected Strike","floor":5},{"not_picked":["Cleave","Rampage"],"picked":"True Grit","floor":6},{"not_picked":["Seeing Red","Blood for Blood","Havoc"],"picked":"SKIP","floor":7},{"not_picked":["Rage","Heavy Blade"],"picked":"Clothesline","floor":10},{"not_picked":["Carnage","Havoc"],"picked":"Disarm","floor":11},{"not_picked":["Iron Wave","Double Tap"],"picked":"True Grit","floor":12},{"not_picked":["Bludgeon","Brutality"],"picked":"Offering","floor":16},{"not_picked":["Pommel Strike","Clothesline"],"picked":"Armaments","floor":18},{"not_picked":["Headbutt+1","Reckless Charge+1"],"picked":"Perfected Strike","floor":19},{"not_picked":["True Grit+1","Twin Strike"],"picked":"Flame Barrier","floor":21},{"not_picked":["Dual Wield","Bloodletting","Flame Barrier"],"picked":"SKIP","floor":24}],"player_experience":523184,"relics_obtained":[{"floor":6,"key":"MawBank"},{"floor":9,"key":"Regal Pillow"},{"floor":10,"key":"Red Skull"},{"floor":12,"key":"Letter Opener"},{"floor":24,"key":"Matryoshka"}],"event_choices":[{"event_name":"Shining Light","player_choice":"Entered Light","floor":2,"damage_taken":0},{"event_name":"The Woman in Blue","player_choice":"Bought 2 Potions","floor":3,"damage_taken":0},{"event_name":"WeMeetAgain","player_choice":"Potion","floor":14,"damage_taken":0},{"event_name":"Accursed Blacksmith","player_choice":"Forge","floor":22,"damage_taken":0}],"is_beta":false,"boss_relics":[{"not_picked":["Black Blood","Fusion Hammer"],"picked":"Philosopher\u0027s Stone"}],"items_purged_floors":[20],"is_endless":false,"potions_floor_spawned":[5,10,11,12,19],"killed_by":"Snake Plant","ascension_level":12}