{"gold_per_floor":[216,231,406,418,68,95,95,120,177,177],"floor_reached":10,"playtime":903,"items_purged":[],"score":102,"play_id":"1edef345-8451-4ed1-b33f-a13cf2fe4bc4","local_time":"20180727222148","is_ascension_mode":true,"campfire_choices":[{"floor":7,"key":"REST"}],"neow_cost":"NONE","seed_source_timestamp":822044211767259,"circlet_count":0,"master_deck":["Strike_R","Strike_R","Strike_R","Strike_R","Strike_R","Defend_R","Defend_R","Defend_R","Defend_R","Bash","AscendersBane","Wild Strike","Headbutt","Doubt","True Grit","True Grit","Pommel Strike","Wild Strike"],"relics":["Burning Blood","Matryoshka","Orichalcum","Odd Mushroom","Meat on the Bone","Tiny Chest"],"potions_floor_usage":[10,10],"damage_taken":[{"damage":20,"enemies":"Jaw Worm","floor":1,"turns":6},{"damage":3,"enemies":"2 Louse","floor":2,"turns":2},{"damage":1,"enemies":"Cultist","floor":4,"turns":3},{"damage":36,"enemies":"3 Sentries","floor":6,"turns":13},{"damage":23,"floor":8,"turns":6},{"damage":44,"enemies":"Lagavulin","floor":10,"turns":6}],"seed_played":"-2428817589909940881","potions_obtained":[{"floor":6,"key":"Swift Potion"},{"floor":8,"key":"Energy Potion"}],"is_trial":false,"path_per_floor":["M","M","?","M","$","E","R","?","T"],"character_chosen":"IRONCLAD","items_purchased":["Matryoshka","FearPotion","True Grit"],"campfire_rested":1,"item_purchase_floors":[5,5,5],"current_hp_per_floor":[58,61,61,66,66,36,60,43,43,0],"gold":177,"neow_bonus":"HUNDRED_GOLD","is_prod":false,"is_daily":false,"chose_seed":false,"campfire_upgraded":0,"win_rate":0,"timestamp":1532726508,"path_taken":["M","M","?","M","?","E","R","?","T","E"],"build_version":"2018-07-26","purchased_purges":0,"victory":false,"max_hp_per_floor":[80,80,80,80,80,80,80,80,80,80],"card_choices":[{"not_picked":["Havoc","Rupture"],"picked":"Wild Strike","floor":1},{"not_picked":["Second Wind","Entrench"],"picked":"Headbutt","floor":2},{"not_picked":["Wild Strike","Perfected Strike"],"picked":"True Grit","floor":4},{"not_picked":["Reckless Charge","Heavy Blade"],"picked":"Pommel Strike","floor":6},{"not_picked":["Twin Strike","Sever Soul"],"picked":"Wild Strike","floor":8}],"player_experience":489711,"relics_obtained":[{"floor":6,"key":"Orichalcum"},{"floor":8,"key":"Odd Mushroom"},{"floor":9,"key":"Meat on the Bone"},{"floor":9,"key":"Tiny Chest"}],"event_choices":[{"event_name":"Liars Game","player_choice":"agreed","floor":3,"damage_taken":0},{"event_name":"Mushrooms","player_choice":"Fought Mushrooms","floor":8,"damage_taken":0}],"is_beta":false,"boss_relics":[],"items_purged_floors":[],"is_endless":false,"potions_floor_spawned":[6,8],"killed_by":"Lagavulin","ascension_level":11}