{"gold_per_floor":[213,118,137,13,26,26,54,54,78,109,28,28,42,56,56,186,186,209,232,232,32,32],"floor_reached":22,"playtime":1338,"items_purged":[],"score":310,"play_id":"898a6b75-533a-4622-9b63-65e50b89a286","local_time":"20180729142637","is_ascension_mode":true,"campfire_choices":[{"data":"Uppercut","floor":6,"key":"SMITH"},{"data":"True Grit","floor":8,"key":"SMITH"},{"floor":15,"key":"REST"}],"neow_cost":"NONE","seed_source_timestamp":965897832302069,"circlet_count":0,"master_deck":["Strike_R","Strike_R","Strike_R","Strike_R","Strike_R","Defend_R","Defend_R","Defend_R","Defend_R","Bash","AscendersBane","Rampage","Inflame","True Grit+1","Infernal Blade","Uppercut+1","Armaments","Power Through","Anger","Evolve","True Grit","Demon Form","Shrug It Off"],"relics":["Black Blood","Vajra","Regal Pillow","Torii","Bloody Idol","Medical Kit"],"potions_floor_usage":[7,18],"damage_taken":[{"damage":10,"enemies":"Small Slimes","floor":1,"turns":4},{"damage":4,"enemies":"Cultist","floor":3,"turns":4},{"damage":11,"enemies":"Jaw Worm","floor":5,"turns":4},{"damage":24,"enemies":"Gremlin Nob","floor":7,"turns":4},{"damage":17,"enemies":"3 Sentries","floor":10,"turns":10},{"damage":17,"enemies":"Exordium Wildlife","floor":13,"turns":4},{"damage":2,"enemies":"3 Louse","floor":14,"turns":3},{"damage":49,"enemies":"The Guardian","floor":16,"turns":12},{"damage":33,"enemies":"2 Thieves","floor":18,"turns":5},{"damage":27,"enemies":"Chosen","floor":19,"turns":6},{"damage":30,"enemies":"Sentry and Sphere","floor":22,"turns":4}],"seed_played":"5352086685771830202","potions_obtained":[{"floor":3,"key":"Strength Potion"},{"floor":5,"key":"SkillPotion"},{"floor":7,"key":"Weak Potion"}],"is_trial":false,"path_per_floor":["M","$","M","$","M","R","E","R","T","E","$","?","M","M","R","B",null,"M","M","?","$"],"character_chosen":"IRONCLAD","items_purchased":["Inflame","True Grit","Uppercut","Armaments","Evolve","Medical Kit"],"campfire_rested":1,"item_purchase_floors":[2,2,4,4,11,21],"current_hp_per_floor":[68,68,70,70,65,65,47,47,47,36,36,36,25,29,66,23,61,38,21,21,21,0],"gold":32,"neow_bonus":"HUNDRED_GOLD","is_prod":false,"is_daily":false,"chose_seed":false,"campfire_upgraded":2,"win_rate":0,"timestamp":1532870797,"path_taken":["M","$","M","$","M","R","E","R","T","E","$","?","?","?","R","BOSS","M","M","?","$","M"],"build_version":"2018-07-26","purchased_purges":0,"victory":false,"max_hp_per_floor":[80,80,80,80,80,80,80,80,80,80,80,74,74,74,74,74,74,74,74,74,74,74],"card_choices":[{"not_picked":["Thunderclap","Battle Trance"],"picked":"Rampage","floor":1},{"not_picked":["Sentinel","Clash"],"picked":"Infernal Blade","floor":3},{"not_picked":["Pummel","Seeing Red","Body Slam"],"picked":"SKIP","floor":5},{"not_picked":["Sword Boomerang","Feel No Pain"],"picked":"Power Through","floor":7},{"not_picked":["Burning Pact","Fiend Fire"],"picked":"Anger","floor":10},{"not_picked":["Warcry","Pummel"],"picked":"True Grit","floor":13},{"not_picked":["Burning Pact","Searing Blow","True Grit"],"picked":"SKIP","floor":14},{"not_picked":["Juggernaut","Impervious"],"picked":"Demon Form","floor":16},{"not_picked":["Spot Weakness","Blood for Blood","True Grit"],"picked":"SKIP","floor":18},{"not_picked":["True Grit","Warcry+1"],"picked":"Shrug It Off","floor":19}],"player_experience":520008,"relics_obtained":[{"floor":7,"key":"Vajra"},{"floor":9,"key":"Regal Pillow"},{"floor":10,"key":"Torii"}],"event_choices":[{"event_name":"Golden Idol","player_choice":"Lose Max HP","floor":12,"damage_taken":0},{"event_name":"Forgotten Altar","player_choice":"Gave Idol","floor":20,"damage_taken":0}],"is_beta":false,"boss_relics":[{"not_picked":["Snecko Eye","Mark of Pain"],"picked":"Black Blood"}],"items_purged_floors":[],"is_endless":false,"potions_floor_spawned":[3,5,7,13],"killed_by":"Sentry and Sphere","ascension_level":12}