{"gold_per_floor":[109,129,143,15,35,35,69,69,69,69,80,6,6,6,6,104,104,117,0,0,99,112,112,112],"floor_reached":24,"playtime":1748,"items_purged":[],"score":301,"play_id":"ebbd875c-7407-4e26-9163-11b4d3eaf634","local_time":"20180727225107","is_ascension_mode":true,"campfire_choices":[{"floor":6,"key":"REST"},{"data":"Bash","floor":8,"key":"SMITH"},{"floor":10,"key":"REST"},{"floor":15,"key":"REST"},{"floor":23,"key":"REST"}],"neow_cost":"","seed_source_timestamp":822958001016268,"circlet_count":0,"master_deck":["Strike_R","Strike_R","Strike_R","Strike_R","Defend_R","Defend_R","Defend_R","Defend_R","Bash+1","AscendersBane","Armaments","Cleave","Wild Strike","Impervious","Shrug It Off","Anger","Clothesline","Evolve","Offering","Warcry"],"relics":["Burning Blood","Ginger","Question Card","Mummified Hand","Philosopher\u0027s Stone"],"potions_floor_usage":[16,24,24],"damage_taken":[{"damage":11,"enemies":"Jaw Worm","floor":1,"turns":5},{"damage":5,"enemies":"Small Slimes","floor":2,"turns":4},{"damage":8,"enemies":"2 Louse","floor":3,"turns":4},{"damage":37,"enemies":"Gremlin Gang","floor":5,"turns":5},{"damage":40,"enemies":"Gremlin Nob","floor":7,"turns":5},{"damage":11,"enemies":"Blue Slaver","floor":11,"turns":3},{"damage":58,"enemies":"Hexaghost","floor":16,"turns":13},{"damage":45,"enemies":"3 Byrds","floor":18,"turns":6},{"damage":19,"enemies":"Spheric Guardian","floor":22,"turns":4},{"damage":37,"enemies":"Gremlin Leader","floor":24,"turns":5}],"seed_played":"2941059226623227498","potions_obtained":[{"floor":7,"key":"Block Potion"},{"floor":16,"key":"Strength Potion"},{"floor":22,"key":"Poison Potion"}],"is_trial":false,"path_per_floor":["M","M","M","$","M","R","E","R","T","R","M","$","?","?","R","B",null,"M","?","$","?","M","R"],"character_chosen":"IRONCLAD","items_purchased":["Impervious","Dexterity Potion","Evolve"],"campfire_rested":4,"item_purchase_floors":[4,4,12],"current_hp_per_floor":[67,68,66,66,35,59,25,25,25,49,44,44,37,37,61,9,62,23,23,23,23,10,34,0],"gold":112,"neow_bonus":"","is_prod":false,"is_daily":false,"chose_seed":false,"campfire_upgraded":1,"win_rate":0,"timestamp":1532728267,"path_taken":["M","M","M","$","M","R","E","R","T","R","M","$","?","?","R","BOSS","M","?","$","?","M","R","E"],"build_version":"2018-07-26","purchased_purges":0,"victory":false,"max_hp_per_floor":[80,80,80,80,80,80,80,80,80,80,80,80,80,80,80,80,80,80,80,80,80,80,80,80],"card_choices":[{"not_picked":["Pommel Strike","Iron Wave"],"picked":"Armaments","floor":1},{"not_picked":["Second Wind","Combust"],"picked":"Cleave","floor":2},{"not_picked":["Rage","Body Slam"],"picked":"Wild Strike","floor":3},{"not_picked":["Sword Boomerang","Rupture"],"picked":"Shrug It Off","floor":5},{"not_picked":["Blood for Blood","Pummel"],"picked":"Anger","floor":7},{"not_picked":["Thunderclap","Pommel Strike","Barricade"],"picked":"Clothesline","floor":11},{"not_picked":["Barricade","Exhume","Bludgeon"],"picked":"Offering","floor":16},{"not_picked":["Intimidate","Warcry+1","Havoc","Sever Soul+1"],"picked":"SKIP","floor":18},{"not_picked":["Dropkick","Feel No Pain","Perfected Strike"],"picked":"Warcry","floor":22}],"player_experience":490614,"relics_obtained":[{"floor":7,"key":"Ginger"},{"floor":9,"key":"Question Card"}],"event_choices":[{"event_name":"Golden Wing","player_choice":"Card Removal","floor":13,"damage_taken":0},{"event_name":"WeMeetAgain","player_choice":"Potion","floor":14,"damage_taken":0},{"event_name":"Masked Bandits","player_choice":"Paid Bandits 117 gold","floor":19,"damage_taken":0},{"event_name":"Nest","player_choice":"Stole From Cult","floor":21,"damage_taken":0}],"is_beta":false,"boss_relics":[{"not_picked":["Black Star","Orrery"],"picked":"Philosopher\u0027s Stone"}],"items_purged_floors":[],"is_endless":false,"potions_floor_spawned":[7,11,16,22],"killed_by":"Gremlin Leader","ascension_level":11}