{"gold_per_floor":[117,135,150,75,75,108,118,17,41,55,83,83,113,129,129,203,203,221,221,221,239,253,253,253],"floor_reached":24,"playtime":2063,"items_purged":["Strike_R"],"score":382,"play_id":"0bd18dd4-7a63-4dc8-bb64-f81edf74d876","local_time":"20180804102719","is_ascension_mode":true,"campfire_choices":[{"floor":12,"key":"REST"},{"floor":15,"key":"REST"},{"data":"True Grit","floor":23,"key":"SMITH"}],"neow_cost":"NONE","seed_source_timestamp":1469220934234711,"circlet_count":0,"master_deck":["Strike_R","Strike_R","Strike_R","Strike_R+1","Defend_R","Defend_R","Defend_R+1","Defend_R","Bash","AscendersBane","Headbutt","Body Slam","Heavy Blade","Headbutt","Inflame","Shrug It Off","Armaments","Metallicize","True Grit+1","Flame Barrier","Demon Form","Cleave+1","Rampage","Flex+1"],"relics":["Burning Blood","Potion Belt","Ancient Tea Set","Kunai","Velvet Choker","Nloth\u0027s Gift"],"potions_floor_usage":[11,11,14,16,24],"damage_taken":[{"damage":2,"enemies":"Small Slimes","floor":1,"turns":5},{"damage":6,"enemies":"Jaw Worm","floor":2,"turns":5},{"damage":9,"enemies":"2 Louse","floor":3,"turns":4},{"damage":35,"enemies":"Gremlin Nob","floor":6,"turns":5},{"damage":9,"enemies":"2 Fungi Beasts","floor":7,"turns":4},{"damage":4,"enemies":"Large Slime","floor":10,"turns":6},{"damage":14,"enemies":"Lagavulin","floor":11,"turns":7},{"damage":37,"enemies":"Gremlin Nob","floor":13,"turns":5},{"damage":0,"enemies":"Looter","floor":14,"turns":4},{"damage":21,"enemies":"Hexaghost","floor":16,"turns":11},{"damage":12,"enemies":"Chosen","floor":18,"turns":6},{"damage":1,"enemies":"Spheric Guardian","floor":21,"turns":5},{"damage":21,"enemies":"Centurion and Healer","floor":22,"turns":8},{"damage":57,"floor":24,"turns":4}],"seed_played":"-1766937231346247340","potions_obtained":[{"floor":3,"key":"Dexterity Potion"},{"floor":6,"key":"GamblersBrew"},{"floor":14,"key":"Fire Potion"},{"floor":22,"key":"Swift Potion"}],"is_trial":false,"path_per_floor":["M","M","M","$","?","E","M","$","T","M","E","R","E","M","R","B",null,"M","?","?","M","M","R"],"character_chosen":"IRONCLAD","items_purchased":["Shrug It Off","Armaments"],"campfire_rested":2,"item_purchase_floors":[8,8],"current_hp_per_floor":[72,72,69,69,46,17,14,14,21,23,15,39,8,14,38,23,67,61,61,61,66,51,51,0],"gold":253,"neow_bonus":"THREE_SMALL_POTIONS","is_prod":false,"is_daily":false,"chose_seed":false,"campfire_upgraded":1,"win_rate":0,"timestamp":1533374839,"path_taken":["M","M","M","$","?","E","M","$","T","M","E","R","E","M","R","BOSS","M","?","?","M","M","R","?"],"build_version":"2018-08-02","purchased_purges":1,"victory":false,"max_hp_per_floor":[75,75,75,75,75,75,75,75,82,82,82,82,82,82,82,82,82,82,82,82,82,82,82,82],"card_choices":[{"not_picked":["Flex","True Grit"],"picked":"Headbutt","floor":1},{"not_picked":["Dual Wield","Seeing Red"],"picked":"Body Slam","floor":2},{"not_picked":["Wild Strike","Headbutt"],"picked":"Heavy Blade","floor":3},{"not_picked":["Evolve","Double Tap"],"picked":"Headbutt","floor":6},{"not_picked":["Pommel Strike","Sword Boomerang"],"picked":"Inflame","floor":7},{"not_picked":["Cleave","Shrug It Off"],"picked":"Metallicize","floor":10},{"not_picked":["Combust","Dropkick","Clash"],"picked":"SKIP","floor":11},{"not_picked":["Perfected Strike","Headbutt"],"picked":"True Grit","floor":13},{"not_picked":["Heavy Blade","Wild Strike"],"picked":"Flame Barrier","floor":14},{"not_picked":["Exhume","Fiend Fire"],"picked":"Demon Form","floor":16},{"not_picked":["Perfected Strike","Warcry"],"picked":"Cleave+1","floor":18},{"not_picked":["Armaments","Carnage"],"picked":"Rampage","floor":21},{"not_picked":["Iron Wave","Perfected Strike"],"picked":"Flex+1","floor":22}],"player_experience":594687,"relics_obtained":[{"floor":6,"key":"Potion Belt"},{"floor":9,"key":"Strawberry"},{"floor":11,"key":"Ancient Tea Set"},{"floor":13,"key":"Kunai"}],"event_choices":[{"event_name":"Shining Light","player_choice":"Entered Light","floor":5,"damage_taken":0},{"event_name":"Ghosts","player_choice":"Ignored","floor":19,"damage_taken":0},{"event_name":"N\u0027loth","player_choice":"Traded a Strawberry","floor":20,"damage_taken":0},{"event_name":"Masked Bandits","player_choice":"Fought over 253 gold","floor":24,"damage_taken":0}],"is_beta":false,"boss_relics":[{"not_picked":["Runic Cube","Pandora\u0027s Box"],"picked":"Velvet Choker"}],"items_purged_floors":[4],"is_endless":false,"potions_floor_spawned":[3,6,14,22],"ascension_level":15}