{"gold_per_floor":[111,125,137,137,153,153,178,253,279,304,304,40,101,118,118,195,195,213,223,223,223,241,241,272,272,272,292,292,304,53,53,53,53],"floor_reached":33,"playtime":2817,"items_purged":["Strike_R","Strike_R"],"score":493,"play_id":"35b36013-d9f4-4ccc-89de-c5d43a03bc9f","local_time":"20180802192601","is_ascension_mode":true,"campfire_choices":[{"data":"Whirlwind","floor":6.0,"key":"SMITH"},{"floor":11.0,"key":"REST"},{"floor":15.0,"key":"REST"},{"data":"Armaments","floor":23,"key":"SMITH"},{"data":"Inflame","floor":25,"key":"SMITH"},{"data":"Bash","floor":28,"key":"SMITH"},{"floor":32,"key":"REST"}],"neow_cost":"","seed_source_timestamp":0,"circlet_count":0,"master_deck":["Strike_R","Strike_R","Strike_R","Defend_R","Defend_R","Defend_R","Defend_R","Bash+1","AscendersBane","Clothesline","Headbutt","Inflame+1","Whirlwind+1","Metallicize","Power Through","Feed","Armaments+1","Pommel Strike","Battle Trance","Reaper","True Grit+1","Flex+1","Ghostly Armor+1","True Grit"],"special_seed":0,"relics":["Burning Blood","Pen Nib","Bag of Preparation","Ancient Tea Set","Peace Pipe","Busted Crown","War Paint","Meat on the Bone","Red Skull"],"potions_floor_usage":[24,33],"damage_taken":[{"damage":10.0,"enemies":"Cultist","floor":1.0,"turns":5.0},{"damage":6.0,"enemies":"2 Louse","floor":2.0,"turns":3.0},{"damage":5.0,"enemies":"Small Slimes","floor":3.0,"turns":3.0},{"damage":7.0,"enemies":"Looter","floor":5.0,"turns":4.0},{"damage":22.0,"enemies":"3 Sentries","floor":7.0,"turns":7.0},{"damage":23.0,"enemies":"Lagavulin","floor":10.0,"turns":7.0},{"damage":31.0,"enemies":"Lagavulin Event","floor":13.0,"turns":5.0},{"damage":4.0,"enemies":"3 Louse","floor":14.0,"turns":2.0},{"damage":29.0,"enemies":"The Guardian","floor":16.0,"turns":11.0},{"damage":19.0,"enemies":"3 Byrds","floor":18.0,"turns":4.0},{"damage":5,"enemies":"Shell Parasite","floor":19,"turns":6},{"damage":12,"enemies":"Chosen and Byrds","floor":22,"turns":6},{"damage":9,"enemies":"Slavers","floor":24,"turns":3},{"damage":4,"enemies":"Centurion and Healer","floor":27,"turns":5},{"damage":14,"enemies":"Snake Plant","floor":29,"turns":3},{"damage":114,"enemies":"Automaton","floor":33,"turns":12}],"seed_played":"7078087534496679120","potions_obtained":[{"floor":2.0,"key":"PowerPotion"},{"floor":3.0,"key":"SteroidPotion"},{"floor":5.0,"key":"Fire Potion"},{"floor":13.0,"key":"EssenceOfSteel"},{"floor":16.0,"key":"Fire Potion"},{"floor":19,"key":"EssenceOfSteel"},{"floor":24,"key":"Explosive Potion"},{"floor":27,"key":"Fire Potion"}],"is_trial":false,"path_per_floor":["M","M","M","?","M","R","E","?","T","E","R","$","?","M","R","B",null,"M","M","?","?","M","R","E","R","T","M","R","M","$","?","R"],"character_chosen":"IRONCLAD","items_purchased":["Feed","Armaments","Red Skull"],"campfire_rested":3,"item_purchase_floors":[12,12,30],"current_hp_per_floor":[64,64,65,70,69,69,53,42,42,25,49,49,27,29,53,33,73,69,73,73,73,79,79,80,80,80,86,86,82,82,82,104,0],"gold":53,"neow_bonus":"","is_prod":false,"is_daily":false,"chose_seed":false,"campfire_upgraded":4,"win_rate":0,"timestamp":1533234361,"path_taken":["M","M","?","?","M","R","E","?","T","E","R","$","?","M","R","BOSS","M","?","?","?","M","R","E","R","T","M","R","M","$","?","R","BOSS"],"build_version":"2018-07-26","purchased_purges":2,"victory":false,"max_hp_per_floor":[75,75,75,80,80,80,80,80,80,80,80,80,83,83,83,86,86,86,89,89,89,92,92,96,96,96,100,100,104,104,104,104,104],"card_choices":[{"not_picked":["Flex","Clash"],"picked":"Clothesline","floor":1.0},{"not_picked":["Rupture","Sword Boomerang"],"picked":"Headbutt","floor":2.0},{"not_picked":["Sword Boomerang","True Grit"],"picked":"Inflame","floor":3.0},{"not_picked":["Anger","Sword Boomerang"],"picked":"Whirlwind","floor":5.0},{"not_picked":["Twin Strike","Wild Strike"],"picked":"Metallicize","floor":7.0},{"not_picked":["Twin Strike","Wild Strike"],"picked":"Power Through","floor":10.0},{"not_picked":["Dual Wield","Fire Breathing"],"picked":"Pommel Strike","floor":13.0},{"not_picked":["Headbutt","Flex"],"picked":"Battle Trance","floor":14.0},{"not_picked":["Brutality","Berserk"],"picked":"Reaper","floor":16.0},{"not_picked":["Power Through"],"picked":"SKIP","floor":18.0},{"not_picked":["Sword Boomerang"],"picked":"SKIP","floor":19},{"not_picked":["Clothesline"],"picked":"SKIP","floor":22},{"not_picked":[],"picked":"Flex","floor":24},{"not_picked":[],"picked":"Ghostly Armor+1","floor":27},{"not_picked":[],"picked":"True Grit","floor":29}],"player_experience":572238,"relics_obtained":[{"floor":7.0,"key":"Pen Nib"},{"floor":9.0,"key":"Bag of Preparation"},{"floor":10.0,"key":"Ancient Tea Set"},{"floor":13.0,"key":"Peace Pipe"},{"floor":24,"key":"War Paint"},{"floor":26,"key":"Meat on the Bone"}],"event_choices":[{"event_name":"Big Fish","player_choice":"Donut","floor":4.0,"damage_taken":0.0},{"event_name":"World of Goop","player_choice":"Gather Gold","floor":8.0,"damage_taken":0.0},{"event_name":"Dead Adventurer","player_choice":"Searched \u00272\u0027 times","floor":13.0,"damage_taken":0.0},{"event_name":"The Library","player_choice":"Read","floor":20,"damage_taken":0},{"event_name":"The Mausoleum","player_choice":"No","floor":21,"damage_taken":0},{"event_name":"Ghosts","player_choice":"Ignored","floor":31,"damage_taken":0}],"is_beta":false,"boss_relics":[{"not_picked":["Coffee Dripper","Black Star"],"picked":"Busted Crown"}],"items_purged_floors":[12,30],"is_endless":false,"potions_floor_spawned":[2,3,5,13,14,16,19,24,27],"killed_by":"Automaton","ascension_level":14}