{"gold_per_floor":[219,44,44,44,44,44,105,105,105,135,135,148,165,191,191,296,296,316,333,349,274,287,287,298,298,348,348,348,400,99,115,115,218,218,230,230,230,248,123,123,140,140,140,140,155,168,168,181,181,181],"floor_reached":51,"playtime":5609,"items_purged":["Strike_R","Strike_R+1","Strike_R+1"],"score":680,"play_id":"8b9a7257-d5da-4e1d-85d8-c92c1b793c4e","local_time":"20180805195716","is_ascension_mode":false,"campfire_choices":[{"data":"Searing Blow+1","floor":6,"key":"SMITH"},{"data":"Searing Blow+2","floor":8,"key":"SMITH"},{"data":"Searing Blow+3","floor":11,"key":"SMITH"},{"data":"Searing Blow+4","floor":15,"key":"SMITH"},{"data":"Searing Blow+5","floor":23,"key":"SMITH"},{"data":"Searing Blow+6","floor":25,"key":"SMITH"},{"data":"Searing Blow+7","floor":28,"key":"SMITH"},{"data":"Searing Blow+8","floor":32,"key":"SMITH"},{"data":"Searing Blow+9","floor":40,"key":"SMITH"},{"data":"Searing Blow+10","floor":44,"key":"SMITH"},{"data":"Searing Blow+11","floor":47,"key":"SMITH"},{"data":"Searing Blow+12","floor":49,"key":"SMITH"}],"neow_cost":"NONE","seed_source_timestamp":1586245683255930,"circlet_count":0,"master_deck":["Defend_R","Defend_R","Defend_R","Defend_R","Bash","Searing Blow+13","Madness","Shrug It Off","Clothesline+1","Pommel Strike","Shrug It Off+1","True Grit+1","Armaments+1"],"relics":["Burning Blood","Pen Nib","Darkstone Periapt","Thread and Needle","Regal Pillow","Sozu","Whetstone","Blood Vial","TheAbacus","Lantern"],"potions_floor_usage":[14,45,50],"damage_taken":[{"damage":10,"enemies":"Jaw Worm","floor":1,"turns":5},{"damage":17,"enemies":"3 Sentries","floor":7,"turns":7},{"damage":6,"enemies":"Gremlin Nob","floor":10,"turns":3},{"damage":0,"enemies":"Cultist","floor":12,"turns":2},{"damage":0,"enemies":"2 Louse","floor":13,"turns":2},{"damage":3,"enemies":"Lagavulin","floor":14,"turns":4},{"damage":15,"enemies":"Hexaghost","floor":16,"turns":5},{"damage":2,"enemies":"3 Byrds","floor":18,"turns":5},{"damage":0,"enemies":"Shell Parasite","floor":19,"turns":4},{"damage":7,"enemies":"Centurion and Healer","floor":20,"turns":5},{"damage":0,"enemies":"Snecko","floor":22,"turns":3},{"damage":0,"enemies":"Sentry and Sphere","floor":24,"turns":4},{"damage":0,"enemies":"Centurion and Healer","floor":31,"turns":3},{"damage":45,"enemies":"Automaton","floor":33,"turns":7},{"damage":20,"enemies":"Flame Bruiser 1 Orb","floor":35,"turns":4},{"damage":0,"enemies":"3 Darklings","floor":38,"turns":7},{"damage":1,"enemies":"Flame Bruiser 2 Orb","floor":41,"turns":6},{"damage":0,"enemies":"Transient","floor":45,"turns":5},{"damage":10,"enemies":"Spire Growth","floor":46,"turns":3},{"damage":0,"enemies":"3 Darklings","floor":48,"turns":5},{"damage":5,"enemies":"Awakened One","floor":50,"turns":33}],"seed_played":"-3392421287715366911","potions_obtained":[{"floor":7,"key":"FearPotion"},{"floor":10,"key":"Weak Potion"},{"floor":14,"key":"AttackPotion"}],"is_trial":false,"path_per_floor":["M","$","?","?","$","R","?","R","T","E","R","M","M","E","R","B",null,"M","M","M","?","M","R","M","R","T","?","R","T","$","M","R","B",null,"M","?","?","M","$","R","M","?","T","R","M","M","R","M","R","B"],"character_chosen":"IRONCLAD","items_purchased":["Madness","TheAbacus"],"campfire_rested":0,"item_purchase_floors":[2,30],"current_hp_per_floor":[76,76,76,60,60,60,49,49,49,49,49,55,61,64,64,55,80,80,80,79,79,80,80,80,80,80,80,80,80,80,80,80,41,80,66,66,66,74,74,74,80,80,80,80,80,76,76,80,80,80],"gold":181,"neow_bonus":"HUNDRED_GOLD","is_prod":false,"is_daily":false,"chose_seed":false,"campfire_upgraded":12,"win_rate":0,"timestamp":1533495436,"path_taken":["M","$","?","?","$","R","?","R","T","E","R","M","M","E","R","BOSS","M","M","M","?","M","R","M","R","T","?","R","?","$","M","R","BOSS","M","?","?","?","$","R","M","?","T","R","M","M","R","M","R","BOSS"],"build_version":"2018-08-02","purchased_purges":3,"victory":true,"max_hp_per_floor":[80,80,80,80,80,80,80,80,80,80,80,80,80,80,80,80,80,80,80,80,80,80,80,80,80,80,80,80,80,80,80,80,80,80,80,80,80,80,80,80,80,80,80,80,80,80,80,80,80,80],"card_choices":[{"not_picked":["Sword Boomerang","Perfected Strike"],"picked":"Searing Blow","floor":1},{"not_picked":["Ghostly Armor","True Grit"],"picked":"Shrug It Off","floor":7},{"not_picked":["Infernal Blade","Second Wind"],"picked":"Clothesline","floor":10},{"not_picked":["Evolve","Body Slam"],"picked":"Pommel Strike","floor":12},{"not_picked":["Warcry","Inflame","Flex"],"picked":"SKIP","floor":13},{"not_picked":["Dual Wield","Thunderclap","Havoc"],"picked":"SKIP","floor":14},{"not_picked":["Searing Blow","Carnage"],"picked":"Shrug It Off+1","floor":18},{"not_picked":["Cleave","Thunderclap","Flex"],"picked":"SKIP","floor":19},{"not_picked":["Thunderclap","Sentinel"],"picked":"True Grit+1","floor":20},{"not_picked":["Pummel","Intimidate","True Grit"],"picked":"SKIP","floor":22},{"not_picked":["True Grit","Pommel Strike"],"picked":"Armaments+1","floor":24},{"not_picked":["Inflame","Wild Strike","Burning Pact+1"],"picked":"SKIP","floor":31},{"not_picked":["Pummel+1","Armaments+1","Wild Strike+1"],"picked":"SKIP","floor":35},{"not_picked":["Inflame","Burning Pact","Clothesline"],"picked":"SKIP","floor":38},{"not_picked":["Spot Weakness","Flame Barrier+1","True Grit+1"],"picked":"SKIP","floor":41},{"not_picked":["Combust","Armaments","Blood for Blood+1"],"picked":"SKIP","floor":45},{"not_picked":["Twin Strike","Dropkick+1","Flex"],"picked":"SKIP","floor":46},{"not_picked":["Body Slam","Bloodletting+1","Sentinel+1"],"picked":"SKIP","floor":48}],"player_experience":610261,"relics_obtained":[{"floor":9,"key":"Darkstone Periapt"},{"floor":10,"key":"Thread and Needle"},{"floor":14,"key":"Regal Pillow"},{"floor":26,"key":"Whetstone"},{"floor":29,"key":"Blood Vial"},{"floor":43,"key":"Lantern"}],"event_choices":[{"event_name":"Upgrade Shrine","player_choice":"Upgraded","floor":3,"damage_taken":0},{"event_name":"Shining Light","player_choice":"Entered Light","floor":4,"damage_taken":0},{"event_name":"Dead Adventurer","player_choice":"Searched \u00273\u0027 times","floor":7,"damage_taken":0},{"event_name":"Beggar","player_choice":"Gave Gold","floor":21,"damage_taken":0},{"event_name":"Bonfire Elementals","player_choice":"BASIC","floor":27,"damage_taken":0},{"event_name":"SecretPortal","player_choice":"Rejected Portal.","floor":36,"damage_taken":0},{"event_name":"Tomb of Lord Red Mask","player_choice":"Ignored","floor":37,"damage_taken":0},{"event_name":"SensoryStone","player_choice":"Memory 1","floor":42,"damage_taken":0}],"is_beta":false,"boss_relics":[{"not_picked":["Tiny House","Lizard Tail"],"picked":"Sozu"},{"not_picked":["Mark of Pain","Orrery","Pandora\u0027s Box"]}],"items_purged_floors":[2,30,39],"is_endless":false,"potions_floor_spawned":[7,10,14,18,20,31,33,38,45,46],"ascension_level":0}