{"gold_per_floor":[217,228,178,189,205,205,220,220,220,220,253,108,108,8,8,82,82,94,25,37,37,37,37,68,68,68,81,81,81,111,61,61,61],"floor_reached":33,"playtime":1645,"items_purged":["Strike_R","Strike_R"],"score":464,"play_id":"4b35c7e7-7dc9-4b5a-bb86-33c5a0ce8f4f","local_time":"20180731191023","is_ascension_mode":true,"campfire_choices":[{"data":"Rampage","floor":6,"key":"SMITH"},{"data":"True Grit","floor":8,"key":"SMITH"},{"data":"Clothesline","floor":13,"key":"SMITH"},{"floor":15,"key":"REST"},{"data":"Shockwave","floor":23,"key":"SMITH"},{"data":"Shrug It Off","floor":25,"key":"SMITH"},{"data":"Ghostly Armor","floor":29,"key":"SMITH"},{"data":"Ghostly Armor","floor":32,"key":"SMITH"}],"neow_cost":"NONE","seed_source_timestamp":1155420113453857,"circlet_count":0,"master_deck":["Strike_R","Defend_R","Defend_R","Defend_R","Defend_R","Bash","AscendersBane","Rampage+1","Pommel Strike","True Grit+1","Shrug It Off+1","Headbutt","Clothesline+1","Ghostly Armor+1","Immolate","Shockwave+1","Power Through+1","Ghostly Armor+1"],"relics":["Burning Blood","Magic Flower","Charon\u0027s Ashes","Coffee Dripper","Question Card","Toxic Egg 2","Blue Candle"],"potions_floor_usage":[11,16,30,33,33],"damage_taken":[{"damage":10,"enemies":"Small Slimes","floor":1,"turns":3},{"damage":11,"enemies":"2 Louse","floor":2,"turns":3},{"damage":1,"enemies":"Cultist","floor":4,"turns":3},{"damage":18,"enemies":"3 Louse","floor":5,"turns":3},{"damage":6,"enemies":"2 Fungi Beasts","floor":7,"turns":4},{"damage":31,"enemies":"Lagavulin","floor":11,"turns":8},{"damage":37,"enemies":"Hexaghost","floor":16,"turns":8},{"damage":9,"enemies":"Shell Parasite","floor":18,"turns":6},{"damage":11,"enemies":"3 Byrds","floor":20,"turns":4},{"damage":21,"enemies":"Book of Stabbing","floor":24,"turns":7},{"damage":3,"enemies":"Snake Plant","floor":27,"turns":4},{"damage":19,"enemies":"Slavers","floor":30,"turns":4},{"damage":38,"enemies":"Automaton","floor":33,"turns":12}],"seed_played":"-7931680287319786562","potions_obtained":[{"floor":2,"key":"FearPotion"},{"floor":11,"key":"SkillPotion"},{"floor":20,"key":"Strength Potion"},{"floor":27,"key":"Strength Potion"},{"floor":30,"key":"Energy Potion"}],"is_trial":false,"path_per_floor":["M","M","?","M","M","R","M","R","T","?","E","$","R","$","R","B",null,"M","$","M","?","$","R","E","R","T","M","?","R","E","?","R"],"character_chosen":"IRONCLAD","items_purchased":["Ghostly Armor","Shockwave"],"campfire_rested":1,"item_purchase_floors":[12,19],"current_hp_per_floor":[68,63,63,68,56,56,56,56,56,56,34,34,34,34,58,30,68,68,68,66,51,51,51,39,39,39,45,45,45,35,35,35,0],"gold":61,"neow_bonus":"HUNDRED_GOLD","is_prod":false,"is_daily":false,"chose_seed":false,"campfire_upgraded":7,"win_rate":0,"timestamp":1533060623,"path_taken":["M","M","?","M","M","R","M","R","T","?","E","$","R","?","R","BOSS","M","$","M","?","$","R","E","R","T","M","?","R","E","?","R","BOSS"],"build_version":"2018-07-26","purchased_purges":2,"victory":false,"max_hp_per_floor":[80,80,80,80,80,80,80,80,80,80,80,80,80,80,80,80,80,80,80,80,85,85,85,85,85,85,85,85,85,85,85,85,85],"card_choices":[{"not_picked":["Havoc","True Grit"],"picked":"Rampage","floor":1},{"not_picked":["Warcry","Thunderclap"],"picked":"Pommel Strike","floor":2},{"not_picked":["Perfected Strike","Wild Strike"],"picked":"True Grit","floor":4},{"not_picked":["Iron Wave","Bloodletting"],"picked":"Shrug It Off","floor":5},{"not_picked":["Sentinel","Thunderclap"],"picked":"Headbutt","floor":7},{"not_picked":["Thunderclap","Hemokinesis"],"picked":"Clothesline","floor":11},{"not_picked":["Feed","Barricade"],"picked":"Immolate","floor":16},{"not_picked":["Hemokinesis","Twin Strike","Iron Wave"],"picked":"SKIP","floor":18},{"not_picked":["Intimidate","Reckless Charge"],"picked":"Power Through+1","floor":20},{"not_picked":["Armaments","Dropkick"],"picked":"Ghostly Armor","floor":24},{"not_picked":["Headbutt","Dropkick","Wild Strike","Warcry+1"],"picked":"SKIP","floor":27},{"not_picked":["Shockwave+1","Reaper","Thunderclap+1","Iron Wave"],"picked":"SKIP","floor":30}],"player_experience":557715,"relics_obtained":[{"floor":9,"key":"Magic Flower"},{"floor":11,"key":"Charon\u0027s Ashes"},{"floor":24,"key":"Question Card"},{"floor":26,"key":"Toxic Egg 2"},{"floor":30,"key":"Blue Candle"}],"event_choices":[{"event_name":"The Cleric","player_choice":"Card Removal","floor":3,"damage_taken":0},{"event_name":"Living Wall","player_choice":"Forget","floor":10,"damage_taken":0},{"event_name":"Forgotten Altar","player_choice":"Shed Blood","floor":21,"damage_taken":0},{"event_name":"Ghosts","player_choice":"Ignored","floor":28,"damage_taken":0},{"event_name":"The Joust","player_choice":"Bet on Owner","floor":31,"damage_taken":0}],"is_beta":false,"boss_relics":[{"not_picked":["Calling Bell","Mark of Pain"],"picked":"Coffee Dripper"}],"items_purged_floors":[12,14],"is_endless":false,"potions_floor_spawned":[2,11,20,27,30],"killed_by":"Automaton","ascension_level":13}