{"gold_per_floor":[118,135,135,151,151,151,208,223,223,237,237,256,37,37],"floor_reached":14,"playtime":825,"items_purged":[],"score":186,"play_id":"72b065e9-ef15-4055-a34a-e6bd65f13fdd","local_time":"20180804093638","is_ascension_mode":true,"campfire_choices":[{"data":"True Grit","floor":6,"key":"SMITH"},{"floor":11,"key":"REST"}],"neow_cost":"NONE","seed_source_timestamp":1467417794404246,"circlet_count":0,"master_deck":["Strike_R","Strike_R","Strike_R","Strike_R","Defend_R","Defend_R","Defend_R","Defend_R","Bash+1","AscendersBane","Exhume","Searing Blow","Cleave","True Grit+1","Feed+1","Flex","Spot Weakness","Havoc","Feel No Pain"],"relics":["Burning Blood","Tiny Chest","Pantograph","Whetstone"],"potions_floor_usage":[7,10,14],"damage_taken":[{"damage":13,"enemies":"Small Slimes","floor":1,"turns":4},{"damage":2,"enemies":"2 Louse","floor":2,"turns":4},{"damage":2,"enemies":"Jaw Worm","floor":4,"turns":6},{"damage":49,"enemies":"Lagavulin","floor":7,"turns":10},{"damage":21,"enemies":"Exordium Wildlife","floor":8,"turns":6},{"damage":13,"enemies":"3 Louse","floor":10,"turns":5},{"damage":12,"enemies":"Gremlin Gang","floor":12,"turns":4},{"damage":57,"enemies":"Gremlin Nob","floor":14,"turns":5}],"seed_played":"-8252411494117748635","potions_obtained":[{"floor":4,"key":"Fire Potion"},{"floor":7,"key":"GamblersBrew"},{"floor":8,"key":"Poison Potion"}],"is_trial":false,"path_per_floor":["M","M","?","M","?","R","E","M","T","M","R","M","$"],"character_chosen":"IRONCLAD","items_purchased":["Feel No Pain","Whetstone"],"campfire_rested":1,"item_purchase_floors":[13,13],"current_hp_per_floor":[61,65,70,74,67,67,24,15,15,14,41,41,41,0],"gold":37,"neow_bonus":"ONE_RANDOM_RARE_CARD","is_prod":false,"is_daily":false,"chose_seed":false,"campfire_upgraded":1,"win_rate":0,"timestamp":1533371798,"path_taken":["M","M","?","M","?","R","E","M","T","?","R","M","$","E"],"build_version":"2018-08-02","purchased_purges":0,"victory":false,"max_hp_per_floor":[75,75,80,80,80,80,80,86,86,92,92,98,98,98],"card_choices":[{"not_picked":["Iron Wave","Hemokinesis"],"picked":"Searing Blow","floor":1},{"not_picked":["Clash","Flex"],"picked":"Cleave","floor":2},{"not_picked":["Rupture","Battle Trance"],"picked":"True Grit","floor":4},{"not_picked":["Shrug It Off","Cleave"],"picked":"Feed","floor":7},{"not_picked":["Twin Strike","Clash"],"picked":"Flex","floor":8},{"not_picked":["Dual Wield","Warcry"],"picked":"Spot Weakness","floor":10},{"not_picked":["Headbutt","Infernal Blade"],"picked":"Havoc","floor":12}],"player_experience":592913,"relics_obtained":[{"floor":7,"key":"Tiny Chest"},{"floor":9,"key":"Pantograph"}],"event_choices":[{"event_name":"Big Fish","player_choice":"Donut","floor":3,"damage_taken":0},{"event_name":"Golden Wing","player_choice":"Card Removal","floor":5,"damage_taken":0}],"is_beta":false,"boss_relics":[],"items_purged_floors":[],"is_endless":false,"potions_floor_spawned":[4,7,8],"killed_by":"Gremlin Nob","ascension_level":15}