{"gold_per_floor":[361,379,379,24,44,44,70,80,104,104,131,160,191,220,232,322,334,359,391,403,415,439,451,493,505,517,529,561,600,13,41,41,119,119,132,180,18,31,31,31,58,58,58,83,94,120,133,164,164,164],"floor_reached":51,"playtime":5164,"items_purged":["Writhe"],"score":1406,"play_id":"b645bd60-5f57-4b9b-a386-cfb14d99c291","local_time":"20180803004933","is_ascension_mode":true,"campfire_choices":[{"data":"Bash","floor":6,"key":"SMITH"},{"data":"Clothesline","floor":10,"key":"SMITH"},{"data":"True Grit","floor":15,"key":"SMITH"},{"floor":23,"key":"REST"},{"data":"Bite","floor":32,"key":"PURGE"},{"data":"Bite","floor":40,"key":"PURGE"},{"floor":49,"key":"REST"}],"neow_cost":"CURSE","seed_source_timestamp":1345046581373375,"circlet_count":0,"master_deck":["Defend_R+1","Defend_R+1","Defend_R+1","Defend_R+1","Bash+1","AscendersBane","Spot Weakness","Feed","True Grit+1","Twin Strike","Clothesline+1","Armaments","Shrug It Off","Impervious","Ghostly Armor","Bite","Bite","True Grit+1","Heavy Blade","Shockwave+1","Clothesline","Carnage+1","Clothesline","Burning Pact+1","Shrug It Off+1","Limit Break"],"relics":["Burning Blood","Sling","Regal Pillow","Odd Mushroom","MawBank","Snecko Eye","The Courier","Gremlin Horn","Kunai","Peace Pipe","Paper Frog","Red Skull","Shuriken","Potion Belt","Fusion Hammer","Ginger","Incense Burner","Singing Bowl","Matryoshka","Bottled Lightning","Torii"],"potions_floor_usage":[5,11,16,16,19,28,33,44,50,50,50,50],"damage_taken":[{"damage":6,"enemies":"Small Slimes","floor":1,"turns":5},{"damage":13,"enemies":"Cultist","floor":2,"turns":6},{"damage":7,"enemies":"Jaw Worm","floor":5,"turns":3},{"damage":19,"enemies":"3 Sentries","floor":7,"turns":6},{"damage":0,"enemies":"Large Slime","floor":8,"turns":5},{"damage":20,"floor":11,"turns":5},{"damage":24,"enemies":"Gremlin Nob","floor":12,"turns":4},{"damage":5,"enemies":"Red Slaver","floor":13,"turns":6},{"damage":1,"enemies":"2 Fungi Beasts","floor":14,"turns":4},{"damage":43,"enemies":"Hexaghost","floor":16,"turns":10},{"damage":27,"enemies":"Spheric Guardian","floor":18,"turns":7},{"damage":38,"enemies":"3 Byrds","floor":19,"turns":8},{"damage":5,"enemies":"Snecko","floor":22,"turns":4},{"damage":32,"enemies":"Gremlin Leader","floor":24,"turns":11},{"damage":8,"enemies":"Cultist and Chosen","floor":28,"turns":11},{"damage":22,"enemies":"Book of Stabbing","floor":29,"turns":5},{"damage":4,"enemies":"Slavers","floor":31,"turns":5},{"damage":60,"enemies":"Champ","floor":33,"turns":10},{"damage":0,"enemies":"3 Shapes","floor":35,"turns":7},{"damage":17,"floor":36,"turns":7},{"damage":0,"enemies":"Flame Bruiser 1 Orb","floor":38,"turns":5},{"damage":19,"enemies":"Giant Head","floor":41,"turns":6},{"damage":19,"enemies":"2 Orb Walkers","floor":44,"turns":5},{"damage":9,"enemies":"Transient","floor":45,"turns":5},{"damage":24,"enemies":"Nemesis","floor":46,"turns":7},{"damage":0,"enemies":"4 Shapes","floor":47,"turns":3},{"damage":5,"enemies":"2 Orb Walkers","floor":48,"turns":3},{"damage":41,"enemies":"Donu and Deca","floor":50,"turns":10}],"seed_played":"-616543863005518843","potions_obtained":[{"floor":1,"key":"BloodPotion"},{"floor":2,"key":"SneckoOil"},{"floor":8,"key":"Strength Potion"},{"floor":13,"key":"Energy Potion"},{"floor":14,"key":"PowerPotion"},{"floor":18,"key":"GamblersBrew"},{"floor":19,"key":"Ancient Potion"},{"floor":29,"key":"PowerPotion"},{"floor":31,"key":"FearPotion"},{"floor":36,"key":"Dexterity Potion"},{"floor":46,"key":"Regen Potion"}],"is_trial":false,"path_per_floor":["M","M","?","$","M","R","E","M","T","R","?","E","M","M","R","B",null,"M","M","?","?","M","R","E","?","T","T","M","E","$","E","R","B",null,"M","?","$","M","?","R","E","?","T","E","M","E","M","E","R","B"],"character_chosen":"IRONCLAD","items_purchased":["Sling","True Grit","Twin Strike","Paper Frog","Red Skull","Shuriken","GamblersBrew","PowerPotion","Carnage"],"campfire_rested":2,"item_purchase_floors":[4,4,4,30,30,30,37,37,37],"current_hp_per_floor":[68,61,61,61,70,70,60,69,69,69,60,44,50,60,60,28,79,63,36,36,36,50,96,99,99,99,99,108,97,97,112,112,68,105,120,115,115,123,123,123,117,117,117,112,117,101,112,120,139,122],"gold":164,"neow_bonus":"TWO_FIFTY_GOLD","is_prod":false,"is_daily":false,"chose_seed":false,"campfire_upgraded":3,"win_rate":0,"timestamp":1533253773,"path_taken":["M","M","?","$","M","R","E","M","T","R","?","E","M","M","R","BOSS","M","M","?","?","?","R","E","?","T","?","M","E","$","E","R","BOSS","M","?","$","M","?","R","E","?","T","E","M","E","M","E","R","BOSS"],"build_version":"2018-07-26","purchased_purges":1,"victory":true,"max_hp_per_floor":[75,75,75,75,78,78,81,84,84,84,87,87,90,93,93,96,96,99,102,102,102,105,105,105,105,105,105,108,111,111,114,114,117,117,120,120,120,123,123,123,126,126,126,129,129,129,134,139,139,139],"card_choices":[{"not_picked":["Heavy Blade","Headbutt"],"picked":"Spot Weakness","floor":1},{"not_picked":["Thunderclap","Flex","Perfected Strike"],"picked":"SKIP","floor":2},{"not_picked":["Intimidate","Anger"],"picked":"Clothesline","floor":5},{"not_picked":["Wild Strike","Corruption"],"picked":"Armaments","floor":7},{"not_picked":["Twin Strike","Anger","Body Slam"],"picked":"SKIP","floor":8},{"not_picked":["Armaments","Havoc"],"picked":"Shrug It Off","floor":12},{"not_picked":["Sentinel","Feel No Pain","Sword Boomerang"],"picked":"SKIP","floor":13},{"not_picked":["Iron Wave","Perfected Strike","Second Wind"],"picked":"SKIP","floor":14},{"not_picked":["Barricade","Dark Embrace"],"picked":"Impervious","floor":16},{"not_picked":["Body Slam","Iron Wave","Armaments"],"picked":"SKIP","floor":18},{"not_picked":["Cleave","Clothesline"],"picked":"Ghostly Armor","floor":19},{"not_picked":["Body Slam","Wild Strike","Thunderclap"],"picked":"SKIP","floor":22},{"not_picked":["Iron Wave","Brutality"],"picked":"True Grit+1","floor":24},{"not_picked":["Cleave","Corruption","Wild Strike"],"picked":"SKIP","floor":28},{"not_picked":["Thunderclap+1","Fire Breathing"],"picked":"Shockwave+1","floor":29},{"not_picked":["Entrench","Blood for Blood"],"picked":"Clothesline","floor":31},{"not_picked":["Sword Boomerang","Fire Breathing","Metallicize"],"picked":"SKIP","floor":35},{"not_picked":["Seeing Red+1","Twin Strike"],"picked":"Carnage+1","floor":36},{"not_picked":["Body Slam","Dropkick","Feel No Pain"],"picked":"SKIP","floor":38},{"not_picked":["Cleave","Armaments"],"picked":"Clothesline","floor":41},{"not_picked":["Clash","Dark Embrace"],"picked":"Burning Pact+1","floor":44},{"not_picked":["Flex","Dropkick"],"picked":"Shrug It Off+1","floor":45},{"not_picked":["Anger","Juggernaut"],"picked":"Limit Break","floor":46},{"not_picked":["Shockwave","Combust+1","Body Slam+1"],"picked":"Singing Bowl","floor":47},{"not_picked":["Warcry","Burning Pact","Searing Blow"],"picked":"Singing Bowl","floor":48}],"player_experience":580686,"relics_obtained":[{"floor":7,"key":"Regal Pillow"},{"floor":9,"key":"Blood Vial"},{"floor":11,"key":"Odd Mushroom"},{"floor":12,"key":"MawBank"},{"floor":24,"key":"The Courier"},{"floor":26,"key":"Gremlin Horn"},{"floor":27,"key":"Kunai"},{"floor":29,"key":"Peace Pipe"},{"floor":31,"key":"Potion Belt"},{"floor":36,"key":"Ginger"},{"floor":41,"key":"Incense Burner"},{"floor":43,"key":"Singing Bowl"},{"floor":44,"key":"Matryoshka"},{"floor":46,"key":"Bottled Lightning"},{"floor":48,"key":"Torii"}],"event_choices":[{"event_name":"Match and Keep!","player_choice":"1 cards matched","floor":3,"damage_taken":0},{"event_name":"Mushrooms","player_choice":"Fought Mushrooms","floor":11,"damage_taken":0},{"event_name":"Back to Basics","player_choice":"Simplicity","floor":20,"damage_taken":0},{"event_name":"Vampires","player_choice":"Became a vampire (Vial)","floor":21,"damage_taken":0},{"event_name":"The Library","player_choice":"Read","floor":25,"damage_taken":0},{"event_name":"Mysterious Sphere","player_choice":"Fight","floor":36,"damage_taken":0},{"event_name":"Falling","player_choice":"Removed Attack","floor":39,"damage_taken":0},{"event_name":"Purifier","player_choice":"One Purge","floor":42,"damage_taken":0}],"is_beta":false,"boss_relics":[{"not_picked":["Runic Dome","Coffee Dripper"],"picked":"Snecko Eye"},{"not_picked":["Astrolabe","Empty Cage"],"picked":"Fusion Hammer"}],"items_purged_floors":[4],"is_endless":false,"potions_floor_spawned":[1,2,8,13,14,18,19,29,31,36,46,47],"ascension_level":14}