{"gold_per_floor":[110,42,62,74,88,88,121,140,140,156,156,156,183,198,198,269,269,287,139,155,155,155,155,5,35,62,94,94,94],"floor_reached":29,"playtime":1914,"items_purged":["Strike_R","Strike_R"],"score":464,"play_id":"b0815172-68ed-474d-b86d-369b90489c26","local_time":"20180802231603","is_ascension_mode":true,"campfire_choices":[{"data":"Clothesline","floor":6,"key":"SMITH"},{"data":"Rampage","floor":11,"key":"SMITH"},{"floor":15,"key":"REST"},{"data":"Whirlwind","floor":23,"key":"SMITH"},{"data":"True Grit","floor":28,"key":"SMITH"}],"neow_cost":"NONE","seed_source_timestamp":1342693471600593,"circlet_count":0,"master_deck":["Strike_R","Defend_R","Defend_R","Defend_R","Defend_R","Bash+1","AscendersBane","Havoc","Rampage+1","Whirlwind+1","Clothesline+1","Battle Trance","Armaments","Impervious","True Grit+1","Feed","Evolve","Spot Weakness","Havoc+1","Decay","True Grit"],"relics":["Burning Blood","Pear","Bronze Scales","Oddly Smooth Stone","Lizard Tail","Darkstone Periapt","Pen Nib","Incense Burner"],"potions_floor_usage":[13,13,25,25,27],"damage_taken":[{"damage":1,"enemies":"Cultist","floor":1,"turns":4},{"damage":0,"enemies":"Small Slimes","floor":3,"turns":5},{"damage":9,"enemies":"Jaw Worm","floor":4,"turns":3},{"damage":10,"enemies":"Red Slaver","floor":5,"turns":5},{"damage":31,"enemies":"3 Sentries","floor":7,"turns":7},{"damage":1,"enemies":"Blue Slaver","floor":8,"turns":6},{"damage":7,"enemies":"Looter","floor":10,"turns":3},{"damage":11,"enemies":"Lagavulin","floor":13,"turns":7},{"damage":18,"enemies":"Exordium Thugs","floor":14,"turns":5},{"damage":28,"enemies":"Slime Boss","floor":16,"turns":15},{"damage":3,"enemies":"3 Byrds","floor":18,"turns":6},{"damage":37,"enemies":"Spheric Guardian","floor":20,"turns":6},{"damage":28,"enemies":"Book of Stabbing","floor":25,"turns":7},{"damage":48,"enemies":"Slavers","floor":27,"turns":6},{"damage":43,"enemies":"3 Cultists","floor":29,"turns":4}],"seed_played":"-2538831545380011796","potions_obtained":[{"floor":1,"key":"Energy Potion"},{"floor":5,"key":"Poison Potion"},{"floor":8,"key":"SkillPotion"},{"floor":16,"key":"Block Potion"},{"floor":18,"key":"SteroidPotion"},{"floor":20,"key":"SkillPotion"},{"floor":25,"key":"SpeedPotion"}],"is_trial":false,"path_per_floor":["M","$","M","M","M","R","E","M","T","M","R","?","E","M","R","B",null,"M","$","M","?","?","R","$","E","T","E","R"],"character_chosen":"IRONCLAD","items_purchased":["Rampage","Spot Weakness","True Grit"],"campfire_rested":1,"item_purchase_floors":[2,19,24],"current_hp_per_floor":[73,73,75,72,68,68,53,58,58,57,57,50,45,33,58,36,73,79,79,48,48,48,48,48,26,26,42,42,0],"gold":94,"neow_bonus":"UPGRADE_CARD","is_prod":false,"is_daily":false,"chose_seed":false,"campfire_upgraded":4,"win_rate":0,"timestamp":1533248163,"path_taken":["M","$","M","M","?","R","E","M","T","M","R","?","E","M","R","BOSS","M","$","M","?","?","R","?","E","T","E","R","M"],"build_version":"2018-07-26","purchased_purges":2,"victory":false,"max_hp_per_floor":[75,75,75,75,75,75,85,85,85,85,85,85,85,85,85,85,85,88,88,88,88,88,88,88,88,88,91,91,91],"card_choices":[{"not_picked":["Body Slam","Clash"],"picked":"Havoc","floor":1},{"not_picked":["Seeing Red","Pummel"],"picked":"Whirlwind","floor":3},{"not_picked":["Pommel Strike","True Grit"],"picked":"Clothesline","floor":4},{"not_picked":["Searing Blow","Twin Strike"],"picked":"Battle Trance","floor":5},{"not_picked":["Wild Strike","Uppercut"],"picked":"Armaments","floor":7},{"not_picked":["Pummel","Sentinel","Thunderclap"],"picked":"SKIP","floor":8},{"not_picked":["Twin Strike","Havoc"],"picked":"Impervious","floor":10},{"not_picked":["Dual Wield","Sever Soul","Perfected Strike"],"picked":"SKIP","floor":13},{"not_picked":["Havoc","Flex"],"picked":"True Grit","floor":14},{"not_picked":["Impervious","Brutality"],"picked":"Feed","floor":16},{"not_picked":["Twin Strike","Blood for Blood"],"picked":"Evolve","floor":18},{"not_picked":["Perfected Strike","Clothesline"],"picked":"Havoc+1","floor":20},{"not_picked":["Feed","Sword Boomerang","Searing Blow+1"],"picked":"SKIP","floor":25},{"not_picked":["Blood for Blood+1","Havoc","Armaments"],"picked":"SKIP","floor":27}],"player_experience":578772,"relics_obtained":[{"floor":7,"key":"Pear"},{"floor":9,"key":"Bronze Scales"},{"floor":13,"key":"Oddly Smooth Stone"},{"floor":25,"key":"Darkstone Periapt"},{"floor":26,"key":"Pen Nib"},{"floor":27,"key":"Incense Burner"}],"event_choices":[{"event_name":"Golden Wing","player_choice":"Card Removal","floor":12,"damage_taken":0},{"event_name":"Purifier","player_choice":"One Purge","floor":21,"damage_taken":0},{"event_name":"Forgotten Altar","player_choice":"Smashed Altar","floor":22,"damage_taken":0}],"is_beta":false,"boss_relics":[{"not_picked":["Runic Cube","Philosopher\u0027s Stone"],"picked":"Lizard Tail"}],"items_purged_floors":[19,24],"is_endless":false,"potions_floor_spawned":[1,5,7,8,16,18,20,25],"killed_by":"3 Cultists","ascension_level":14}