{"gold_per_floor":[218,237,237,250,80,80,80,410,410,440,450,450,461,496,496,575,575,595,595,611,611,97,128,128,128,128,144,144,157,157,57,57,136,136,154,164,179,54,54,54,54,71,71,71,90,90,90,13,13,13],"floor_reached":51,"playtime":5309,"items_purged":["Strike_R","Strike_R","Strike_R"],"score":1086,"play_id":"03faf2e9-c6ae-42b0-a376-4e28f756a728","local_time":"20180731204132","is_ascension_mode":true,"campfire_choices":[{"data":"Uppercut","floor":6,"key":"SMITH"},{"floor":12,"key":"REST"},{"data":"Demon Form","floor":15,"key":"SMITH"},{"floor":24,"key":"REST"},{"floor":28,"key":"REST"},{"data":"Impervious","floor":32,"key":"SMITH"},{"floor":40,"key":"REST"},{"floor":49,"key":"REST"}],"neow_cost":"NONE","seed_source_timestamp":1157218336694718,"circlet_count":0,"master_deck":["Strike_R+1","Strike_R+1","Defend_R+1","Defend_R","Defend_R","Bash","AscendersBane","Twin Strike","Spot Weakness","Heavy Blade","Uppercut+1","Shrug It Off","Demon Form+1","Shrug It Off","Shrug It Off","Immolate","Power Through","Impervious+1","Impervious+1","Metallicize","Evolve","Offering","Power Through"],"relics":["Burning Blood","Old Coin","Gambling Chip","Omamori","Magic Flower","Cursed Key","Pear","Strange Spoon","War Paint","Mark of Pain","StoneCalendar"],"potions_floor_usage":[23,33,42,50,50],"damage_taken":[{"damage":9,"enemies":"Small Slimes","floor":1,"turns":4},{"damage":3,"enemies":"Jaw Worm","floor":2,"turns":4},{"damage":0,"enemies":"2 Louse","floor":4,"turns":3},{"damage":24,"enemies":"3 Sentries","floor":8,"turns":8},{"damage":32,"enemies":"Gremlin Nob","floor":10,"turns":4},{"damage":1,"enemies":"Exordium Wildlife","floor":11,"turns":4},{"damage":7,"enemies":"Exordium Thugs","floor":13,"turns":4},{"damage":12,"enemies":"Lagavulin","floor":14,"turns":6},{"damage":25,"enemies":"Hexaghost","floor":16,"turns":6},{"damage":28,"enemies":"Spheric Guardian","floor":18,"turns":4},{"damage":19,"enemies":"3 Byrds","floor":20,"turns":6},{"damage":31,"enemies":"Slavers","floor":23,"turns":7},{"damage":15,"enemies":"Snake Plant","floor":27,"turns":6},{"damage":7,"enemies":"Centurion and Healer","floor":29,"turns":6},{"damage":19,"enemies":"Collector","floor":33,"turns":10},{"damage":42,"enemies":"3 Darklings","floor":35,"turns":4},{"damage":18,"enemies":"Orb Walker","floor":36,"turns":5},{"damage":9,"enemies":"Sphere and 2 Shapes","floor":37,"turns":10},{"damage":35,"enemies":"3 Darklings","floor":42,"turns":5},{"damage":0,"floor":44,"turns":6},{"damage":0,"enemies":"Maw","floor":45,"turns":7},{"damage":81,"enemies":"Awakened One","floor":50,"turns":12}],"seed_played":"24973785501985498","potions_obtained":[{"floor":7,"key":"FearPotion"},{"floor":11,"key":"Dexterity Potion"},{"floor":29,"key":"Ancient Potion"},{"floor":33,"key":"GamblersBrew"},{"floor":35,"key":"SkillPotion"}],"is_trial":false,"path_per_floor":["M","M","?","M","$","R","?","E","T","E","M","R","M","E","R","B",null,"M","?","M","?","$","E","R","?","T","M","R","M","T","$","R","B",null,"M","M","M","$","?","R","$","M","T","?","M","T","?","$","R","B"],"character_chosen":"IRONCLAD","items_purchased":["Strength Potion","Uppercut","Shrug It Off","Pear","Strange Spoon","Regen Potion"],"campfire_rested":5,"item_purchase_floors":[5,5,5,22,22,48],"current_hp_per_floor":[69,72,56,62,62,62,62,44,44,18,23,47,46,40,40,24,66,47,47,37,37,47,25,52,52,52,46,73,75,75,75,75,65,84,51,42,42,42,42,69,69,43,43,52,61,61,61,61,88,40],"gold":13,"neow_bonus":"HUNDRED_GOLD","is_prod":false,"is_daily":false,"chose_seed":false,"campfire_upgraded":3,"win_rate":0,"timestamp":1533066092,"path_taken":["M","M","?","M","$","R","?","E","T","E","M","R","M","E","R","BOSS","M","?","M","?","$","E","R","?","T","M","R","?","?","$","R","BOSS","M","M","?","$","?","R","$","?","T","?","M","?","?","?","R","BOSS"],"build_version":"2018-07-26","purchased_purges":3,"victory":true,"max_hp_per_floor":[80,80,80,80,80,80,80,80,80,80,80,80,80,80,80,80,80,80,80,80,80,90,90,90,90,90,90,90,90,90,90,90,90,90,90,90,90,90,90,90,90,90,90,90,90,90,90,90,90,90],"card_choices":[{"not_picked":["Thunderclap","Body Slam"],"picked":"Twin Strike","floor":1},{"not_picked":["Shrug It Off","Pommel Strike"],"picked":"Spot Weakness","floor":2},{"not_picked":["True Grit","Blood for Blood"],"picked":"Heavy Blade","floor":4},{"not_picked":["Reckless Charge","Entrench"],"picked":"Demon Form","floor":8},{"not_picked":["Dropkick","Heavy Blade"],"picked":"Shrug It Off","floor":10},{"not_picked":["Pommel Strike","Reckless Charge"],"picked":"Shrug It Off","floor":11},{"not_picked":["Shrug It Off","Sword Boomerang"],"picked":"Immolate","floor":13},{"not_picked":["Pommel Strike","Ghostly Armor"],"picked":"Power Through","floor":14},{"not_picked":["Barricade","Offering"],"picked":"Impervious","floor":16},{"not_picked":["True Grit","Inflame","Perfected Strike"],"picked":"SKIP","floor":18},{"not_picked":["Heavy Blade","Twin Strike","Sword Boomerang"],"picked":"SKIP","floor":20},{"not_picked":["Iron Wave","Twin Strike"],"picked":"Metallicize","floor":23},{"not_picked":["Second Wind","Perfected Strike","Rage"],"picked":"SKIP","floor":27},{"not_picked":["Sever Soul","Sentinel"],"picked":"Evolve","floor":29},{"not_picked":["Immolate","Brutality"],"picked":"Offering","floor":33},{"not_picked":["Perfected Strike+1","Pommel Strike","Flex+1"],"picked":"SKIP","floor":35},{"not_picked":["Entrench","Inflame","Second Wind"],"picked":"SKIP","floor":36},{"not_picked":["Flex","Reckless Charge","Iron Wave"],"picked":"SKIP","floor":37},{"not_picked":["Shockwave","Barricade","Clothesline"],"picked":"SKIP","floor":42},{"not_picked":["Shrug It Off","Sever Soul"],"picked":"Power Through","floor":45}],"player_experience":559360,"relics_obtained":[{"floor":8,"key":"Old Coin"},{"floor":9,"key":"Gambling Chip"},{"floor":10,"key":"Omamori"},{"floor":14,"key":"Magic Flower"},{"floor":23,"key":"War Paint"},{"floor":44,"key":"StoneCalendar"}],"event_choices":[{"event_name":"Shining Light","player_choice":"Entered Light","floor":3,"damage_taken":0},{"event_name":"The Lab","player_choice":"Got Potions","floor":7,"damage_taken":0},{"event_name":"Vampires","player_choice":"Ignored","floor":19,"damage_taken":0},{"event_name":"Duplicator","player_choice":"One dupe","floor":21,"damage_taken":0},{"event_name":"Drug Dealer","player_choice":"Ignored","floor":25,"damage_taken":0},{"event_name":"Mysterious Sphere","player_choice":"Ignore","floor":39,"damage_taken":0},{"event_name":"MindBloom","player_choice":"Fight","floor":44,"damage_taken":0},{"event_name":"Falling","player_choice":"Removed Skill","floor":47,"damage_taken":0}],"is_beta":false,"boss_relics":[{"not_picked":["Philosopher\u0027s Stone","Coffee Dripper"],"picked":"Cursed Key"},{"not_picked":["Calling Bell","Astrolabe"],"picked":"Mark of Pain"}],"items_purged_floors":[22,31,38],"is_endless":false,"potions_floor_spawned":[10,11,16,18,29,33,35],"ascension_level":13}