{"gold_per_floor":[113,132,7,21,0,62,80,80,103,178,178,178],"floor_reached":12,"playtime":674,"items_purged":["Strike_R"],"score":78,"play_id":"5ff69f9e-d5d4-4d3d-97f1-76b2bb0e482b","local_time":"20180805082025","is_ascension_mode":false,"campfire_choices":[{"data":"Entrench","floor":11,"key":"SMITH"}],"neow_cost":"NONE","seed_source_timestamp":1549395400209499,"circlet_count":0,"master_deck":["Strike_R","Strike_R","Strike_R+1","Defend_R","Defend_R","Defend_R","Defend_R","Bash+1","Metallicize","Infernal Blade","Armaments","Entrench+1","Shrug It Off","Shrug It Off","Flame Barrier"],"relics":["Burning Blood","Regal Pillow","Tiny Chest","Whetstone"],"potions_floor_usage":[6],"damage_taken":[{"damage":1,"enemies":"Jaw Worm","floor":1,"turns":6},{"damage":0,"enemies":"Small Slimes","floor":2,"turns":4},{"damage":0,"enemies":"2 Louse","floor":4,"turns":3},{"damage":5,"enemies":"Looter","floor":5,"turns":4},{"damage":5,"enemies":"3 Sentries","floor":6,"turns":13},{"damage":0,"enemies":"Red Slaver","floor":7,"turns":6},{"damage":71,"enemies":"Lagavulin","floor":12,"turns":12}],"seed_played":"2944728572349106242","potions_obtained":[{"floor":1,"key":"SteroidPotion"},{"floor":6,"key":"Swift Potion"}],"is_trial":false,"path_per_floor":["M","M","$","M","M","E","M","?","T","?","R"],"character_chosen":"IRONCLAD","items_purchased":["Armaments"],"campfire_rested":0,"item_purchase_floors":[3],"current_hp_per_floor":[80,80,80,80,80,80,80,73,73,65,65,0],"gold":178,"neow_bonus":"RANDOM_COMMON_RELIC","is_prod":false,"is_daily":false,"chose_seed":false,"campfire_upgraded":1,"win_rate":0,"timestamp":1533453625,"path_taken":["M","M","$","M","M","E","M","?","T","?","R","E"],"build_version":"2018-08-02","purchased_purges":1,"victory":false,"max_hp_per_floor":[80,80,80,80,80,80,80,80,80,80,80,80],"card_choices":[{"not_picked":["Corruption","Warcry"],"picked":"Metallicize","floor":1},{"not_picked":["Warcry","Havoc"],"picked":"Infernal Blade","floor":2},{"not_picked":["Feel No Pain","Perfected Strike"],"picked":"Entrench","floor":4},{"not_picked":["Iron Wave","Inflame"],"picked":"Shrug It Off","floor":5},{"not_picked":["Sentinel","Pommel Strike"],"picked":"Shrug It Off","floor":6},{"not_picked":["Searing Blow","True Grit"],"picked":"Flame Barrier","floor":7}],"player_experience":605642,"relics_obtained":[{"floor":6,"key":"Tiny Chest"},{"floor":9,"key":"Whetstone"}],"event_choices":[{"event_name":"Golden Wing","player_choice":"Card Removal","floor":8,"damage_taken":0},{"event_name":"FaceTrader","player_choice":"Touch","floor":10,"damage_taken":0}],"is_beta":false,"boss_relics":[],"items_purged_floors":[3],"is_endless":false,"potions_floor_spawned":[1,6],"killed_by":"Lagavulin","ascension_level":0}