{"gold_per_floor":[114,134,150,165,165,165,190,203,203,203,203,223,223,251,251,251],"floor_reached":16,"playtime":949,"items_purged":[],"score":196,"play_id":"852fab29-d9bd-42d3-a6c7-2b93e196925c","local_time":"20180804095239","is_ascension_mode":true,"campfire_choices":[{"floor":6,"key":"REST"},{"floor":10,"key":"REST"},{"data":"Clothesline","floor":15,"key":"SMITH"}],"neow_cost":"","seed_source_timestamp":1468255313986818,"circlet_count":0,"master_deck":["Strike_R","Strike_R","Strike_R","Strike_R","Strike_R","Defend_R","Defend_R","Defend_R","Defend_R+1","Bash+1","AscendersBane","Headbutt","Clothesline+1","Flame Barrier+1","Infernal Blade","Cleave","Shrug It Off","Flex"],"relics":["Burning Blood","Mummified Hand","Question Card","Pear","Frozen Egg 2"],"potions_floor_usage":[8,14],"damage_taken":[{"damage":5,"enemies":"Cultist","floor":1,"turns":4},{"damage":3,"enemies":"Jaw Worm","floor":2,"turns":5},{"damage":0,"enemies":"Small Slimes","floor":3,"turns":3},{"damage":25,"enemies":"Gremlin Gang","floor":4,"turns":5},{"damage":31,"enemies":"3 Sentries","floor":7,"turns":10},{"damage":14,"enemies":"Exordium Wildlife","floor":8,"turns":6},{"damage":16,"enemies":"Red Slaver","floor":12,"turns":6},{"damage":20,"enemies":"Lagavulin","floor":14,"turns":8},{"damage":31,"enemies":"The Guardian","floor":16,"turns":11}],"seed_played":"-3423294033113610855","potions_obtained":[{"floor":2,"key":"FearPotion"},{"floor":7,"key":"Dexterity Potion"},{"floor":8,"key":"Strength Potion"}],"is_trial":false,"path_per_floor":["M","M","M","M","?","R","E","M","T","R","?","M","?","E","R"],"character_chosen":"IRONCLAD","items_purchased":[],"campfire_rested":2,"item_purchase_floors":[],"current_hp_per_floor":[69,72,75,56,33,55,30,22,22,44,54,44,44,30,30,0],"gold":251,"neow_bonus":"","is_prod":false,"is_daily":false,"chose_seed":false,"campfire_upgraded":1,"win_rate":0,"timestamp":1533372759,"path_taken":["M","M","M","M","?","R","E","M","T","R","?","?","?","E","R","BOSS"],"build_version":"2018-08-02","purchased_purges":0,"victory":false,"max_hp_per_floor":[75,75,75,75,75,75,75,75,75,75,85,85,85,85,85,85],"card_choices":[{"not_picked":["Metallicize","Perfected Strike"],"picked":"Headbutt","floor":1},{"not_picked":["Warcry","Wild Strike"],"picked":"Clothesline","floor":2},{"not_picked":["Twin Strike","Headbutt"],"picked":"Flame Barrier","floor":3},{"not_picked":["Anger","Corruption","Twin Strike"],"picked":"SKIP","floor":4},{"not_picked":["Rupture","Rage"],"picked":"Infernal Blade","floor":7},{"not_picked":["Corruption","Dual Wield"],"picked":"Cleave","floor":8},{"not_picked":["Thunderclap","Sentinel","Havoc"],"picked":"Shrug It Off","floor":12},{"not_picked":["Havoc","Barricade","Twin Strike"],"picked":"Flex","floor":14}],"player_experience":593738,"relics_obtained":[{"floor":7,"key":"Mummified Hand"},{"floor":9,"key":"Question Card"},{"floor":14,"key":"Frozen Egg 2"}],"event_choices":[{"event_name":"Shining Light","player_choice":"Entered Light","floor":5,"damage_taken":0},{"event_name":"WeMeetAgain","player_choice":"Potion","floor":11,"damage_taken":0},{"event_name":"Living Wall","player_choice":"Grow","floor":13,"damage_taken":0}],"is_beta":false,"boss_relics":[],"items_purged_floors":[],"is_endless":false,"potions_floor_spawned":[2,7,8],"killed_by":"The Guardian","ascension_level":15}