{"gold_per_floor":[215,233,21,33,108,136,24,39,39,57,57,57,57,83,83,158,158,176,176,24,24],"floor_reached":21,"playtime":1382,"items_purged":["Strike_R"],"score":318,"play_id":"8c607e37-1144-4efd-a398-a7727978a4e2","local_time":"20180801234351","is_ascension_mode":true,"campfire_choices":[{"floor":12,"key":"REST"},{"data":"Bash","floor":15,"key":"SMITH"}],"neow_cost":"NONE","seed_source_timestamp":1258490986599290,"circlet_count":0,"master_deck":["Strike_R","Strike_R","Defend_R","Defend_R","Defend_R","Defend_R","Bash+1","AscendersBane","Iron Wave","Clothesline","Feed","Evolve","Shrug It Off","True Grit","Whirlwind","Armaments","Feel No Pain","Impervious","Shrug It Off+1","Bludgeon"],"relics":["Burning Blood","Omamori","Self Forming Clay","Calipers","Nloth\u0027s Gift"],"potions_floor_usage":[8,14,16,21],"damage_taken":[{"damage":4,"enemies":"Jaw Worm","floor":1,"turns":5},{"damage":1,"enemies":"Cultist","floor":2,"turns":3},{"damage":9,"enemies":"2 Louse","floor":4,"turns":2},{"damage":39,"enemies":"Gremlin Nob","floor":6,"turns":5},{"damage":3,"enemies":"Lots of Slimes","floor":8,"turns":2},{"damage":13,"enemies":"Gremlin Gang","floor":10,"turns":4},{"damage":13,"enemies":"3 Sentries","floor":14,"turns":8},{"damage":38,"enemies":"The Guardian","floor":16,"turns":13},{"damage":50,"enemies":"Shell Parasite","floor":18,"turns":18},{"damage":31,"enemies":"Chosen","floor":21,"turns":5}],"seed_played":"-6574408581733964960","potions_obtained":[{"floor":1,"key":"Dexterity Potion"},{"floor":4,"key":"Energy Potion"},{"floor":10,"key":"SteroidPotion"},{"floor":18,"key":"EssenceOfSteel"}],"is_trial":false,"path_per_floor":["M","M","$","M","?","E","$","M","T","M","?","R","$","E","R","B",null,"M","?","$"],"character_chosen":"IRONCLAD","items_purchased":["Feed","Evolve","Whirlwind","Bludgeon","BloodPotion"],"campfire_rested":1,"item_purchase_floors":[3,3,7,20,20],"current_hp_per_floor":[70,75,75,75,64,31,31,34,34,27,27,50,50,46,46,17,67,23,23,23,0],"gold":24,"neow_bonus":"HUNDRED_GOLD","is_prod":false,"is_daily":false,"chose_seed":false,"campfire_upgraded":1,"win_rate":0,"timestamp":1533163431,"path_taken":["M","M","$","M","?","E","$","M","T","M","?","R","$","E","R","BOSS","M","?","$","M"],"build_version":"2018-07-26","purchased_purges":1,"victory":false,"max_hp_per_floor":[75,75,75,78,78,78,78,78,78,78,78,78,78,81,81,84,84,84,84,84,84],"card_choices":[{"not_picked":["Rage","Bloodletting"],"picked":"Iron Wave","floor":1},{"not_picked":["Sword Boomerang","Heavy Blade"],"picked":"Clothesline","floor":2},{"not_picked":["Armaments","Reckless Charge"],"picked":"Shrug It Off","floor":4},{"not_picked":["Warcry","Battle Trance"],"picked":"True Grit","floor":6},{"not_picked":["Wild Strike","Anger"],"picked":"Armaments","floor":8},{"not_picked":["Anger","Sword Boomerang","Entrench"],"picked":"SKIP","floor":10},{"not_picked":["Bludgeon","Thunderclap","Seeing Red"],"picked":"SKIP","floor":14},{"not_picked":["Berserk","Reaper"],"picked":"Impervious","floor":16},{"not_picked":["Anger+1","Blood for Blood"],"picked":"Shrug It Off+1","floor":18}],"player_experience":570432,"relics_obtained":[{"floor":6,"key":"Omamori"},{"floor":9,"key":"Self Forming Clay"},{"floor":14,"key":"Calipers"}],"event_choices":[{"event_name":"World of Goop","player_choice":"Gather Gold","floor":5,"damage_taken":0},{"event_name":"Match and Keep!","player_choice":"1 cards matched","floor":11,"damage_taken":0},{"event_name":"N\u0027loth","player_choice":"Traded a Empty Cage","floor":19,"damage_taken":0}],"is_beta":false,"boss_relics":[{"not_picked":["Lizard Tail","Runic Pyramid"],"picked":"Empty Cage"}],"items_purged_floors":[7],"is_endless":false,"potions_floor_spawned":[1,4,10,18],"killed_by":"Chosen","ascension_level":14}