{"gold_per_floor":[109,123,198,168,168,168,191,229,254,254,268,304,304,323,323,416,416,416,341,341,341,341,341,341,341,341,341,341],"floor_reached":28,"playtime":1504,"items_purged":[],"score":409,"play_id":"15fe52da-5714-47ad-b5f4-e38648a3fb5d","local_time":"20180731183754","is_ascension_mode":true,"campfire_choices":[{"data":"Bash","floor":6,"key":"SMITH"},{"data":"Searing Blow","floor":10,"key":"SMITH"},{"data":"Searing Blow+1","floor":13,"key":"SMITH"},{"data":"Searing Blow+2","floor":15,"key":"SMITH"},{"floor":23,"key":"REST"},{"floor":27,"key":"REST"}],"neow_cost":"NONE","seed_source_timestamp":1153611523265193,"circlet_count":0,"master_deck":["Strike_R","Strike_R","Strike_R","Strike_R","Strike_R","Defend_R","Defend_R","Defend_R","Defend_R","Bash+1","AscendersBane","Reaper","Evolve","Shrug It Off","Searing Blow+3","Anger","Feel No Pain","Clothesline","Impervious","Flex+1","Ghostly Armor","Spot Weakness","Headbutt","Shrug It Off","Armaments"],"relics":["Burning Blood","Golden Idol","Happy Flower","Dream Catcher","Ornamental Fan","Ectoplasm","Champion Belt","Frozen Egg 2"],"potions_floor_usage":[8,8,16,24],"damage_taken":[{"damage":15,"enemies":"Cultist","floor":1,"turns":5},{"damage":7,"enemies":"Small Slimes","floor":2,"turns":5},{"damage":4,"enemies":"2 Louse","floor":7,"turns":4},{"damage":30,"enemies":"Lagavulin","floor":8,"turns":8},{"damage":23,"enemies":"Lots of Slimes","floor":11,"turns":5},{"damage":16,"enemies":"3 Sentries","floor":12,"turns":8},{"damage":10,"enemies":"Looter","floor":14,"turns":3},{"damage":47,"enemies":"Slime Boss","floor":16,"turns":9},{"damage":15,"enemies":"3 Byrds","floor":18,"turns":8},{"damage":19,"enemies":"2 Thieves","floor":19,"turns":5},{"damage":32,"enemies":"Snake Plant","floor":22,"turns":5},{"damage":44,"enemies":"Slavers","floor":24,"turns":8},{"damage":44,"enemies":"3 Cultists","floor":25,"turns":8},{"damage":44,"enemies":"Book of Stabbing","floor":28,"turns":5}],"seed_played":"-234401895293364","potions_obtained":[{"floor":2,"key":"Poison Potion"},{"floor":4,"key":"Block Potion"},{"floor":12,"key":"Regen Potion"},{"floor":16,"key":"SneckoOil"},{"floor":19,"key":"Fire Potion"},{"floor":20,"key":"PowerPotion"},{"floor":20,"key":"Strength Potion"}],"is_trial":false,"path_per_floor":["M","M","?","?","?","R","M","E","T","R","M","E","R","M","R","B",null,"M","M","?","?","M","R","E","M","T","R"],"character_chosen":"IRONCLAD","items_purchased":[],"campfire_rested":2,"item_purchase_floors":[],"current_hp_per_floor":[69,71,60,60,60,60,66,44,44,44,39,37,37,37,37,11,58,57,52,52,52,34,56,36,22,22,44,0],"gold":341,"neow_bonus":"ONE_RANDOM_RARE_CARD","is_prod":false,"is_daily":false,"chose_seed":false,"campfire_upgraded":4,"win_rate":0,"timestamp":1533058674,"path_taken":["M","M","?","?","?","R","M","E","T","R","?","E","R","?","R","BOSS","M","M","?","?","M","R","E","?","T","R","E"],"build_version":"2018-07-26","purchased_purges":0,"victory":false,"max_hp_per_floor":[80,80,80,80,74,74,74,74,74,74,74,74,74,74,74,74,74,74,74,74,74,74,74,74,74,74,74,74],"card_choices":[{"not_picked":["Body Slam","Bloodletting"],"picked":"Evolve","floor":1},{"not_picked":["Clash","Flex"],"picked":"Shrug It Off","floor":2},{"not_picked":["Heavy Blade","Body Slam"],"picked":"Searing Blow","floor":7},{"not_picked":["Twin Strike","Evolve"],"picked":"Anger","floor":8},{"not_picked":["Iron Wave","Sword Boomerang"],"picked":"Feel No Pain","floor":11},{"not_picked":["Perfected Strike","Combust","Double Tap"],"picked":"SKIP","floor":12},{"not_picked":["Feel No Pain","Combust"],"picked":"Clothesline","floor":14},{"not_picked":["Berserk","Double Tap"],"picked":"Impervious","floor":16},{"not_picked":["Carnage","Wild Strike","Fire Breathing"],"picked":"SKIP","floor":18},{"not_picked":["Thunderclap","Burning Pact+1"],"picked":"Flex+1","floor":19},{"not_picked":["Perfected Strike+1","Dropkick"],"picked":"Ghostly Armor","floor":22},{"not_picked":["Fire Breathing","Whirlwind"],"picked":"Spot Weakness","floor":23},{"not_picked":["Feel No Pain","Sever Soul"],"picked":"Headbutt","floor":24},{"not_picked":["True Grit","Twin Strike"],"picked":"Shrug It Off","floor":25},{"not_picked":["Burning Pact","Havoc"],"picked":"Armaments","floor":27}],"player_experience":556211,"relics_obtained":[{"floor":8,"key":"Happy Flower"},{"floor":9,"key":"Dream Catcher"},{"floor":12,"key":"Ornamental Fan"},{"floor":24,"key":"Champion Belt"},{"floor":26,"key":"Frozen Egg 2"}],"event_choices":[{"event_name":"World of Goop","player_choice":"Gather Gold","floor":3,"damage_taken":0},{"event_name":"The Woman in Blue","player_choice":"Bought 2 Potions","floor":4,"damage_taken":0},{"event_name":"Golden Idol","player_choice":"Lose Max HP","floor":5,"damage_taken":0},{"event_name":"The Lab","player_choice":"Got Potions","floor":20,"damage_taken":0},{"event_name":"Ghosts","player_choice":"Ignored","floor":21,"damage_taken":0}],"is_beta":false,"boss_relics":[{"not_picked":["Pandora\u0027s Box","Black Star"],"picked":"Ectoplasm"}],"items_purged_floors":[],"is_endless":false,"potions_floor_spawned":[2,12,16,19,22],"killed_by":"Book of Stabbing","ascension_level":13}