{"gold_per_floor":[115,132,150,64,14,25,25,50,96,96,128,128,155,170,170,273,273,293,293,279,204,204,204,104,104,172,188,214,225,290,304,304,402,402,417,435,235,255,266,266,283,283,309,321,343,185,185,136,136,136],"floor_reached":51,"playtime":3945,"items_purged":["Writhe","Strike_R","Hemokinesis+1"],"score":707,"play_id":"8c30322a-fc17-4800-8752-d3ced575b9e6","local_time":"20180805092630","is_ascension_mode":false,"campfire_choices":[{"data":"Whirlwind","floor":7,"key":"SMITH"},{"data":"True Grit","floor":12,"key":"SMITH"},{"data":"Armaments","floor":15,"key":"SMITH"},{"floor":23,"key":"REST"},{"data":"Barricade","floor":25,"key":"SMITH"},{"floor":32,"key":"REST"},{"floor":40,"key":"REST"},{"data":"Evolve","floor":47,"key":"SMITH"},{"floor":49,"key":"REST"}],"neow_cost":"","seed_source_timestamp":1550080237362883,"circlet_count":0,"master_deck":["Defend_R+1","Defend_R","Defend_R","Defend_R","Bash","Armaments+1","Cleave","Body Slam","True Grit+1","Whirlwind+1","Reaper+1","Battle Trance+1","Pommel Strike+1","Barricade+1","Body Slam+1","Body Slam+1","Pommel Strike+1","Iron Wave+1","Offering","Bludgeon+1","Power Through+1","Shockwave+1","Flame Barrier","Evolve+1","Finesse"],"relics":["Burning Blood","Molten Egg 2","Dream Catcher","Art of War","Orichalcum","Black Star","War Paint","Pear","Thread and Needle","Calipers","Tiny Chest","Oddly Smooth Stone","Astrolabe","MawBank"],"potions_floor_usage":[8,8,11,13,14,16,28,28,30,30,33,50,50,50],"damage_taken":[{"damage":1,"enemies":"Cultist","floor":1,"turns":4},{"damage":2,"enemies":"2 Louse","floor":2,"turns":4},{"damage":5,"enemies":"Small Slimes","floor":3,"turns":4},{"damage":26,"enemies":"Exordium Wildlife","floor":6,"turns":5},{"damage":24,"enemies":"Lagavulin","floor":8,"turns":6},{"damage":8,"enemies":"Gremlin Nob","floor":11,"turns":4},{"damage":17,"enemies":"3 Sentries","floor":13,"turns":5},{"damage":1,"enemies":"Lots of Slimes","floor":14,"turns":2},{"damage":22,"enemies":"Slime Boss","floor":16,"turns":8},{"damage":15,"enemies":"Chosen","floor":18,"turns":8},{"damage":30,"enemies":"2 Thieves","floor":20,"turns":4},{"damage":28,"enemies":"Centurion and Healer","floor":27,"turns":7},{"damage":7,"enemies":"Gremlin Leader","floor":28,"turns":9},{"damage":8,"enemies":"Snecko","floor":29,"turns":6},{"damage":67,"enemies":"Slavers","floor":30,"turns":9},{"damage":0,"enemies":"Snake Plant","floor":31,"turns":4},{"damage":11,"enemies":"Champ","floor":33,"turns":10},{"damage":5,"enemies":"Orb Walker","floor":35,"turns":3},{"damage":5,"enemies":"Flame Bruiser 1 Orb","floor":36,"turns":5},{"damage":7,"enemies":"3 Darklings","floor":38,"turns":6},{"damage":53,"enemies":"Flame Bruiser 2 Orb","floor":39,"turns":7},{"damage":6,"enemies":"Spire Growth","floor":41,"turns":5},{"damage":5,"enemies":"Maw","floor":45,"turns":6},{"damage":30,"enemies":"Awakened One","floor":50,"turns":12}],"seed_played":"-4334469885417810439","potions_obtained":[{"floor":2,"key":"EntropicBrew"},{"floor":6,"key":"AttackPotion"},{"floor":11,"key":"SteroidPotion"},{"floor":16,"key":"Weak Potion"},{"floor":18,"key":"Dexterity Potion"},{"floor":20,"key":"LiquidBronze"},{"floor":28,"key":"Swift Potion"},{"floor":31,"key":"Strength Potion"},{"floor":38,"key":"Ancient Potion"},{"floor":45,"key":"Poison Potion"}],"is_trial":false,"path_per_floor":["M","M","M","$","?","M","R","E","T","?","E","R","E","M","R","B",null,"M","?","M","$","?","R","$","R","T","M","E","M","E","M","R","B",null,"M","M","$","M","M","R","M","?","T","?","M","$","R","$","R","B"],"character_chosen":"IRONCLAD","items_purchased":["True Grit","Whirlwind","LiquidBronze","Evolve","Finesse","Dexterity Potion"],"campfire_rested":4,"item_purchase_floors":[4,4,37,46,46,48],"current_hp_per_floor":[80,80,80,80,80,60,60,42,42,47,50,50,54,59,59,53,85,81,81,57,57,57,82,82,82,92,73,72,70,24,30,58,60,95,95,95,95,95,60,88,88,88,88,88,95,95,95,95,95,84],"gold":136,"neow_bonus":"","is_prod":false,"is_daily":false,"chose_seed":false,"campfire_upgraded":5,"win_rate":0,"timestamp":1533457590,"path_taken":["M","M","?","?","?","M","R","E","T","?","E","R","E","M","R","BOSS","M","?","M","?","?","R","$","R","T","M","E","M","E","M","R","BOSS","M","M","$","M","M","R","M","?","T","?","M","$","R","$","R","BOSS"],"build_version":"2018-08-02","purchased_purges":3,"victory":true,"max_hp_per_floor":[80,80,80,80,80,80,80,80,80,85,85,85,85,85,85,85,85,85,85,85,85,85,85,85,85,95,95,95,95,95,95,95,95,95,95,95,95,95,95,95,95,95,95,95,95,95,95,95,95,95],"card_choices":[{"not_picked":["Heavy Blade","Sever Soul"],"picked":"Armaments","floor":1},{"not_picked":["Havoc","Wild Strike"],"picked":"Cleave","floor":2},{"not_picked":["Searing Blow","Shrug It Off"],"picked":"Body Slam","floor":3},{"not_picked":["Sword Boomerang","Thunderclap","Pummel"],"picked":"SKIP","floor":6},{"not_picked":["Feel No Pain","Evolve"],"picked":"Reaper","floor":8},{"not_picked":["Flex","Anger+1"],"picked":"Battle Trance","floor":11},{"not_picked":["Sword Boomerang+1","Warcry","Clash+1"],"picked":"SKIP","floor":13},{"not_picked":["Pummel+1","Combust"],"picked":"Pommel Strike+1","floor":14},{"not_picked":["Double Tap","Demon Form"],"picked":"Barricade","floor":16},{"not_picked":["Sword Boomerang+1","Thunderclap+1"],"picked":"Body Slam+1","floor":18},{"not_picked":["Twin Strike+1","Pummel+1","Second Wind"],"picked":"SKIP","floor":20},{"not_picked":["Whirlwind+1","Warcry"],"picked":"Body Slam+1","floor":23},{"not_picked":["Infernal Blade","Blood for Blood+1","Warcry"],"picked":"SKIP","floor":27},{"not_picked":["Infernal Blade","Flex","Perfected Strike+1"],"picked":"SKIP","floor":28},{"not_picked":["Heavy Blade+1","Iron Wave+1","Clothesline+1"],"picked":"SKIP","floor":29},{"not_picked":["Carnage+1","Berserk"],"picked":"Pommel Strike+1","floor":30},{"not_picked":["Cleave+1","Warcry+1"],"picked":"Iron Wave+1","floor":31},{"not_picked":["Reaper+1","Fiend Fire+1"],"picked":"Offering","floor":33},{"not_picked":["Anger+1","Fire Breathing+1","Sword Boomerang+1"],"picked":"SKIP","floor":35},{"not_picked":["Rage+1","Heavy Blade+1","Feel No Pain"],"picked":"SKIP","floor":36},{"not_picked":["Twin Strike+1","Sword Boomerang+1"],"picked":"Shockwave+1","floor":38},{"not_picked":["Warcry","Burning Pact"],"picked":"Flame Barrier","floor":39},{"not_picked":["Combust+1","Cleave+1","Clash+1"],"picked":"SKIP","floor":41},{"not_picked":["Fire Breathing","Feel No Pain","Sever Soul+1"],"picked":"SKIP","floor":45}],"player_experience":606316,"relics_obtained":[{"floor":8,"key":"Molten Egg 2"},{"floor":9,"key":"Dream Catcher"},{"floor":11,"key":"Art of War"},{"floor":13,"key":"Orichalcum"},{"floor":26,"key":"Pear"},{"floor":28,"key":"Thread and Needle"},{"floor":28,"key":"Calipers"},{"floor":30,"key":"Tiny Chest"},{"floor":30,"key":"Oddly Smooth Stone"},{"floor":43,"key":"MawBank"}],"event_choices":[{"event_name":"The Cleric","player_choice":"Card Removal","floor":5,"damage_taken":0},{"event_name":"Big Fish","player_choice":"Donut","floor":10,"damage_taken":0},{"event_name":"The Mausoleum","player_choice":"Yes","floor":19,"damage_taken":0},{"event_name":"Addict","player_choice":"Ignored","floor":22,"damage_taken":0},{"event_name":"Accursed Blacksmith","player_choice":"Ignore","floor":42,"damage_taken":0},{"event_name":"Mysterious Sphere","player_choice":"Ignore","floor":44,"damage_taken":0}],"is_beta":false,"boss_relics":[{"not_picked":["Velvet Choker","White Beast Statue"],"picked":"Black Star"},{"not_picked":["Eternal Feather","Runic Dome"],"picked":"Astrolabe"}],"items_purged_floors":[21,24,37],"is_endless":false,"potions_floor_spawned":[2,6,11,16,18,20,28,31,38,45],"ascension_level":0}