{"gold_per_floor":[116,34,34,50,50,50,83,83,110,110,120,120,53,113,113,189,189,199,210,65,75,0,0,0,13,13,13,26,26,26,38,38,113,113,126,145,145,145,70,70,101,119,119,138,138,150,162,10,10,10],"floor_reached":50,"playtime":2266,"items_purged":["Strike_R","Strike_R"],"score":859,"play_id":"9b2e22ba-22f3-4cba-aa67-9144a0c53359","local_time":"20180802202824","is_ascension_mode":true,"campfire_choices":[{"data":"Searing Blow","floor":6,"key":"SMITH"},{"data":"Searing Blow+1","floor":8,"key":"SMITH"},{"data":"Searing Blow+2","floor":12,"key":"SMITH"},{"data":"Whirlwind","floor":15,"key":"SMITH"},{"data":"True Grit","floor":23,"key":"SMITH"},{"data":"Searing Blow+3","floor":27,"key":"SMITH"},{"data":"Searing Blow+4","floor":29,"key":"SMITH"},{"data":"Searing Blow+5","floor":32,"key":"SMITH"},{"data":"Searing Blow+6","floor":40,"key":"SMITH"},{"data":"Searing Blow+7","floor":45,"key":"SMITH"},{"data":"Searing Blow+8","floor":49,"key":"SMITH"}],"neow_cost":"NONE","seed_source_timestamp":1332281841885356,"circlet_count":0,"master_deck":["Strike_R","Strike_R","Strike_R+1","Defend_R","Defend_R","Defend_R","Defend_R+1","Bash","AscendersBane","Searing Blow+9","Armaments","Shockwave","Metallicize","Whirlwind+1","Armaments","Impervious","True Grit+1","Shrug It Off","Shrug It Off","Flex+1","Shrug It Off","Metallicize"],"relics":["Burning Blood","GremlinMask","Vajra","Lantern","Tiny Chest","Cursed Key","Pen Nib","Coffee Dripper","Mango","Regal Pillow"],"potions_floor_usage":[16,19,19,33,33,46,50,50],"damage_taken":[{"damage":10,"enemies":"Small Slimes","floor":1,"turns":4},{"damage":0,"enemies":"Cultist","floor":4,"turns":3},{"damage":18,"enemies":"Gremlin Nob","floor":7,"turns":4},{"damage":4,"enemies":"Jaw Worm","floor":11,"turns":3},{"damage":4,"enemies":"3 Sentries","floor":14,"turns":5},{"damage":40,"enemies":"Hexaghost","floor":16,"turns":13},{"damage":1,"enemies":"Spheric Guardian","floor":18,"turns":5},{"damage":19,"enemies":"2 Thieves","floor":19,"turns":4},{"damage":15,"enemies":"Slaver and Parasite","floor":21,"turns":6},{"damage":3,"enemies":"Centurion and Healer","floor":25,"turns":4},{"damage":0,"enemies":"Snecko","floor":28,"turns":4},{"damage":4,"enemies":"Sentry and Sphere","floor":31,"turns":5},{"damage":65,"enemies":"Collector","floor":33,"turns":11},{"damage":32,"enemies":"3 Darklings","floor":35,"turns":6},{"damage":0,"enemies":"Flame Bruiser 1 Orb","floor":36,"turns":3},{"damage":0,"floor":38,"turns":9},{"damage":5,"enemies":"Nemesis","floor":41,"turns":5},{"damage":0,"enemies":"4 Shapes","floor":42,"turns":7},{"damage":22,"enemies":"Transient","floor":44,"turns":5},{"damage":0,"enemies":"Flame Bruiser 2 Orb","floor":46,"turns":2},{"damage":0,"enemies":"Spire Growth","floor":47,"turns":4},{"damage":78,"enemies":"Donu and Deca","floor":50,"turns":9}],"seed_played":"640073982440144119","potions_obtained":[{"floor":16,"key":"BloodPotion"},{"floor":25,"key":"Poison Potion"},{"floor":28,"key":"Swift Potion"},{"floor":36,"key":"SteroidPotion"},{"floor":42,"key":"LiquidBronze"},{"floor":44,"key":"Regen Potion"},{"floor":46,"key":"Ancient Potion"}],"is_trial":false,"path_per_floor":["M","$","?","M","?","R","E","R","T","?","M","R","$","E","R","B",null,"M","M","$","M","?","R","?","M","T","R","M","R","?","M","R","B",null,"M","M","?","?","$","R","E","M","T","M","R","M","M","$","R"],"character_chosen":"IRONCLAD","items_purchased":["Armaments","Shockwave","Whirlwind","Pen Nib","Block Potion"],"campfire_rested":0,"item_purchase_floors":[2,2,13,20,48],"current_hp_per_floor":[64,64,64,70,55,55,43,43,43,68,70,70,70,72,72,38,66,71,65,65,56,56,56,56,59,59,59,65,65,65,67,67,8,58,32,38,38,58,58,58,59,65,65,49,49,60,66,66,66,0],"gold":10,"neow_bonus":"THREE_SMALL_POTIONS","is_prod":false,"is_daily":false,"chose_seed":false,"campfire_upgraded":11,"win_rate":0,"timestamp":1533238104,"path_taken":["M","$","?","M","?","R","E","R","T","?","M","R","$","E","R","BOSS","M","M","$","M","?","R","?","M","T","R","M","R","?","M","R","BOSS","M","?","?","?","$","R","E","M","T","?","R","M","M","$","R","BOSS"],"build_version":"2018-07-26","purchased_purges":2,"victory":false,"max_hp_per_floor":[75,75,75,75,75,75,75,75,75,75,75,75,75,75,75,75,75,75,75,75,75,75,75,75,75,75,75,75,75,75,75,75,75,75,75,75,75,89,89,89,89,89,89,89,89,89,89,89,89,89],"card_choices":[{"not_picked":["Evolve","Armaments"],"picked":"Searing Blow","floor":1},{"not_picked":["Thunderclap","Wild Strike","Perfected Strike"],"picked":"SKIP","floor":4},{"not_picked":["Thunderclap","Twin Strike"],"picked":"Metallicize","floor":7},{"not_picked":["Warcry","Second Wind","Burning Pact"],"picked":"SKIP","floor":11},{"not_picked":["Clothesline","Fire Breathing"],"picked":"Armaments","floor":14},{"not_picked":["Berserk","Offering"],"picked":"Impervious","floor":16},{"not_picked":["Body Slam","Shockwave","Anger"],"picked":"SKIP","floor":18},{"not_picked":["Cleave","Infernal Blade"],"picked":"True Grit","floor":19},{"not_picked":["Intimidate","Twin Strike+1","Combust"],"picked":"SKIP","floor":21},{"not_picked":["Pommel Strike","Dual Wield","Clash"],"picked":"SKIP","floor":25},{"not_picked":["Burning Pact+1","Clothesline","Thunderclap"],"picked":"SKIP","floor":28},{"not_picked":["Seeing Red+1","Dual Wield"],"picked":"Shrug It Off","floor":31},{"not_picked":["Cleave+1","Iron Wave","Rampage+1"],"picked":"SKIP","floor":35},{"not_picked":["Havoc","Thunderclap"],"picked":"Shrug It Off","floor":36},{"not_picked":["Feed","Corruption"],"picked":"Flex+1","floor":41},{"not_picked":["Anger","Pommel Strike","Havoc"],"picked":"SKIP","floor":42},{"not_picked":["Rampage","Cleave","Twin Strike"],"picked":"SKIP","floor":44},{"not_picked":["Hemokinesis","Burning Pact"],"picked":"Shrug It Off","floor":46},{"not_picked":["Thunderclap+1","True Grit"],"picked":"Metallicize","floor":47}],"player_experience":576506,"relics_obtained":[{"floor":7,"key":"Vajra"},{"floor":9,"key":"Lantern"},{"floor":14,"key":"Tiny Chest"},{"floor":38,"key":"Mango"},{"floor":41,"key":"Regal Pillow"}],"event_choices":[{"event_name":"FaceTrader","player_choice":"Trade","floor":3,"damage_taken":0},{"event_name":"Shining Light","player_choice":"Entered Light","floor":5,"damage_taken":0},{"event_name":"Big Fish","player_choice":"Banana","floor":10,"damage_taken":0},{"event_name":"Masked Bandits","player_choice":"Paid Bandits 75 gold","floor":22,"damage_taken":0},{"event_name":"Match and Keep!","player_choice":"0 cards matched","floor":24,"damage_taken":0},{"event_name":"The Mausoleum","player_choice":"No","floor":30,"damage_taken":0},{"event_name":"Tomb of Lord Red Mask","player_choice":"Ignored","floor":37,"damage_taken":0},{"event_name":"MindBloom","player_choice":"Fight","floor":38,"damage_taken":0}],"is_beta":false,"boss_relics":[{"not_picked":["Ectoplasm","Black Blood"],"picked":"Cursed Key"},{"not_picked":["Philosopher\u0027s Stone","Orrery"],"picked":"Coffee Dripper"}],"items_purged_floors":[39,48],"is_endless":false,"potions_floor_spawned":[1,7,16,25,28,36,42,44,46],"killed_by":"Donu and Deca","ascension_level":14}