{"gold_per_floor":[117,128,147,167,167,195,214,214,214,214,249,269,269,302,302,401,401,416,138,63,74,74,74,87,87,112,140,184,196,235,247],"floor_reached":31,"playtime":1403,"items_purged":["Strike_R"],"score":320,"play_id":"0f26d7a3-16d1-453d-a362-e67426a8df02","local_time":"20180821205411","is_ascension_mode":false,"campfire_choices":[{"data":"Bash","floor":8,"key":"SMITH"},{"data":"Flex","floor":13,"key":"SMITH"},{"data":"Spot Weakness","floor":15,"key":"SMITH"},{"data":"Shrug It Off","floor":23,"key":"SMITH"},{"data":"Flame Barrier","floor":25,"key":"SMITH"},{"floor":29,"key":"REST"}],"neow_cost":"NONE","seed_source_timestamp":442287633797256,"circlet_count":0,"master_deck":["Strike_R","Strike_R","Strike_R","Defend_R","Defend_R","Defend_R","Defend_R","Bash+1","Flex+1","Shrug It Off+1","Rampage+1","Spot Weakness+1","Headbutt","Impervious","Flame Barrier+1","Cleave","Ghostly Armor"],"relics":["Burning Blood","NeowsBlessing","Regal Pillow","Strawberry","Shuriken","Centennial Puzzle","Pantograph","Black Star","Medical Kit","MawBank","Kunai","Frozen Egg 2","Pear","Letter Opener"],"potions_floor_usage":[12,14,24,24,28,28],"damage_taken":[{"damage":0,"enemies":"Cultist","floor":1,"turns":1},{"damage":0,"enemies":"2 Louse","floor":2,"turns":1},{"damage":0,"enemies":"Jaw Worm","floor":3,"turns":1},{"damage":11,"enemies":"Blue Slaver","floor":4,"turns":5},{"damage":15,"enemies":"Gremlin Nob","floor":6,"turns":4},{"damage":15,"enemies":"3 Louse","floor":7,"turns":4},{"damage":23,"enemies":"3 Sentries","floor":11,"turns":8},{"damage":17,"enemies":"Lots of Slimes","floor":12,"turns":7},{"damage":16,"enemies":"Gremlin Nob","floor":14,"turns":3},{"damage":44,"enemies":"The Guardian","floor":16,"turns":7},{"damage":11,"enemies":"Chosen","floor":18,"turns":5},{"damage":24,"enemies":"Spheric Guardian","floor":21,"turns":5},{"damage":52,"enemies":"3 Cultists","floor":24,"turns":6},{"damage":30,"enemies":"Cultist and Chosen","floor":27,"turns":8},{"damage":14,"enemies":"Gremlin Leader","floor":28,"turns":6},{"damage":39,"enemies":"Book of Stabbing","floor":30,"turns":6},{"damage":31,"enemies":"Snake Plant","floor":31,"turns":3}],"seed_played":"4789536956176886375","potions_obtained":[{"floor":4,"key":"Strength Potion"},{"floor":7,"key":"Regen Potion"},{"floor":12,"key":"FearPotion"},{"floor":14,"key":"SpeedPotion"},{"floor":18,"key":"Ancient Potion"},{"floor":27,"key":"SpeedPotion"}],"is_trial":false,"path_per_floor":["M","M","M","M","?","E","M","R","T","T","E","M","R","E","R","B",null,"M","$","?","M","?","R","M","R","T","M","E","R","E"],"character_chosen":"IRONCLAD","items_purchased":["Medical Kit"],"campfire_rested":1,"item_purchase_floors":[19],"current_hp_per_floor":[80,80,80,75,75,66,57,57,64,64,47,51,51,41,41,28,87,82,82,82,64,87,87,41,41,41,17,9,50,27,0],"gold":247,"neow_bonus":"THREE_ENEMY_KILL","is_prod":false,"is_daily":false,"chose_seed":false,"campfire_upgraded":5,"win_rate":0,"timestamp":1534881251,"path_taken":["M","M","?","?","?","E","M","R","T","?","E","M","R","E","R","BOSS","M","$","?","?","?","R","M","R","T","?","E","R","E","M"],"build_version":"2018-08-16","purchased_purges":1,"victory":false,"max_hp_per_floor":[80,80,80,80,80,80,80,80,87,87,87,87,87,87,87,87,87,87,87,87,87,87,87,87,87,87,87,87,87,97,97],"card_choices":[{"not_picked":["Havoc","Evolve"],"picked":"Flex","floor":1},{"not_picked":["Iron Wave","Clash","Body Slam"],"picked":"SKIP","floor":2},{"not_picked":["Warcry","Reckless Charge"],"picked":"Shrug It Off","floor":3},{"not_picked":["Pommel Strike","Bloodletting"],"picked":"Rampage","floor":4},{"not_picked":["Barricade","Clothesline","Heavy Blade"],"picked":"SKIP","floor":6},{"not_picked":["Shrug It Off","Armaments","Infernal Blade"],"picked":"SKIP","floor":7},{"not_picked":["Metallicize","Iron Wave","Rupture"],"picked":"SKIP","floor":11},{"not_picked":["Clothesline","Havoc"],"picked":"Spot Weakness","floor":12},{"not_picked":["Anger","Sever Soul"],"picked":"Headbutt","floor":14},{"not_picked":["Dark Embrace","Fiend Fire"],"picked":"Impervious","floor":16},{"not_picked":["Twin Strike+1","Havoc","Metallicize"],"picked":"SKIP","floor":18},{"not_picked":["Blood for Blood","Heavy Blade","Clash"],"picked":"SKIP","floor":21},{"not_picked":["Warcry","Clothesline+1"],"picked":"Flame Barrier","floor":24},{"not_picked":["Anger","Armaments"],"picked":"Cleave","floor":27},{"not_picked":["Exhume","Barricade","Flex"],"picked":"SKIP","floor":28},{"not_picked":["Warcry","Thunderclap"],"picked":"Ghostly Armor","floor":30}],"player_experience":637501,"relics_obtained":[{"floor":6,"key":"Regal Pillow"},{"floor":9,"key":"Strawberry"},{"floor":10,"key":"Shuriken"},{"floor":11,"key":"Centennial Puzzle"},{"floor":14,"key":"Pantograph"},{"floor":26,"key":"MawBank"},{"floor":28,"key":"Kunai"},{"floor":28,"key":"Frozen Egg 2"},{"floor":30,"key":"Pear"},{"floor":30,"key":"Letter Opener"}],"event_choices":[{"event_name":"Upgrade Shrine","player_choice":"Upgraded","floor":5,"damage_taken":0},{"event_name":"Beggar","player_choice":"Gave Gold","floor":20,"damage_taken":0},{"event_name":"The Library","player_choice":"Heal","floor":22,"damage_taken":0}],"is_beta":false,"boss_relics":[{"not_picked":["Calling Bell","Orrery"],"picked":"Black Star"}],"items_purged_floors":[19],"is_endless":false,"potions_floor_spawned":[4,7,12,14,18,27],"killed_by":"Snake Plant","ascension_level":0}