{"gold_per_floor":[115,132,132,132,11,11,11,44,70,114,134,134,134,147,147,277,277,301,400,400,79,79,79,93,112,112,112,62,78,122,122,122,122],"floor_reached":33,"playtime":793,"items_purged":["Strike_R","Strike_R","Strike_R"],"score":271,"play_id":"11c48d8b-dead-4e02-8997-0178aa1d4329","local_time":"20180823225009","is_ascension_mode":false,"campfire_choices":[{"floor":6,"key":"REST"},{"data":"Rampage","floor":12,"key":"SMITH"},{"data":"Inflame","floor":15,"key":"SMITH"},{"data":"Whirlwind","floor":23,"key":"SMITH"},{"data":"Flex","floor":27,"key":"SMITH"},{"data":"Shockwave","floor":32,"key":"SMITH"}],"neow_cost":"NONE","seed_source_timestamp":622657612761661,"circlet_count":0,"master_deck":["Strike_R+1","Strike_R+1","Defend_R","Defend_R","Defend_R","Defend_R","Bash+1","Headbutt","Flex+1","Inflame+1","Rampage+1","Pommel Strike","Immolate","Shrug It Off","Whirlwind+1","Shrug It Off","Shockwave+1"],"relics":["Burning Blood","Golden Idol","Smiling Mask","Pen Nib","Boot","Ginger","Eternal Feather","Chemical X","Regal Pillow","Bag of Marbles","Singing Bowl"],"potions_floor_usage":[10,16,30,33],"damage_taken":[{"damage":2,"enemies":"2 Louse","floor":1,"turns":3},{"damage":3,"enemies":"Jaw Worm","floor":2,"turns":4},{"damage":29,"enemies":"3 Sentries","floor":8,"turns":10},{"damage":8,"enemies":"Gremlin Nob","floor":10,"turns":3},{"damage":0,"enemies":"Cultist","floor":11,"turns":2},{"damage":7,"enemies":"Blue Slaver","floor":14,"turns":2},{"damage":46,"enemies":"The Guardian","floor":16,"turns":8},{"damage":5,"enemies":"Chosen","floor":18,"turns":4},{"damage":22,"enemies":"2 Thieves","floor":24,"turns":3},{"damage":4,"enemies":"3 Cultists","floor":25,"turns":4},{"damage":16,"enemies":"Snake Plant","floor":29,"turns":3},{"damage":22,"enemies":"Gremlin Leader","floor":30,"turns":4},{"damage":60,"enemies":"Collector","floor":33,"turns":5}],"seed_played":"-9178381971841384798","potions_obtained":[{"floor":8,"key":"AttackPotion"},{"floor":14,"key":"Dexterity Potion"},{"floor":18,"key":"Fire Potion"},{"floor":30,"key":"SkillPotion"}],"is_trial":false,"path_per_floor":["M","M","?","?","$","R","?","E","T","E","M","R","T","M","R","B",null,"M","?","?","$","?","R","M","M","T","R","$","M","E","T","R"],"character_chosen":"IRONCLAD","items_purchased":["Flex","Whirlwind","Chemical X"],"campfire_rested":1,"item_purchase_floors":[5,21,21],"current_hp_per_floor":[80,80,60,44,44,68,68,45,45,43,49,49,49,48,48,8,80,80,80,80,80,80,80,64,66,66,75,75,65,49,49,58,0],"gold":122,"neow_bonus":"UPGRADE_CARD","is_prod":false,"is_daily":false,"chose_seed":false,"campfire_upgraded":5,"win_rate":0,"timestamp":1535061009,"path_taken":["M","M","?","?","$","R","?","E","T","E","?","R","?","?","R","BOSS","M","?","?","$","?","R","M","M","T","R","$","?","E","?","R","BOSS"],"build_version":"2018-08-16","purchased_purges":3,"victory":false,"max_hp_per_floor":[80,80,80,80,80,80,80,80,80,80,80,80,80,80,80,80,80,80,80,80,80,80,80,80,80,80,80,80,80,80,80,80,80],"card_choices":[{"not_picked":["Pommel Strike","Bloodletting"],"picked":"Headbutt","floor":1},{"not_picked":["Sword Boomerang","Bloodletting","Blood for Blood"],"picked":"SKIP","floor":2},{"not_picked":["Clothesline","Intimidate"],"picked":"Inflame","floor":8},{"not_picked":["Burning Pact","Rupture"],"picked":"Rampage","floor":10},{"not_picked":["Infernal Blade","Intimidate"],"picked":"Pommel Strike","floor":11},{"not_picked":["Clothesline","Sword Boomerang","Anger"],"picked":"SKIP","floor":14},{"not_picked":["Brutality","Fiend Fire"],"picked":"Immolate","floor":16},{"not_picked":["Flex","Corruption+1"],"picked":"Shrug It Off","floor":18},{"not_picked":["Combust","Metallicize"],"picked":"Shrug It Off","floor":24},{"not_picked":["Fire Breathing","Body Slam","Shrug It Off"],"picked":"SKIP","floor":25},{"not_picked":["Flex","Warcry+1","Sword Boomerang+1"],"picked":"SKIP","floor":29},{"not_picked":["Twin Strike","Body Slam+1"],"picked":"Shockwave","floor":30}],"player_experience":638904,"relics_obtained":[{"floor":8,"key":"Smiling Mask"},{"floor":9,"key":"Pen Nib"},{"floor":10,"key":"Boot"},{"floor":13,"key":"Ginger"},{"floor":26,"key":"Regal Pillow"},{"floor":30,"key":"Bag of Marbles"},{"floor":31,"key":"Singing Bowl"}],"event_choices":[{"event_name":"Golden Idol","player_choice":"Take Damage","floor":3,"damage_taken":0},{"event_name":"Shining Light","player_choice":"Entered Light","floor":4,"damage_taken":0},{"event_name":"Liars Game","player_choice":"disagreed","floor":7,"damage_taken":0},{"event_name":"Nest","player_choice":"Stole From Cult","floor":19,"damage_taken":0},{"event_name":"Vampires","player_choice":"Ignored","floor":20,"damage_taken":0},{"event_name":"Drug Dealer","player_choice":"Ignored","floor":22,"damage_taken":0}],"is_beta":false,"boss_relics":[{"not_picked":["Astrolabe","Runic Dome"],"picked":"Eternal Feather"}],"items_purged_floors":[5,21,28],"is_endless":false,"potions_floor_spawned":[8,14,18,30],"killed_by":"Collector","ascension_level":0}