{"gold_per_floor":[119,135,150,164,164,164,190,190,214,239,239,239,219,14,14,88,88,99,99,19,33,33,68,68,80,80,80],"floor_reached":27,"playtime":1970,"items_purged":[],"score":442,"play_id":"9ebe4992-c247-49b9-84b7-8d4766f3b796","local_time":"20190105162244","is_ascension_mode":true,"campfire_choices":[{"data":"Whirlwind","floor":6,"key":"SMITH"},{"data":"Immolate","floor":15,"key":"SMITH"},{"floor":24,"key":"REST"}],"neow_cost":"NONE","seed_source_timestamp":537901206674540,"circlet_count":0,"master_deck":["AscendersBane","Strike_R","Strike_R+1","Strike_R+1","Strike_R","Strike_R","Defend_R","Defend_R","Defend_R","Defend_R+1","Bash+1","Pommel Strike+1","Flame Barrier+1","Whirlwind+1","Brutality","Immolate+1","Disarm","Reaper","Ghostly Armor","True Grit+1"],"relics":["Burning Blood","War Paint","Whetstone","Ancient Tea Set","Juzu Bracelet","Fusion Hammer","Frozen Egg 2","Singing Bowl"],"potions_floor_usage":[7,10,18,18,19,23,23,27],"damage_taken":[{"damage":4,"enemies":"Jaw Worm","floor":1,"turns":4},{"damage":4,"enemies":"Small Slimes","floor":2,"turns":3},{"damage":0,"enemies":"Cultist","floor":3,"turns":3},{"damage":25,"enemies":"Exordium Thugs","floor":4,"turns":6},{"damage":16,"enemies":"Gremlin Nob","floor":7,"turns":3},{"damage":20,"enemies":"Lagavulin","floor":10,"turns":5},{"damage":5,"enemies":"Slime Boss","floor":16,"turns":6},{"damage":7,"enemies":"Spheric Guardian","floor":18,"turns":4},{"damage":12,"enemies":"Chosen","floor":21,"turns":4},{"damage":27,"enemies":"Book of Stabbing","floor":23,"turns":5},{"damage":52,"enemies":"Sentry and Sphere","floor":25,"turns":7},{"damage":44,"enemies":"Slavers","floor":27,"turns":3}],"seed_played":"1700084605665956067","potions_obtained":[{"floor":2,"key":"Swift Potion"},{"floor":4,"key":"SteroidPotion"},{"floor":7,"key":"SteroidPotion"},{"floor":13,"key":"SkillPotion"},{"floor":19,"key":"Fruit Juice"},{"floor":19,"key":"AttackPotion"},{"floor":25,"key":"Swift Potion"}],"is_trial":false,"path_per_floor":["M","M","M","M","?","R","E","?","T","E","?","?","?","$","R","B",null,"M","?","$","M","?","E","R","M","T","E"],"character_chosen":"IRONCLAD","items_purchased":["Immolate","Disarm","Regen Potion"],"campfire_rested":1,"item_purchase_floors":[14,14,20],"current_hp_per_floor":[70,72,75,56,56,56,46,46,46,32,32,32,32,32,32,33,65,64,69,69,63,63,56,80,34,34,0],"gold":80,"neow_bonus":"UPGRADE_CARD","is_prod":false,"is_daily":false,"chose_seed":false,"campfire_upgraded":2,"win_rate":0,"timestamp":1546705364,"path_taken":["M","M","M","M","?","R","E","?","T","E","?","?","?","?","R","BOSS","M","?","?","M","?","E","R","M","T","E"],"build_version":"2019-01-03v4","purchased_purges":0,"victory":false,"max_hp_per_floor":[75,75,75,75,75,75,75,75,75,75,75,75,75,75,75,75,75,75,80,80,80,80,80,80,80,80,80],"card_choices":[{"not_picked":["Thunderclap","Reckless Charge"],"picked":"Pommel Strike","floor":1},{"not_picked":["Hemokinesis","Headbutt"],"picked":"Flame Barrier","floor":2},{"not_picked":["Heavy Blade","Perfected Strike","Warcry"],"picked":"SKIP","floor":3},{"not_picked":["Twin Strike","Dropkick"],"picked":"Whirlwind","floor":4},{"not_picked":["Wild Strike","Havoc"],"picked":"Armaments","floor":7},{"not_picked":["Heavy Blade","Thunderclap"],"picked":"Brutality","floor":10},{"not_picked":["Immolate","Juggernaut"],"picked":"Reaper","floor":16},{"not_picked":["Bloodletting","Burning Pact","Sentinel"],"picked":"SKIP","floor":18},{"not_picked":["Clash","Entrench"],"picked":"Ghostly Armor","floor":21},{"not_picked":["Dark Embrace","Rage","Pommel Strike"],"picked":"SKIP","floor":23},{"not_picked":["Headbutt+1","Shrug It Off"],"picked":"True Grit+1","floor":25}],"player_experience":700861,"relics_obtained":[{"floor":7,"key":"War Paint"},{"floor":9,"key":"Whetstone"},{"floor":10,"key":"Ancient Tea Set"},{"floor":23,"key":"Frozen Egg 2"},{"floor":26,"key":"Singing Bowl"}],"event_choices":[{"damage_healed":0,"gold_gain":0,"player_choice":"Fled","damage_taken":0,"max_hp_gain":0,"max_hp_loss":0,"event_name":"Scrap Ooze","floor":5,"gold_loss":0},{"damage_healed":0,"gold_gain":0,"player_choice":"Grow","damage_taken":0,"max_hp_gain":0,"max_hp_loss":0,"event_name":"Living Wall","floor":8,"gold_loss":0,"cards_upgraded":["Pommel Strike"]},{"damage_healed":0,"gold_gain":0,"player_choice":"Ignored","damage_taken":0,"max_hp_gain":0,"max_hp_loss":0,"event_name":"Shining Light","floor":11,"gold_loss":0},{"cards_removed":["Armaments"],"damage_healed":0,"gold_gain":0,"player_choice":"Gave Card","damage_taken":0,"relics_obtained":["Juzu Bracelet"],"max_hp_gain":0,"max_hp_loss":0,"event_name":"WeMeetAgain","floor":12,"gold_loss":0},{"damage_healed":0,"gold_gain":0,"player_choice":"Bought 1 Potion","damage_taken":0,"max_hp_gain":0,"max_hp_loss":0,"event_name":"The Woman in Blue","floor":13,"gold_loss":0},{"damage_healed":0,"gold_gain":0,"player_choice":"Got Potions","damage_taken":0,"max_hp_gain":0,"max_hp_loss":0,"event_name":"Lab","floor":19,"gold_loss":0},{"damage_healed":0,"gold_gain":0,"player_choice":"Leave","damage_taken":0,"max_hp_gain":0,"max_hp_loss":0,"event_name":"FaceTrader","floor":22,"gold_loss":0}],"is_beta":false,"boss_relics":[{"not_picked":["Sozu","Tiny House"],"picked":"Fusion Hammer"}],"items_purged_floors":[],"is_endless":false,"potions_floor_spawned":[2,4,7,16,25],"killed_by":"Slavers","ascension_level":17}