{"gold_per_floor":[115,14,34,34,34,44,44,78,78,78,89,89,104,134,134,134],"floor_reached":16,"playtime":1168,"items_purged":[],"score":193,"play_id":"ce296542-1a50-4a2d-946e-6d4f8f15c5a9","local_time":"20190104104259","is_ascension_mode":true,"campfire_choices":[{"data":"True Grit","floor":7,"key":"SMITH"},{"data":"Shrug It Off","floor":10,"key":"SMITH"},{"data":"Spot Weakness","floor":12,"key":"SMITH"},{"data":"Ghostly Armor","floor":15,"key":"SMITH"}],"neow_cost":"NONE","seed_source_timestamp":431920703574409,"circlet_count":0,"master_deck":["AscendersBane","Strike_R","Strike_R","Strike_R","Strike_R","Strike_R","Defend_R","Defend_R","Defend_R","Defend_R","Bash+1","True Grit+1","Shrug It Off+1","Spot Weakness+1","Ghostly Armor+1"],"relics":["Burning Blood","Letter Opener","Anchor","Shuriken"],"potions_floor_usage":[16,16],"damage_taken":[{"damage":12,"enemies":"Jaw Worm","floor":1,"turns":4},{"damage":6,"enemies":"2 Louse","floor":3,"turns":3},{"damage":0,"enemies":"Cultist","floor":6,"turns":3},{"damage":18,"enemies":"3 Sentries","floor":8,"turns":9},{"damage":4,"enemies":"2 Fungi Beasts","floor":11,"turns":4},{"damage":3,"enemies":"Large Slime","floor":13,"turns":7},{"damage":20,"enemies":"Lagavulin","floor":14,"turns":9},{"damage":49,"enemies":"Hexaghost","floor":16,"turns":9}],"seed_played":"-7783332058209355450","potions_obtained":[{"floor":1,"key":"SpeedPotion"}],"is_trial":false,"path_per_floor":["M","$","M","?","$","M","R","E","T","R","M","R","M","E","R","B"],"character_chosen":"IRONCLAD","items_purchased":["Shrug It Off","Strength Potion"],"campfire_rested":0,"item_purchase_floors":[2,2],"current_hp_per_floor":[62,62,62,62,62,68,68,56,56,56,58,58,61,47,47,0],"gold":134,"neow_bonus":"UPGRADE_CARD","is_prod":false,"is_daily":false,"chose_seed":false,"campfire_upgraded":4,"win_rate":0,"timestamp":1546598579,"path_taken":["M","$","M","?","$","M","R","E","T","R","M","R","M","E","R","BOSS"],"build_version":"2019-01-03v3","purchased_purges":0,"victory":false,"max_hp_per_floor":[75,75,75,75,75,75,75,75,75,75,75,75,75,75,75,75],"card_choices":[{"not_picked":["Ghostly Armor","Spot Weakness"],"picked":"True Grit","floor":1},{"not_picked":["Havoc","Flex"],"picked":"Spot Weakness","floor":3},{"not_picked":["Clash","True Grit","Dropkick"],"picked":"SKIP","floor":6},{"not_picked":["Pommel Strike","Perfected Strike","Anger"],"picked":"SKIP","floor":8},{"not_picked":["Exhume","Havoc","Anger"],"picked":"SKIP","floor":11},{"not_picked":["Fire Breathing","Carnage","Sentinel"],"picked":"SKIP","floor":13},{"not_picked":["Warcry","Rupture"],"picked":"Ghostly Armor","floor":14}],"player_experience":656490,"relics_obtained":[{"floor":8,"key":"Letter Opener"},{"floor":9,"key":"Anchor"},{"floor":14,"key":"Shuriken"}],"event_choices":[{"damage_healed":0,"gold_gain":0,"player_choice":"Ignored","damage_taken":0,"max_hp_gain":0,"max_hp_loss":0,"event_name":"Liars Game","floor":4,"gold_loss":0}],"is_beta":false,"boss_relics":[],"items_purged_floors":[],"is_endless":false,"potions_floor_spawned":[1,3,11],"killed_by":"Hexaghost","ascension_level":15}