{"gold_per_floor":[119,13,31,47,47,77,77,109,109,109,34,45,45,74,74,148,148,160,160,60,80,80,80,110,56,56,56,69,99,23,23,23,98,98,110,123,143,143,143,143,168,168,168,168,36,91,118,137,137,137],"floor_reached":51,"playtime":3649,"items_purged":["Strike_R","Strike_R"],"score":1468,"play_id":"64706a42-2634-4eac-a1c3-789bd4280cae","local_time":"20190104164118","is_ascension_mode":true,"campfire_choices":[{"data":"Clothesline","floor":7,"key":"SMITH"},{"data":"Power Through","floor":10,"key":"SMITH"},{"data":"Headbutt","floor":15,"key":"SMITH"},{"data":"Flame Barrier","floor":23,"key":"SMITH"},{"data":"True Grit","floor":27,"key":"SMITH"},{"data":"Spot Weakness","floor":32,"key":"SMITH"},{"data":"Limit Break","floor":40,"key":"SMITH"},{"floor":44,"key":"REST"},{"floor":49,"key":"REST"}],"neow_cost":"NONE","seed_source_timestamp":450925909627811,"circlet_count":0,"master_deck":["AscendersBane","Strike_R+1","Strike_R+1","Defend_R+1","Defend_R+1","Defend_R+1","Defend_R+1","Bash+1","Pommel Strike","Clothesline+1","Headbutt+1","Cleave+1","Power Through+1","Metallicize","Feed","Spot Weakness+1","Flame Barrier+1","True Grit+1","Juggernaut","Evolve","Limit Break+1","Flex","Thinking Ahead","Infernal Blade+1","Writhe","Shrug It Off+1","Body Slam"],"relics":["Burning Blood","Lantern","Self Forming Clay","Singing Bowl","Orichalcum","Mark of Pain","Enchiridion","Bottled Lightning","Centennial Puzzle","Pantograph","Cursed Key","Pen Nib","Champion Belt","Ice Cream","Mango"],"potions_floor_usage":[8,16,24,29,29,37,41,46,50],"damage_taken":[{"damage":4,"enemies":"2 Louse","floor":1,"turns":4},{"damage":4,"enemies":"Cultist","floor":3,"turns":3},{"damage":4,"enemies":"Jaw Worm","floor":4,"turns":3},{"damage":15,"enemies":"Gremlin Nob","floor":6,"turns":4},{"damage":20,"enemies":"Lagavulin","floor":8,"turns":6},{"damage":3,"enemies":"Exordium Wildlife","floor":12,"turns":2},{"damage":25,"enemies":"Gremlin Nob","floor":14,"turns":4},{"damage":16,"enemies":"The Guardian","floor":16,"turns":9},{"damage":11,"enemies":"Spheric Guardian","floor":18,"turns":5},{"damage":6,"enemies":"2 Thieves","floor":21,"turns":3},{"damage":24,"enemies":"Slavers","floor":24,"turns":6},{"damage":2,"enemies":"Snake Plant","floor":28,"turns":4},{"damage":4,"enemies":"Book of Stabbing","floor":29,"turns":5},{"damage":11,"enemies":"Champ","floor":33,"turns":12},{"damage":17,"enemies":"3 Shapes","floor":35,"turns":3},{"damage":4,"enemies":"Orb Walker","floor":36,"turns":3},{"damage":0,"enemies":"Spire Growth","floor":37,"turns":4},{"damage":64,"enemies":"Giant Head","floor":41,"turns":10},{"damage":24,"enemies":"2 Orb Walkers","floor":46,"turns":4},{"damage":35,"enemies":"Reptomancer","floor":47,"turns":5},{"damage":1,"enemies":"Sphere and 2 Shapes","floor":48,"turns":4},{"damage":26,"enemies":"Donu and Deca","floor":50,"turns":5}],"seed_played":"2927479178906839916","potions_obtained":[{"floor":3,"key":"FearPotion"},{"floor":14,"key":"PowerPotion"},{"floor":16,"key":"Weak Potion"},{"floor":28,"key":"Poison Potion"},{"floor":33,"key":"SteroidPotion"},{"floor":35,"key":"GamblersBrew"},{"floor":36,"key":"Fruit Juice"}],"is_trial":false,"path_per_floor":["M","$","M","M","?","E","R","E","T","R","$","M","?","E","R","B",null,"M","?","$","M","?","R","E","$","T","R","M","E","$","?","R","B",null,"M","M","M","$","?","R","E","?","T","R","$","?","E","M","R","B",null],"character_chosen":"IRONCLAD","items_purchased":["Clothesline","SkillPotion","True Grit","Evolve","Regen Potion","PowerPotion"],"campfire_rested":2,"item_purchase_floors":[2,2,25,30,45,45],"current_hp_per_floor":[77,77,79,81,81,72,72,58,58,58,58,63,63,46,46,36,74,69,69,69,74,53,53,40,40,40,40,49,54,54,54,54,74,97,89,93,106,106,106,106,48,48,48,82,82,76,66,74,115,121],"gold":137,"neow_bonus":"TEN_PERCENT_HP_BONUS","is_prod":false,"is_daily":false,"chose_seed":false,"campfire_upgraded":7,"win_rate":0,"timestamp":1546620078,"path_taken":["M","$","M","M","?","E","R","E","T","R","?","M","?","E","R","BOSS","M","?","$","M","?","R","E","$","T","R","M","E","$","?","R","BOSS","M","M","M","$","?","R","E","?","T","R","$","?","E","M","R","BOSS"],"build_version":"2019-01-03v3","purchased_purges":2,"victory":true,"max_hp_per_floor":[82,82,82,82,82,82,82,82,82,82,82,84,84,86,86,86,86,86,86,86,91,91,91,96,96,96,96,101,104,104,104,104,104,104,107,109,116,116,116,116,116,116,116,116,116,116,135,138,138,141],"card_choices":[{"not_picked":["Burning Pact","Fire Breathing"],"picked":"Pommel Strike","floor":1},{"not_picked":["Havoc","Sever Soul"],"picked":"Headbutt","floor":3},{"not_picked":["Pommel Strike","Wild Strike"],"picked":"Cleave","floor":4},{"not_picked":["Twin Strike","Headbutt"],"picked":"Power Through","floor":6},{"not_picked":["Carnage","Dual Wield"],"picked":"Metallicize","floor":8},{"not_picked":["Blood for Blood","Headbutt","Carnage"],"picked":"Singing Bowl","floor":12},{"not_picked":["Anger","Havoc","Infernal Blade"],"picked":"Singing Bowl","floor":14},{"not_picked":["Dark Embrace","Offering"],"picked":"Feed","floor":16},{"not_picked":["Twin Strike","Power Through"],"picked":"Spot Weakness","floor":18},{"not_picked":["Power Through","Dropkick","Bloodletting"],"picked":"Singing Bowl","floor":21},{"not_picked":["Thunderclap+1","Headbutt","Sever Soul"],"picked":"SKIP","floor":24},{"not_picked":["Thunderclap+1","Headbutt","Sever Soul"],"picked":"Singing Bowl","floor":24},{"not_picked":["Armaments","Anger","Body Slam"],"picked":"Singing Bowl","floor":28},{"not_picked":["Perfected Strike","Searing Blow"],"picked":"Juggernaut","floor":29},{"not_picked":["Impervious","Dark Embrace"],"picked":"Limit Break","floor":33},{"not_picked":["Perfected Strike","Clash"],"picked":"Flex","floor":35},{"not_picked":["Uppercut","Feed","Clash"],"picked":"Singing Bowl","floor":36},{"not_picked":["Thunderclap","Seeing Red","Sever Soul+1"],"picked":"Singing Bowl","floor":37},{"not_picked":["Deep Breath","Forethought"],"picked":"Thinking Ahead","floor":39},{"not_picked":["Impervious","Disarm"],"picked":"Infernal Blade+1","floor":41},{"not_picked":["Cleave+1","Clothesline"],"picked":"Shrug It Off+1","floor":46},{"not_picked":["Bloodletting","Blood for Blood","Power Through"],"picked":"Singing Bowl","floor":47},{"not_picked":["Dropkick","Anger"],"picked":"Body Slam","floor":48}],"player_experience":666918,"relics_obtained":[{"floor":6,"key":"Lantern"},{"floor":8,"key":"Self Forming Clay"},{"floor":9,"key":"Singing Bowl"},{"floor":14,"key":"Orichalcum"},{"floor":22,"key":"Enchiridion"},{"floor":24,"key":"Bottled Lightning"},{"floor":26,"key":"Centennial Puzzle"},{"floor":29,"key":"Pantograph"},{"floor":41,"key":"Pen Nib"},{"floor":43,"key":"Champion Belt"},{"floor":46,"key":"Ice Cream"},{"floor":47,"key":"Mango"}],"event_choices":[{"damage_healed":0,"gold_gain":0,"player_choice":"Forge","damage_taken":0,"max_hp_gain":0,"max_hp_loss":0,"event_name":"Accursed Blacksmith","floor":5,"gold_loss":0,"cards_upgraded":["Bash"]},{"damage_healed":0,"gold_gain":0,"player_choice":"Grow","damage_taken":0,"max_hp_gain":0,"max_hp_loss":0,"event_name":"Living Wall","floor":13,"gold_loss":0,"cards_upgraded":["Cleave"]},{"damage_healed":0,"gold_gain":0,"player_choice":"Read","damage_taken":0,"max_hp_gain":0,"max_hp_loss":0,"event_name":"The Library","floor":19,"gold_loss":0,"cards_obtained":["Flame Barrier"]},{"damage_healed":0,"gold_gain":0,"player_choice":"Obtained Book","damage_taken":21,"max_hp_gain":0,"max_hp_loss":0,"event_name":"Cursed Tome","floor":22,"gold_loss":0},{"damage_healed":0,"gold_gain":0,"player_choice":"Simplicity","damage_taken":0,"max_hp_gain":0,"max_hp_loss":0,"event_name":"Back to Basics","floor":31,"gold_loss":0,"cards_upgraded":["Strike_R","Strike_R","Strike_R","Defend_R","Defend_R","Defend_R","Defend_R"]},{"damage_healed":0,"gold_gain":0,"player_choice":"Memory 1","damage_taken":0,"max_hp_gain":0,"max_hp_loss":0,"event_name":"SensoryStone","floor":39,"gold_loss":0},{"cards_removed":["Strike_R"],"damage_healed":0,"gold_gain":0,"player_choice":"Removed Attack","damage_taken":0,"max_hp_gain":0,"max_hp_loss":0,"event_name":"Falling","floor":42,"gold_loss":0},{"damage_healed":0,"gold_gain":0,"player_choice":"Fight","damage_taken":0,"max_hp_gain":0,"max_hp_loss":0,"event_name":"Mysterious Sphere","floor":46,"gold_loss":0}],"is_beta":false,"boss_relics":[{"not_picked":["Ectoplasm","White Beast Statue"],"picked":"Mark of Pain"},{"not_picked":["Orrery","Runic Pyramid"],"picked":"Cursed Key"}],"items_purged_floors":[11,20],"is_endless":false,"potions_floor_spawned":[3,14,16,18,28,33,35,36],"ascension_level":16}