{"gold_per_floor":[119,119,119,129,140,140,166,166,166,197,215,18,31,43,43,121,121,136,150,163,163],"floor_reached":21,"playtime":1743,"items_purged":["Strike_R"],"score":338,"play_id":"a1343988-5be3-432f-bb6e-07fb1d9a46b2","local_time":"20190104011213","is_ascension_mode":true,"campfire_choices":[{"data":"Whirlwind","floor":6,"key":"SMITH"},{"data":"Armaments","floor":8,"key":"SMITH"},{"data":"True Grit","floor":15,"key":"SMITH"}],"neow_cost":"NONE","seed_source_timestamp":397098889310470,"circlet_count":0,"master_deck":["AscendersBane","Strike_R","Strike_R","Strike_R","Strike_R","Defend_R","Defend_R","Defend_R","Defend_R","Bash","Twin Strike","Armaments+1","Whirlwind+1","Metallicize","Flex","Offering","Inflame","True Grit+1","Immolate","Battle Trance","True Grit"],"relics":["Burning Blood","Vajra","Strawberry","Kunai","Blood Vial","Sozu"],"potions_floor_usage":[7,11,16],"damage_taken":[{"damage":5,"enemies":"Small Slimes","floor":1,"turns":3},{"damage":6,"enemies":"2 Louse","floor":4,"turns":3},{"damage":6,"enemies":"Cultist","floor":5,"turns":3},{"damage":27,"enemies":"Lagavulin","floor":7,"turns":7},{"damage":14,"enemies":"3 Sentries","floor":10,"turns":4},{"damage":15,"enemies":"Gremlin Gang","floor":11,"turns":3},{"damage":10,"enemies":"Exordium Wildlife","floor":13,"turns":3},{"damage":6,"enemies":"Large Slime","floor":14,"turns":5},{"damage":25,"enemies":"Slime Boss","floor":16,"turns":10},{"damage":20,"enemies":"Shell Parasite","floor":18,"turns":4},{"damage":0,"enemies":"Chosen","floor":19,"turns":3},{"damage":23,"enemies":"Centurion and Healer","floor":20,"turns":3},{"damage":57,"enemies":"Snecko","floor":21,"turns":7}],"seed_played":"2602706722100189357","potions_obtained":[{"floor":4,"key":"Strength Potion"},{"floor":7,"key":"Swift Potion"},{"floor":11,"key":"Weak Potion"},{"floor":16,"key":"FearPotion"}],"is_trial":false,"path_per_floor":["M","?","?","M","M","R","E","R","T","E","M","$","M","M","R","B",null,"M","M","M","M"],"character_chosen":"IRONCLAD","items_purchased":["Inflame","FearPotion"],"campfire_rested":0,"item_purchase_floors":[12,12],"current_hp_per_floor":[69,69,69,69,69,69,55,55,55,47,40,40,38,40,40,23,67,55,63,48,0],"gold":163,"neow_bonus":"RANDOM_COMMON_RELIC","is_prod":false,"is_daily":false,"chose_seed":false,"campfire_upgraded":3,"win_rate":0,"timestamp":1546564333,"path_taken":["M","?","?","M","M","R","E","R","T","E","M","$","?","M","R","BOSS","M","M","?","M"],"build_version":"2018-12-20","purchased_purges":1,"victory":false,"max_hp_per_floor":[75,75,75,75,75,75,82,82,82,82,82,82,82,82,82,82,82,82,82,82,82],"card_choices":[{"not_picked":["Wild Strike","Warcry"],"picked":"Twin Strike","floor":1},{"not_picked":["Dropkick","Wild Strike"],"picked":"Armaments","floor":4},{"not_picked":["Hemokinesis","Inflame"],"picked":"Whirlwind","floor":5},{"not_picked":["Havoc","Twin Strike"],"picked":"Metallicize","floor":7},{"not_picked":["Clash","Pummel"],"picked":"Flex","floor":10},{"not_picked":["Battle Trance","Clash"],"picked":"Offering","floor":11},{"not_picked":["Flex","Iron Wave","Feel No Pain"],"picked":"SKIP","floor":13},{"not_picked":["Twin Strike","Body Slam"],"picked":"True Grit","floor":14},{"not_picked":["Offering","Dark Embrace"],"picked":"Immolate","floor":16},{"not_picked":["Twin Strike","Cleave"],"picked":"Battle Trance","floor":18},{"not_picked":["Dual Wield","Searing Blow","Combust"],"picked":"SKIP","floor":19},{"not_picked":["Body Slam","Iron Wave+1"],"picked":"True Grit","floor":20}],"player_experience":653161,"relics_obtained":[{"floor":7,"key":"Strawberry"},{"floor":9,"key":"Kunai"},{"floor":10,"key":"Blood Vial"}],"event_choices":[{"damage_healed":0,"gold_gain":0,"player_choice":"Ignored","damage_taken":0,"max_hp_gain":0,"max_hp_loss":0,"event_name":"Liars Game","floor":2,"gold_loss":0},{"damage_healed":0,"gold_gain":0,"player_choice":"Leave","damage_taken":0,"max_hp_gain":0,"max_hp_loss":0,"event_name":"FaceTrader","floor":3,"gold_loss":0}],"is_beta":false,"boss_relics":[{"not_picked":["Philosopher\u0027s Stone","Cursed Key"],"picked":"Sozu"}],"items_purged_floors":[12],"is_endless":false,"potions_floor_spawned":[4,7,11,13,16,18],"killed_by":"Snecko","ascension_level":15}