{"gold_per_floor":[109,109,121,151,163,205,217,255,320,332,357,42,75,90,90,167,167,179,179,193,193],"floor_reached":21,"playtime":2602,"items_purged":[],"score":411,"play_id":"3fd95fb0-e680-4a27-be72-272f369df0ac","local_time":"20190106001052","is_ascension_mode":true,"campfire_choices":[{"data":"Shockwave","floor":7,"key":"SMITH"},{"data":"True Grit","floor":15,"key":"SMITH"}],"neow_cost":"NONE","seed_source_timestamp":565356926967455,"circlet_count":0,"master_deck":["AscendersBane","Strike_R","Strike_R","Strike_R","Strike_R","Defend_R","Defend_R","Defend_R","Defend_R","Bash","Wild Strike+1","Inflame","Shockwave+1","True Grit+1","Evolve","Reaper","Brutality","Infernal Blade","RitualDagger","Disarm"],"relics":["Burning Blood","NeowsBlessing","MawBank","Anchor","Dream Catcher","Regal Pillow","Paper Frog","Art of War","Lizard Tail"],"potions_floor_usage":[8,16,18,20],"damage_taken":[{"damage":0,"enemies":"Jaw Worm","floor":1,"turns":1},{"damage":0,"enemies":"2 Louse","floor":4,"turns":2},{"damage":0,"enemies":"3 Sentries","floor":6,"turns":2},{"damage":8,"enemies":"Gremlin Nob","floor":8,"turns":3},{"damage":0,"enemies":"Cultist","floor":11,"turns":2},{"damage":18,"enemies":"Lagavulin","floor":13,"turns":7},{"damage":8,"enemies":"Large Slime","floor":14,"turns":4},{"damage":47,"enemies":"The Guardian","floor":16,"turns":8},{"damage":15,"enemies":"Shell Parasite","floor":18,"turns":5},{"damage":30,"enemies":"Chosen","floor":20,"turns":6},{"damage":79,"enemies":"Sentry and Sphere","floor":21,"turns":7}],"seed_played":"-8824038623940061096","potions_obtained":[{"floor":4,"key":"GamblersBrew"},{"floor":13,"key":"SteroidPotion"},{"floor":18,"key":"BloodPotion"}],"is_trial":false,"path_per_floor":["M","?","?","M","$","E","R","E","T","?","M","$","E","M","R","B",null,"M","?","M","M"],"character_chosen":"IRONCLAD","items_purchased":["Paper Frog","PowerPotion"],"campfire_rested":0,"item_purchase_floors":[12,12],"current_hp_per_floor":[74,56,56,62,62,68,68,66,66,59,65,65,53,51,51,24,62,53,47,35,0],"gold":193,"neow_bonus":"THREE_ENEMY_KILL","is_prod":false,"is_daily":false,"chose_seed":false,"campfire_upgraded":2,"win_rate":0,"timestamp":1546733452,"path_taken":["M","?","?","?","$","E","R","E","T","?","M","$","E","M","R","BOSS","M","?","M","M"],"build_version":"2019-01-03v4","purchased_purges":0,"victory":false,"max_hp_per_floor":[75,75,75,75,75,75,75,75,75,75,75,75,75,75,75,75,75,75,75,75,75],"card_choices":[{"not_picked":["Anger","Iron Wave"],"picked":"Wild Strike","floor":1},{"not_picked":["Body Slam","Flex"],"picked":"Inflame","floor":4},{"not_picked":["Heavy Blade","Perfected Strike"],"picked":"Shockwave","floor":6},{"not_picked":["Iron Wave","Anger"],"picked":"True Grit","floor":8},{"not_picked":["Inflame","Rupture"],"picked":"Evolve","floor":11},{"not_picked":["Sever Soul","Perfected Strike"],"picked":"Reaper","floor":13},{"not_picked":["Body Slam","Blood for Blood","True Grit"],"picked":"SKIP","floor":14},{"not_picked":["Juggernaut","Exhume"],"picked":"Brutality","floor":16},{"not_picked":["Clash+1","Havoc"],"picked":"Infernal Blade","floor":18},{"not_picked":["Uppercut","Pommel Strike+1"],"picked":"Disarm","floor":20}],"player_experience":703314,"relics_obtained":[{"floor":6,"key":"Anchor"},{"floor":8,"key":"Dream Catcher"},{"floor":9,"key":"Regal Pillow"},{"floor":13,"key":"Art of War"}],"event_choices":[{"damage_healed":0,"gold_gain":0,"player_choice":"Success","damage_taken":18,"relics_obtained":["MawBank"],"max_hp_gain":0,"max_hp_loss":0,"event_name":"Scrap Ooze","floor":2,"gold_loss":0},{"damage_healed":0,"gold_gain":0,"player_choice":"Upgraded","damage_taken":0,"max_hp_gain":0,"max_hp_loss":0,"event_name":"Upgrade Shrine","floor":3,"gold_loss":0,"cards_upgraded":["Wild Strike"]},{"cards_removed":["Strike_R"],"damage_healed":0,"gold_gain":0,"player_choice":"Card Removal","damage_taken":7,"max_hp_gain":0,"max_hp_loss":0,"event_name":"Golden Wing","floor":10,"gold_loss":0},{"damage_healed":0,"gold_gain":0,"player_choice":"Joined the Cult","damage_taken":6,"max_hp_gain":0,"max_hp_loss":0,"event_name":"Nest","floor":19,"gold_loss":0,"cards_obtained":["RitualDagger"]}],"is_beta":false,"boss_relics":[{"not_picked":["Pandora\u0027s Box","Calling Bell"],"picked":"Lizard Tail"}],"items_purged_floors":[],"is_endless":false,"potions_floor_spawned":[4,13,18],"killed_by":"Sentry and Sphere","ascension_level":17}