{"gold_per_floor":[110,128,144,144,0,31,47,47,47,81,81,27,0,10,10,87,87,100,15,15,26,26,26,41,66,92,92,123,123,156,173,173,252,252,265,1,1,101,44,44,77,77,128,128,182,182,14,14,14,14],"floor_reached":51,"playtime":3947,"items_purged":["Strike_R+1"],"score":1317,"play_id":"ee1d528c-b5a0-469b-922d-144002cf29a2","local_time":"20190106104826","is_ascension_mode":true,"campfire_choices":[{"data":"Rampage","floor":8,"key":"SMITH"},{"floor":15,"key":"REST"},{"floor":23,"key":"REST"},{"floor":27,"key":"REST"},{"floor":29,"key":"REST"},{"floor":32,"key":"REST"},{"floor":40,"key":"REST"},{"floor":42,"key":"REST"},{"floor":44,"key":"REST"},{"floor":46,"key":"REST"},{"floor":49,"key":"REST"}],"neow_cost":"NONE","seed_source_timestamp":602223053056845,"circlet_count":0,"master_deck":["AscendersBane","Strike_R+1","Strike_R+1","Strike_R+1","Strike_R+1","Defend_R+1","Defend_R+1","Defend_R+1","Defend_R+1","Bash","Rampage+1","Twin Strike","Inflame+1","True Grit+1","Ghostly Armor","Headbutt","Headbutt","Feed","Shrug It Off+1","Whirlwind","Shrug It Off","Inflame","Clothesline","Brutality","Rupture","Flash of Steel","Spot Weakness+1","Sword Boomerang+1","Metallicize"],"relics":["Burning Blood","Art of War","Bronze Scales","War Paint","Bottled Lightning","Fusion Hammer","Red Skull","Thread and Needle","Potion Belt","WingedGreaves","Pear","Mark of Pain","Gambling Chip","PreservedInsect","Blood Vial","FossilizedHelix"],"potions_floor_usage":[6,14,16,25,30,31,38,41,45,50,50,50,50],"damage_taken":[{"damage":3,"enemies":"Small Slimes","floor":1,"turns":4},{"damage":8,"enemies":"2 Louse","floor":2,"turns":2},{"damage":12,"enemies":"Jaw Worm","floor":3,"turns":3},{"damage":22,"enemies":"Lagavulin","floor":6,"turns":6},{"damage":1,"enemies":"2 Fungi Beasts","floor":7,"turns":3},{"damage":40,"enemies":"Gremlin Nob","floor":10,"turns":5},{"damage":10,"enemies":"Exordium Thugs","floor":14,"turns":3},{"damage":33,"enemies":"Slime Boss","floor":16,"turns":7},{"damage":3,"enemies":"3 Byrds","floor":18,"turns":2},{"damage":0,"enemies":"Chosen","floor":21,"turns":3},{"damage":16,"enemies":"Centurion and Healer","floor":24,"turns":4},{"damage":34,"enemies":"Gremlin Leader","floor":25,"turns":5},{"damage":43,"enemies":"Book of Stabbing","floor":28,"turns":5},{"damage":25,"enemies":"Slavers","floor":30,"turns":2},{"damage":20,"enemies":"Snecko","floor":31,"turns":6},{"damage":64,"enemies":"Collector","floor":33,"turns":11},{"damage":9,"enemies":"Orb Walker","floor":35,"turns":3},{"damage":21,"enemies":"Mind Bloom Boss Battle","floor":38,"turns":6},{"damage":93,"enemies":"Giant Head","floor":41,"turns":9},{"damage":42,"enemies":"2 Orb Walkers","floor":45,"turns":4},{"damage":92,"enemies":"Time Eater","floor":50,"turns":8}],"seed_played":"-1437178349011367854","potions_obtained":[{"floor":1,"key":"Energy Potion"},{"floor":2,"key":"PowerPotion"},{"floor":14,"key":"Strength Potion"},{"floor":16,"key":"Energy Potion"},{"floor":21,"key":"Swift Potion"},{"floor":24,"key":"PowerPotion"},{"floor":30,"key":"SkillPotion"},{"floor":31,"key":"Swift Potion"},{"floor":38,"key":"Explosive Potion"},{"floor":41,"key":"Swift Potion"}],"is_trial":false,"path_per_floor":["M","M","M","?","$","E","M","R","T","E","?","$","?","M","R","B",null,"M","?","?","M","$","R","M","E","T","R","E","R","E","M","R","B",null,"M","$","?","?","$","R","E","R","T","R","?","R","$","?","R","B",null],"character_chosen":"IRONCLAD","items_purchased":["Inflame","True Grit","Headbutt","Rupture","Strength Potion","Dexterity Potion","SkillPotion","BloodPotion","Metallicize"],"campfire_rested":10,"item_purchase_floors":[5,5,12,36,36,36,39,47,47],"current_hp_per_floor":[71,69,63,68,68,52,57,57,57,23,23,23,23,19,43,16,64,70,70,70,79,79,86,76,48,48,73,39,65,59,48,79,21,84,81,81,81,66,66,97,13,45,45,77,46,79,79,79,111,39],"gold":14,"neow_bonus":"RANDOM_COMMON_RELIC","is_prod":false,"is_daily":false,"chose_seed":false,"campfire_upgraded":1,"win_rate":0,"timestamp":1546771706,"path_taken":["M","M","M","?","$","E","M","R","T","E","?","$","?","M","R","BOSS","M","?","?","?","?","R","M","E","T","R","E","R","E","M","R","BOSS","M","$","?","?","$","R","E","R","T","R","?","R","$","?","R","BOSS"],"build_version":"2019-01-03v4","purchased_purges":1,"victory":true,"max_hp_per_floor":[75,75,75,80,80,80,80,80,80,80,80,80,80,80,80,80,80,83,83,83,86,86,86,86,86,86,86,89,89,102,105,105,105,105,105,105,105,105,105,105,108,108,108,108,111,111,111,111,111,114],"card_choices":[{"not_picked":["Fire Breathing","Sword Boomerang"],"picked":"Rampage","floor":1},{"not_picked":["Second Wind","Sentinel"],"picked":"Twin Strike","floor":2},{"not_picked":["True Grit","Rage"],"picked":"Cleave","floor":3},{"not_picked":["Perfected Strike","Intimidate","Bloodletting"],"picked":"SKIP","floor":6},{"not_picked":["Warcry","Perfected Strike"],"picked":"Ghostly Armor","floor":7},{"not_picked":["Sword Boomerang","Seeing Red","Cleave"],"picked":"SKIP","floor":10},{"not_picked":["Havoc","Thunderclap"],"picked":"Headbutt","floor":14},{"not_picked":["Immolate","Berserk"],"picked":"Feed","floor":16},{"not_picked":["Havoc","Headbutt"],"picked":"Shrug It Off+1","floor":18},{"not_picked":["Twin Strike","Fire Breathing"],"picked":"Whirlwind","floor":21},{"not_picked":["Armaments","Uppercut"],"picked":"Shrug It Off","floor":24},{"not_picked":["Sentinel+1","Dropkick"],"picked":"Inflame","floor":25},{"not_picked":["True Grit","Twin Strike","Perfected Strike"],"picked":"SKIP","floor":28},{"not_picked":["Sword Boomerang+1","Reckless Charge"],"picked":"Clothesline","floor":30},{"not_picked":["Rampage","Cleave","Whirlwind"],"picked":"SKIP","floor":31},{"not_picked":["Double Tap","Immolate"],"picked":"Brutality","floor":33},{"not_picked":["Flex","Heavy Blade","Headbutt+1"],"picked":"SKIP","floor":35},{"not_picked":["Discovery","Deep Breath"],"picked":"Flash of Steel","floor":37},{"not_picked":["Warcry","Body Slam"],"picked":"Spot Weakness+1","floor":38},{"not_picked":["Headbutt","Wild Strike+1"],"picked":"Sword Boomerang+1","floor":41}],"player_experience":711057,"relics_obtained":[{"floor":6,"key":"Bronze Scales"},{"floor":9,"key":"War Paint"},{"floor":10,"key":"Bottled Lightning"},{"floor":25,"key":"Thread and Needle"},{"floor":26,"key":"Potion Belt"},{"floor":28,"key":"WingedGreaves"},{"floor":30,"key":"Pear"},{"floor":38,"key":"Gambling Chip"},{"floor":41,"key":"PreservedInsect"},{"floor":43,"key":"Blood Vial"},{"floor":45,"key":"FossilizedHelix"}],"event_choices":[{"damage_healed":0,"gold_gain":0,"player_choice":"Donut","damage_taken":0,"max_hp_gain":5,"max_hp_loss":0,"event_name":"Big Fish","floor":4,"gold_loss":0},{"damage_healed":0,"gold_gain":0,"player_choice":"Grow","damage_taken":0,"max_hp_gain":0,"max_hp_loss":0,"event_name":"Living Wall","floor":11,"gold_loss":0,"cards_upgraded":["Inflame"]},{"damage_healed":0,"gold_gain":0,"player_choice":"Left Gold","damage_taken":0,"max_hp_gain":0,"max_hp_loss":0,"event_name":"World of Goop","floor":13,"gold_loss":27},{"damage_healed":0,"gold_gain":0,"player_choice":"Obtained Relic","damage_taken":0,"relics_obtained":["Red Skull"],"max_hp_gain":0,"max_hp_loss":0,"event_name":"Addict","floor":19,"gold_loss":85},{"damage_healed":0,"gold_gain":0,"player_choice":"Simplicity","damage_taken":0,"max_hp_gain":0,"max_hp_loss":0,"event_name":"Back to Basics","floor":20,"gold_loss":0,"cards_upgraded":["Strike_R","Strike_R","Strike_R","Strike_R","Strike_R","Defend_R","Defend_R","Defend_R"]},{"damage_healed":0,"gold_gain":0,"player_choice":"Memory 1","damage_taken":0,"max_hp_gain":0,"max_hp_loss":0,"event_name":"SensoryStone","floor":37,"gold_loss":0},{"damage_healed":0,"gold_gain":0,"player_choice":"Fight","damage_taken":0,"max_hp_gain":0,"max_hp_loss":0,"event_name":"MindBloom","floor":38,"gold_loss":0},{"damage_healed":0,"gold_gain":0,"player_choice":"Fight","damage_taken":0,"max_hp_gain":0,"max_hp_loss":0,"event_name":"Mysterious Sphere","floor":45,"gold_loss":0},{"cards_removed":["Cleave"],"damage_healed":0,"gold_gain":0,"player_choice":"Removed Attack","damage_taken":0,"max_hp_gain":0,"max_hp_loss":0,"event_name":"Falling","floor":48,"gold_loss":0}],"is_beta":false,"boss_relics":[{"not_picked":["Coffee Dripper","Philosopher\u0027s Stone"],"picked":"Fusion Hammer"},{"not_picked":["Astrolabe","Empty Cage"],"picked":"Mark of Pain"}],"items_purged_floors":[36],"is_endless":false,"potions_floor_spawned":[1,2,14,16,21,24,30,31,38,41],"ascension_level":17}