{"gold_per_floor":[115,126,126,1,19,19,54,54,54,4,16,51,65,81,81,155,155,172,188,188,204,204,204,239,239,239,256,281,298,5,33,33,106,106,117,17,17,0,20,47,47,77,77,77,90,41,68,85,85,85],"floor_reached":51,"playtime":3268,"items_purged":["Corruption","Strike_R"],"score":1478,"play_id":"48860735-1946-444d-9e4f-ce6a87026f20","local_time":"20190104114156","is_ascension_mode":true,"campfire_choices":[{"data":"Inflame","floor":6,"key":"SMITH"},{"data":"True Grit","floor":8,"key":"SMITH"},{"data":"Heavy Blade","floor":15,"key":"SMITH"},{"data":"Whirlwind","floor":23,"key":"SMITH"},{"floor":25,"key":"REST"},{"data":"Inflame","floor":32,"key":"SMITH"},{"data":"Shrug It Off","floor":41,"key":"SMITH"},{"floor":44,"key":"REST"},{"floor":49,"key":"REST"}],"neow_cost":"NONE","seed_source_timestamp":433344420109572,"circlet_count":0,"master_deck":["AscendersBane","Strike_R","Strike_R","Strike_R","Defend_R","Defend_R","Defend_R","Defend_R","Bash","Twin Strike","Armaments","Heavy Blade+1","Inflame+1","Shrug It Off+1","True Grit+1","Battle Trance","Shrug It Off+1","True Grit+1","Inflame+1","Limit Break+1","Pummel","Whirlwind+1","Offering+1","Flame Barrier+1","Flex+1","Ghostly Armor+1","Flame Barrier+1","True Grit+1","Shrug It Off+1","Metallicize+1"],"relics":["Burning Blood","Bronze Scales","Shuriken","Bottled Tornado","Toxic Egg 2","Velvet Choker","Anchor","Bottled Flame","Ancient Tea Set","Pen Nib","Mango","Runic Cube","Red Mask","Bag of Marbles","Darkstone Periapt","Bottled Lightning","Meat on the Bone"],"potions_floor_usage":[16,21,31,33,50,50],"damage_taken":[{"damage":9,"enemies":"2 Louse","floor":1,"turns":2},{"damage":1,"enemies":"Cultist","floor":2,"turns":4},{"damage":0,"enemies":"Jaw Worm","floor":5,"turns":4},{"damage":32,"enemies":"Gremlin Nob","floor":7,"turns":4},{"damage":4,"enemies":"2 Fungi Beasts","floor":11,"turns":3},{"damage":21,"enemies":"3 Sentries","floor":12,"turns":8},{"damage":0,"enemies":"Large Slime","floor":13,"turns":4},{"damage":3,"enemies":"Exordium Wildlife","floor":14,"turns":6},{"damage":11,"enemies":"Hexaghost","floor":16,"turns":9},{"damage":0,"enemies":"Shell Parasite","floor":18,"turns":5},{"damage":19,"enemies":"Spheric Guardian","floor":19,"turns":3},{"damage":0,"enemies":"Centurion and Healer","floor":21,"turns":4},{"damage":37,"enemies":"Book of Stabbing","floor":24,"turns":4},{"damage":5,"enemies":"3 Cultists","floor":27,"turns":4},{"damage":6,"enemies":"Gremlin Leader","floor":28,"turns":3},{"damage":6,"enemies":"Snake Plant","floor":29,"turns":3},{"damage":0,"enemies":"Slavers","floor":31,"turns":2},{"damage":19,"enemies":"Collector","floor":33,"turns":5},{"damage":6,"enemies":"3 Shapes","floor":35,"turns":4},{"damage":0,"enemies":"Orb Walker","floor":39,"turns":3},{"damage":35,"enemies":"Giant Head","floor":40,"turns":6},{"damage":14,"enemies":"Reptomancer","floor":42,"turns":4},{"damage":0,"enemies":"Jaw Worm Horde","floor":45,"turns":1},{"damage":28,"enemies":"Giant Head","floor":47,"turns":6},{"damage":6,"enemies":"4 Shapes","floor":48,"turns":7},{"damage":72,"enemies":"Time Eater","floor":50,"turns":10}],"seed_played":"-8237736216979568723","potions_obtained":[{"floor":7,"key":"Block Potion"},{"floor":19,"key":"Energy Potion"},{"floor":24,"key":"SteroidPotion"},{"floor":31,"key":"Weak Potion"},{"floor":33,"key":"PowerPotion"}],"is_trial":false,"path_per_floor":["M","M","?","$","M","R","E","R","T","$","M","E","M","M","R","B",null,"M","M","?","M","?","R","E","R","T","M","E","M","$","E","R","B",null,"M","$","?","?","M","E","R","E","T","R","M","$","E","M","R","B",null],"character_chosen":"IRONCLAD","items_purchased":["Inflame","Shrug It Off","Dexterity Potion","Ghostly Armor+1","Pen Nib","Shrug It Off+1"],"campfire_rested":3,"item_purchase_floors":[4,4,10,30,30,46],"current_hp_per_floor":[65,70,70,70,75,75,49,49,49,49,51,36,42,45,45,40,66,72,59,59,65,65,65,34,56,56,57,57,57,57,77,77,64,83,83,83,83,83,89,60,60,52,52,78,84,84,62,62,88,34],"gold":85,"neow_bonus":"RANDOM_COMMON_RELIC","is_prod":false,"is_daily":false,"chose_seed":false,"campfire_upgraded":6,"win_rate":0,"timestamp":1546602116,"path_taken":["M","M","?","$","M","R","E","R","T","?","M","E","?","M","R","BOSS","M","M","?","M","?","R","E","R","T","?","E","M","$","E","R","BOSS","M","$","?","?","M","E","R","E","T","R","M","$","E","?","R","BOSS"],"build_version":"2019-01-03v3","purchased_purges":2,"victory":true,"max_hp_per_floor":[75,75,75,75,75,75,75,75,75,75,75,75,75,75,75,75,75,75,75,75,75,75,75,75,75,75,75,75,75,75,89,89,89,89,89,89,89,89,89,89,89,89,89,89,89,89,89,89,89,89],"card_choices":[{"not_picked":["Wild Strike","Seeing Red"],"picked":"Twin Strike","floor":1},{"not_picked":["Twin Strike","Warcry"],"picked":"Armaments","floor":2},{"not_picked":["Clash","Sever Soul"],"picked":"Corruption","floor":5},{"not_picked":["Immolate","Rampage"],"picked":"True Grit","floor":7},{"not_picked":["Pommel Strike","Anger"],"picked":"Battle Trance","floor":11},{"not_picked":["Wild Strike","Impervious"],"picked":"Shrug It Off","floor":12},{"not_picked":["Body Slam","Anger"],"picked":"True Grit+1","floor":13},{"not_picked":["Warcry+1","Hemokinesis"],"picked":"Inflame","floor":14},{"not_picked":["Impervious+1","Immolate"],"picked":"Limit Break+1","floor":16},{"not_picked":["Sword Boomerang","Clash+1"],"picked":"Pummel","floor":18},{"not_picked":["Thunderclap","Anger"],"picked":"Whirlwind","floor":19},{"not_picked":["Wild Strike+1","Sword Boomerang"],"picked":"Offering+1","floor":21},{"not_picked":["Searing Blow","Intimidate+1","Headbutt"],"picked":"SKIP","floor":24},{"not_picked":["Combust","Clothesline","Iron Wave"],"picked":"SKIP","floor":27},{"not_picked":["Iron Wave","Pommel Strike"],"picked":"Flame Barrier+1","floor":28},{"not_picked":["Evolve","Sword Boomerang"],"picked":"Flex+1","floor":29},{"not_picked":["Corruption+1","Sever Soul","Wild Strike"],"picked":"SKIP","floor":31},{"not_picked":["Armaments+1","Thunderclap"],"picked":"Clothesline+1","floor":35},{"not_picked":["Searing Blow","Ghostly Armor+1"],"picked":"Flame Barrier+1","floor":39},{"not_picked":["Bloodletting+1","Uppercut","Seeing Red+1"],"picked":"SKIP","floor":40},{"not_picked":["Metallicize+1","Infernal Blade+1"],"picked":"True Grit+1","floor":42},{"not_picked":["Uppercut","Body Slam","Warcry+1"],"picked":"SKIP","floor":45},{"not_picked":["Headbutt+1","Twin Strike","Dual Wield+1"],"picked":"SKIP","floor":47},{"not_picked":["Clash+1","Power Through+1"],"picked":"Metallicize+1","floor":48}],"player_experience":657658,"relics_obtained":[{"floor":7,"key":"Shuriken"},{"floor":9,"key":"Bottled Tornado"},{"floor":12,"key":"Toxic Egg 2"},{"floor":24,"key":"Anchor"},{"floor":26,"key":"Bottled Flame"},{"floor":28,"key":"Ancient Tea Set"},{"floor":31,"key":"Mango"},{"floor":40,"key":"Bag of Marbles"},{"floor":42,"key":"Darkstone Periapt"},{"floor":43,"key":"Bottled Lightning"},{"floor":47,"key":"Meat on the Bone"}],"event_choices":[{"damage_healed":0,"gold_gain":0,"cards_transformed":["Strike_R"],"player_choice":"Transformed","damage_taken":0,"max_hp_gain":0,"max_hp_loss":0,"event_name":"Transmorgrifier","floor":3,"gold_loss":0,"cards_obtained":["Heavy Blade"]},{"damage_healed":0,"gold_gain":0,"player_choice":"Ignored","damage_taken":0,"max_hp_gain":0,"max_hp_loss":0,"event_name":"Ghosts","floor":20,"gold_loss":0},{"damage_healed":0,"gold_gain":0,"player_choice":"Ignored","damage_taken":0,"max_hp_gain":0,"max_hp_loss":0,"event_name":"Vampires","floor":22,"gold_loss":0},{"cards_removed":["Clothesline"],"damage_healed":0,"gold_gain":0,"player_choice":"Removed Attack","damage_taken":0,"max_hp_gain":0,"max_hp_loss":0,"event_name":"Falling","floor":37,"gold_loss":0},{"damage_healed":0,"gold_gain":0,"player_choice":"Paid","damage_taken":0,"relics_obtained":["Red Mask"],"max_hp_gain":0,"max_hp_loss":0,"event_name":"Tomb of Lord Red Mask","floor":38,"gold_loss":17}],"is_beta":false,"boss_relics":[{"not_picked":["Tiny House","Pandora\u0027s Box"],"picked":"Velvet Choker"},{"not_picked":["Orrery","Runic Dome"],"picked":"Runic Cube"}],"items_purged_floors":[30,36],"is_endless":false,"potions_floor_spawned":[7,13,14,19,24,27,31,33,39,40],"ascension_level":15}