{"gold_per_floor":[109,120,138,118,131,165,176,505,505,505,347,379,42,61,61,134,134,109,125,125],"floor_reached":20,"playtime":1586,"items_purged":[],"score":343,"play_id":"aa7bede8-2ade-49d6-a445-5c0f4c987d13","local_time":"20190104101931","is_ascension_mode":true,"campfire_choices":[{"data":"Armaments","floor":10,"key":"SMITH"},{"floor":15,"key":"REST"}],"neow_cost":"NONE","seed_source_timestamp":430093161925314,"circlet_count":0,"master_deck":["AscendersBane","Strike_R","Strike_R","Strike_R","Strike_R","Strike_R","Defend_R","Defend_R","Defend_R","Defend_R","Bash","Clothesline","Flex","Rampage","Power Through","Whirlwind","Metallicize","Armaments+1","Feed","Power Through","Shrug It Off","Impervious","Limit Break"],"relics":["Black Blood","NeowsBlessing","Gremlin Horn","Old Coin","Kunai","Du-Vu Doll","Mango"],"potions_floor_usage":[6,6,12,16,19],"damage_taken":[{"damage":0,"enemies":"Cultist","floor":1,"turns":1},{"damage":0,"enemies":"Small Slimes","floor":2,"turns":1},{"damage":0,"enemies":"2 Louse","floor":3,"turns":2},{"damage":16,"enemies":"Looter","floor":5,"turns":4},{"damage":9,"enemies":"Lagavulin","floor":6,"turns":7},{"damage":4,"enemies":"Blue Slaver","floor":7,"turns":5},{"damage":34,"enemies":"3 Sentries","floor":8,"turns":9},{"damage":29,"enemies":"Lagavulin","floor":12,"turns":8},{"damage":12,"enemies":"2 Fungi Beasts","floor":14,"turns":3},{"damage":26,"enemies":"The Guardian","floor":16,"turns":14},{"damage":40,"enemies":"2 Thieves","floor":18,"turns":5},{"damage":14,"enemies":"Chosen","floor":19,"turns":7},{"damage":44,"enemies":"3 Cultists","floor":20,"turns":4}],"seed_played":"85396940976474734","potions_obtained":[{"floor":2,"key":"SneckoOil"},{"floor":4,"key":"Block Potion"},{"floor":5,"key":"Strength Potion"},{"floor":7,"key":"FearPotion"},{"floor":8,"key":"FearPotion"},{"floor":16,"key":"SteroidPotion"},{"floor":18,"key":"GamblersBrew"},{"floor":19,"key":"Weak Potion"}],"is_trial":false,"path_per_floor":["M","M","M","?","M","E","M","E","T","R","$","E","$","M","R","B",null,"M","M","M"],"character_chosen":"IRONCLAD","items_purchased":["Feed","Mango","Shrug It Off"],"campfire_rested":1,"item_purchase_floors":[11,13,13],"current_hp_per_floor":[74,75,75,75,65,62,64,36,36,36,36,13,27,24,51,31,77,47,43,0],"gold":125,"neow_bonus":"THREE_ENEMY_KILL","is_prod":false,"is_daily":false,"chose_seed":false,"campfire_upgraded":1,"win_rate":0,"timestamp":1546597171,"path_taken":["M","?","M","?","M","E","?","E","T","R","$","E","$","M","R","BOSS","M","M","M"],"build_version":"2019-01-03v3","purchased_purges":0,"victory":false,"max_hp_per_floor":[75,75,75,75,75,75,75,75,75,75,75,75,89,92,92,92,92,92,92,92],"card_choices":[{"not_picked":["Clash","Flex"],"picked":"Clothesline","floor":1},{"not_picked":["Dropkick","Wild Strike"],"picked":"Flex","floor":2},{"not_picked":["Power Through","Flex"],"picked":"Rampage","floor":3},{"not_picked":["Sever Soul","Twin Strike"],"picked":"Power Through","floor":5},{"not_picked":["Warcry","Seeing Red"],"picked":"Whirlwind","floor":6},{"not_picked":["Body Slam","Thunderclap"],"picked":"Metallicize","floor":7},{"not_picked":["Headbutt","Blood for Blood"],"picked":"Armaments","floor":8},{"not_picked":["Combust","Thunderclap"],"picked":"Power Through","floor":12},{"not_picked":["Havoc","Bloodletting"],"picked":"Impervious","floor":14},{"not_picked":["Dark Embrace","Reaper"],"picked":"Limit Break","floor":16},{"not_picked":["Reckless Charge","Heavy Blade","Clash"],"picked":"SKIP","floor":18},{"not_picked":["Iron Wave","Sentinel","Heavy Blade"],"picked":"SKIP","floor":19}],"player_experience":654904,"relics_obtained":[{"floor":6,"key":"Gremlin Horn"},{"floor":8,"key":"Old Coin"},{"floor":9,"key":"Kunai"},{"floor":12,"key":"Du-Vu Doll"}],"event_choices":[{"damage_healed":0,"gold_gain":0,"player_choice":"Bought 1 Potion","damage_taken":0,"max_hp_gain":0,"max_hp_loss":0,"event_name":"The Woman in Blue","floor":4,"gold_loss":0}],"is_beta":false,"boss_relics":[{"not_picked":["Orrery","Runic Pyramid"],"picked":"Black Blood"}],"items_purged_floors":[],"is_endless":false,"potions_floor_spawned":[2,5,7,8,16,18,19],"killed_by":"3 Cultists","ascension_level":15}