{"gold_per_floor":[114,133,43,63,80,80,107,107,107,107,124,151,151,169,169,242,242,256,273,273,293,109,109,109],"floor_reached":24,"playtime":2046,"items_purged":["Strike_R"],"score":364,"play_id":"d32f51dd-edb8-455b-bd5e-f2d486f431b3","local_time":"20190103235653","is_ascension_mode":true,"campfire_choices":[{"data":"Cleave","floor":6,"key":"SMITH"},{"data":"Rampage","floor":8,"key":"SMITH"},{"floor":15,"key":"REST"},{"data":"Uppercut","floor":23,"key":"SMITH"}],"neow_cost":"PERCENT_DAMAGE","seed_source_timestamp":392274933519561,"circlet_count":0,"master_deck":["AscendersBane","Strike_R","Strike_R","Strike_R","Strike_R","Defend_R","Defend_R","Defend_R","Defend_R","Bash","Seeing Red","True Grit","Feel No Pain","Cleave+1","True Grit","Rampage+1","Metallicize","Uppercut+1","Whirlwind","Shrug It Off","Impervious","Flex+1","Power Through","Flame Barrier"],"relics":["Burning Blood","Thread and Needle","Prayer Wheel","Matryoshka","Question Card","Busted Crown"],"potions_floor_usage":[7,12,12,21,24,24],"damage_taken":[{"damage":2,"enemies":"2 Louse","floor":1,"turns":4},{"damage":3,"enemies":"Small Slimes","floor":2,"turns":5},{"damage":2,"enemies":"Jaw Worm","floor":4,"turns":6},{"damage":9,"enemies":"3 Louse","floor":5,"turns":3},{"damage":31,"enemies":"Lagavulin","floor":7,"turns":10},{"damage":0,"enemies":"Looter","floor":11,"turns":3},{"damage":17,"enemies":"Gremlin Nob","floor":12,"turns":6},{"damage":5,"enemies":"Exordium Thugs","floor":14,"turns":5},{"damage":41,"enemies":"The Guardian","floor":16,"turns":14},{"damage":4,"enemies":"3 Byrds","floor":18,"turns":5},{"damage":0,"enemies":"Chosen","floor":19,"turns":7},{"damage":40,"enemies":"Snecko","floor":21,"turns":7},{"damage":60,"enemies":"Gremlin Leader","floor":24,"turns":7}],"seed_played":"7005586841437328924","potions_obtained":[{"floor":2,"key":"Swift Potion"},{"floor":5,"key":"SpeedPotion"},{"floor":11,"key":"EssenceOfSteel"},{"floor":16,"key":"Poison Potion"},{"floor":21,"key":"AttackPotion"}],"is_trial":false,"path_per_floor":["M","M","$","M","M","R","E","R","T","?","M","E","?","M","R","B",null,"M","M","?","M","$","R","E"],"character_chosen":"IRONCLAD","items_purchased":["True Grit","Feel No Pain","Regen Potion","Flame Barrier"],"campfire_rested":1,"item_purchase_floors":[3,3,22,22],"current_hp_per_floor":[54,57,57,61,58,58,33,33,33,33,39,28,28,29,51,16,60,62,68,68,34,34,34,0],"gold":109,"neow_bonus":"ONE_RARE_RELIC","is_prod":false,"is_daily":false,"chose_seed":false,"campfire_upgraded":3,"win_rate":0,"timestamp":1546559813,"path_taken":["M","M","$","M","M","R","E","R","T","?","M","E","?","M","R","BOSS","M","M","?","M","$","R","E"],"build_version":"2018-12-20","purchased_purges":1,"victory":false,"max_hp_per_floor":[75,75,75,75,75,75,75,75,75,75,75,75,75,75,75,75,75,75,75,75,75,75,75,75],"card_choices":[{"not_picked":["Body Slam","Dual Wield","Bloodletting"],"picked":"SKIP","floor":1},{"not_picked":["Thunderclap","Clash"],"picked":"Seeing Red","floor":2},{"not_picked":["Feel No Pain","Headbutt"],"picked":"Cleave","floor":4},{"not_picked":["Warcry","Wild Strike"],"picked":"True Grit","floor":5},{"not_picked":["True Grit","Armaments"],"picked":"Rampage","floor":7},{"not_picked":["Perfected Strike","Wild Strike"],"picked":"Metallicize","floor":11},{"not_picked":["Burning Pact","Warcry"],"picked":"Uppercut","floor":11},{"not_picked":["Exhume","Dual Wield"],"picked":"Whirlwind","floor":12},{"not_picked":["Burning Pact","Havoc","Wild Strike"],"picked":"Shrug It Off","floor":14},{"not_picked":["Cleave","Infernal Blade","Warcry","Pommel Strike"],"picked":"SKIP","floor":14},{"not_picked":["Dark Embrace","Bludgeon","Berserk"],"picked":"Impervious","floor":16},{"not_picked":["Warcry"],"picked":"Flex+1","floor":18},{"not_picked":["Carnage","Pommel Strike"],"picked":"SKIP","floor":18},{"not_picked":["Entrench","True Grit"],"picked":"SKIP","floor":19},{"not_picked":["Carnage","Clash"],"picked":"SKIP","floor":19},{"not_picked":["Anger"],"picked":"Power Through","floor":21},{"not_picked":["Pommel Strike","Sever Soul"],"picked":"SKIP","floor":21}],"player_experience":648470,"relics_obtained":[{"floor":7,"key":"Prayer Wheel"},{"floor":9,"key":"Matryoshka"},{"floor":12,"key":"Question Card"}],"event_choices":[{"damage_healed":0,"gold_gain":0,"player_choice":"Ignored","damage_taken":0,"max_hp_gain":0,"max_hp_loss":0,"event_name":"Shining Light","floor":10,"gold_loss":0},{"damage_healed":0,"gold_gain":0,"player_choice":"Fled","damage_taken":0,"max_hp_gain":0,"max_hp_loss":0,"event_name":"Scrap Ooze","floor":13,"gold_loss":0},{"damage_healed":0,"gold_gain":0,"player_choice":"Ignored","damage_taken":0,"max_hp_gain":0,"max_hp_loss":0,"event_name":"Vampires","floor":20,"gold_loss":0}],"is_beta":false,"boss_relics":[{"not_picked":["Pandora\u0027s Box","Black Blood"],"picked":"Busted Crown"}],"items_purged_floors":[22],"is_endless":false,"potions_floor_spawned":[2,5,11,16,21],"killed_by":"Gremlin Leader","ascension_level":15}