{"gold_per_floor":[117,129,129,129,146,146,180,180,248,120,136,146,171,11,11,88,88,100,46,46,46,57,57,114,114,114,114,149,74,74,89,89,163,163,174,88,104,114,114,114,14,14,96,129,129,129,203,203,203,203],"floor_reached":50,"playtime":5141,"items_purged":["Strike_R","Strike_R"],"score":1093,"play_id":"3c9865f3-38a0-472e-948c-5170dbd801b7","local_time":"20190106013656","is_ascension_mode":true,"campfire_choices":[{"data":"Rampage","floor":6,"key":"SMITH"},{"floor":8,"key":"REST"},{"data":"Rampage","floor":15,"key":"SMITH"},{"floor":23,"key":"REST"},{"data":"Bash","floor":25,"key":"SMITH"},{"data":"Brutality","floor":30,"key":"SMITH"},{"floor":32,"key":"REST"},{"floor":40,"key":"REST"},{"floor":42,"key":"REST"},{"floor":46,"key":"REST"},{"floor":49,"key":"REST"}],"neow_cost":"NONE","seed_source_timestamp":567985891952708,"circlet_count":0,"master_deck":["AscendersBane","Strike_R","Strike_R+1","Strike_R","Defend_R","Defend_R+1","Defend_R","Bash+1","Rampage+1","Clothesline","True Grit","Pommel Strike","Brutality+1","Battle Trance","Rampage+1","Offering","Shrug It Off","Cleave","Pain","Regret","Shrug It Off","Rupture","Flame Barrier","Body Slam+1","Decay","Doubt","Inflame+1","Injury"],"relics":["Burning Blood","Boot","Happy Flower","Blue Candle","Anchor","Cursed Key","Tiny Chest","WingedGreaves","Dodecahedron","Ancient Tea Set","Runic Cube","Frozen Egg 2","Red Skull","Singing Bowl"],"potions_floor_usage":[7,12,16,16,24,28,33,38,50,50],"damage_taken":[{"damage":5,"enemies":"2 Louse","floor":1,"turns":3},{"damage":2,"enemies":"Jaw Worm","floor":2,"turns":3},{"damage":6,"enemies":"Small Slimes","floor":5,"turns":4},{"damage":24,"enemies":"Gremlin Nob","floor":7,"turns":4},{"damage":8,"enemies":"Looter","floor":11,"turns":3},{"damage":3,"enemies":"Blue Slaver","floor":12,"turns":4},{"damage":31,"enemies":"3 Sentries","floor":13,"turns":8},{"damage":43,"enemies":"Hexaghost","floor":16,"turns":9},{"damage":21,"enemies":"Spheric Guardian","floor":18,"turns":4},{"damage":10,"enemies":"Shell Parasite","floor":22,"turns":4},{"damage":11,"enemies":"Slavers","floor":24,"turns":6},{"damage":23,"enemies":"Gremlin Leader","floor":28,"turns":7},{"damage":17,"enemies":"Centurion and Healer","floor":31,"turns":5},{"damage":47,"enemies":"Champ","floor":33,"turns":8},{"damage":33,"enemies":"3 Darklings","floor":35,"turns":7},{"damage":15,"enemies":"Orb Walker","floor":37,"turns":4},{"damage":25,"enemies":"Sphere and 2 Shapes","floor":38,"turns":6},{"damage":33,"enemies":"Reptomancer","floor":44,"turns":8},{"damage":79,"enemies":"Awakened One","floor":50,"turns":8}],"seed_played":"-7395696698534901570","potions_obtained":[{"floor":1,"key":"SmokeBomb"},{"floor":2,"key":"Swift Potion"},{"floor":12,"key":"Fruit Juice"},{"floor":16,"key":"Energy Potion"},{"floor":18,"key":"SkillPotion"},{"floor":24,"key":"Weak Potion"},{"floor":33,"key":"Swift Potion"},{"floor":38,"key":"Swift Potion"}],"is_trial":false,"path_per_floor":["M","M","?","?","M","R","E","R","T","$","M","M","E","$","R","B",null,"M","$","?","?","M","R","E","R","T","T","E","$","R","M","R","B",null,"M","$","M","M","?","R","$","R","T","E","?","R","T","?","R","B"],"character_chosen":"IRONCLAD","items_purchased":["Poison Potion","Rampage","Regen Potion","Shrug It Off","Rupture","EssenceOfSteel"],"campfire_rested":7,"item_purchase_floors":[10,14,14,19,29,36],"current_hp_per_floor":[69,73,50,50,50,50,32,54,54,54,52,60,35,35,35,13,63,48,48,48,48,44,68,63,63,63,63,46,46,46,35,59,18,65,38,38,29,10,10,34,34,58,58,31,31,55,55,55,79,0],"gold":203,"neow_bonus":"RANDOM_COMMON_RELIC","is_prod":false,"is_daily":false,"chose_seed":false,"campfire_upgraded":4,"win_rate":0,"timestamp":1546738616,"path_taken":["M","M","?","?","M","R","E","R","T","$","M","M","E","?","R","BOSS","M","$","?","?","M","R","E","R","T","?","E","$","R","M","R","BOSS","M","$","?","M","?","R","?","R","T","E","?","R","?","?","R","BOSS"],"build_version":"2019-01-03v4","purchased_purges":2,"victory":false,"max_hp_per_floor":[75,75,75,75,75,75,75,75,75,75,75,80,80,80,80,80,80,80,80,80,80,80,80,80,80,80,80,80,80,80,80,80,80,80,80,80,80,80,80,80,80,80,80,80,80,80,80,80,80,80],"card_choices":[{"not_picked":["Fire Breathing","Thunderclap"],"picked":"Rampage","floor":1},{"not_picked":["Armaments","Seeing Red"],"picked":"Clothesline","floor":2},{"not_picked":["Clash","Thunderclap"],"picked":"True Grit","floor":5},{"not_picked":["Second Wind","Warcry"],"picked":"Pommel Strike","floor":7},{"not_picked":["Rage","Body Slam","Havoc"],"picked":"SKIP","floor":11},{"not_picked":["Combust","Blood for Blood"],"picked":"Brutality","floor":12},{"not_picked":["Body Slam","Sentinel"],"picked":"Battle Trance","floor":13},{"not_picked":["Exhume","Juggernaut"],"picked":"Offering","floor":16},{"not_picked":["Uppercut","Combust","True Grit"],"picked":"SKIP","floor":18},{"not_picked":["Inflame","Second Wind"],"picked":"Cleave","floor":22},{"not_picked":["Perfected Strike","Clash+1","Warcry"],"picked":"SKIP","floor":24},{"not_picked":["True Grit","Clash+1"],"picked":"Shrug It Off","floor":28},{"not_picked":["Cleave","Iron Wave","Twin Strike"],"picked":"SKIP","floor":31},{"not_picked":["Perfected Strike+1","Wild Strike","Anger"],"picked":"SKIP","floor":35},{"not_picked":["Armaments","Searing Blow"],"picked":"Flame Barrier","floor":37},{"not_picked":["Entrench","Warcry"],"picked":"Body Slam+1","floor":38},{"not_picked":["Battle Trance","Corruption+1"],"picked":"Inflame+1","floor":44}],"player_experience":705916,"relics_obtained":[{"floor":7,"key":"Happy Flower"},{"floor":9,"key":"Blue Candle"},{"floor":13,"key":"Anchor"},{"floor":24,"key":"Tiny Chest"},{"floor":26,"key":"WingedGreaves"},{"floor":27,"key":"Dodecahedron"},{"floor":28,"key":"Ancient Tea Set"},{"floor":43,"key":"Frozen Egg 2"},{"floor":44,"key":"Red Skull"},{"floor":47,"key":"Singing Bowl"}],"event_choices":[{"damage_healed":0,"gold_gain":0,"player_choice":"Entered Light","damage_taken":23,"max_hp_gain":0,"max_hp_loss":0,"event_name":"Shining Light","floor":3,"gold_loss":0,"cards_upgraded":["Defend_R","Strike_R"]},{"damage_healed":0,"gold_gain":0,"player_choice":"Ignored","damage_taken":0,"max_hp_gain":0,"max_hp_loss":0,"event_name":"Golden Idol","floor":4,"gold_loss":0},{"damage_healed":0,"gold_gain":0,"player_choice":"Ignored","damage_taken":0,"max_hp_gain":0,"max_hp_loss":0,"event_name":"The Mausoleum","floor":20,"gold_loss":0},{"damage_healed":0,"gold_gain":0,"player_choice":"Ignored","damage_taken":0,"max_hp_gain":0,"max_hp_loss":0,"event_name":"Beggar","floor":21,"gold_loss":0},{"damage_healed":0,"gold_gain":0,"player_choice":"Cursed","damage_taken":0,"max_hp_gain":0,"max_hp_loss":0,"event_name":"Wheel of Change","floor":39,"gold_loss":0,"cards_obtained":["Decay"]},{"damage_healed":0,"gold_gain":0,"player_choice":"Ignored","damage_taken":0,"max_hp_gain":0,"max_hp_loss":0,"event_name":"Tomb of Lord Red Mask","floor":45,"gold_loss":0},{"cards_removed":["Defend_R"],"damage_healed":0,"gold_gain":0,"player_choice":"Removed Skill","damage_taken":0,"max_hp_gain":0,"max_hp_loss":0,"event_name":"Falling","floor":48,"gold_loss":0}],"is_beta":false,"boss_relics":[{"not_picked":["Black Star","Pandora\u0027s Box"],"picked":"Cursed Key"},{"not_picked":["Runic Dome","Philosopher\u0027s Stone"],"picked":"Runic Cube"}],"items_purged_floors":[10,41],"is_endless":false,"potions_floor_spawned":[1,2,5,12,16,18,24,33,37,38,44],"killed_by":"Awakened One","ascension_level":17}