{"gold_per_floor":[118,129,204,254,1,1,26,37,64,64,88,88,30,103,103,202,202,220,260,275,288,106,106,126,126],"floor_reached":25,"playtime":1850,"items_purged":["Strike_R"],"score":502,"play_id":"33e37282-11b6-4f0e-a06c-61808545322c","local_time":"20190113224132","is_ascension_mode":true,"campfire_choices":[{"data":"Fiend Fire","floor":6,"key":"SMITH"},{"floor":12,"key":"REST"},{"floor":15,"key":"REST"},{"floor":23,"key":"REST"}],"neow_cost":"NONE","seed_source_timestamp":362140932430677,"circlet_count":0,"master_deck":["AscendersBane","Strike_R","Strike_R","Strike_R","Strike_R","Defend_R","Defend_R","Defend_R","Defend_R","Bash+1","Feel No Pain","Twin Strike","Corruption","Fiend Fire+1","Pommel Strike","Anger","Headbutt","True Grit","Juggernaut","Shrug It Off","Clothesline+1","True Grit"],"relics":["Burning Blood","Regal Pillow","Juzu Bracelet","Golden Idol","Pocketwatch","Philosopher\u0027s Stone","Red Mask"],"potions_floor_usage":[11,19,21,24,25],"damage_taken":[{"damage":0,"enemies":"2 Louse","floor":1,"turns":4},{"damage":6,"enemies":"Cultist","floor":2,"turns":3},{"damage":32,"enemies":"Gremlin Nob","floor":7,"turns":4},{"damage":6,"enemies":"Small Slimes","floor":8,"turns":2},{"damage":0,"enemies":"Exordium Wildlife","floor":11,"turns":3},{"damage":31,"enemies":"Gremlin Nob","floor":14,"turns":4},{"damage":0,"enemies":"Slime Boss","floor":16,"turns":4},{"damage":26,"enemies":"2 Thieves","floor":18,"turns":4},{"damage":29,"enemies":"Masked Bandits","floor":19,"turns":5},{"damage":5,"enemies":"Shell Parasite","floor":20,"turns":3},{"damage":28,"enemies":"Snake Plant","floor":21,"turns":4},{"damage":20,"enemies":"Shelled Parasite and Fungi","floor":24,"turns":4},{"damage":34,"enemies":"Book of Stabbing","floor":25,"turns":4}],"seed_played":"-4838247929666643724","potions_obtained":[{"floor":7,"key":"Block Potion"},{"floor":8,"key":"LiquidBronze"},{"floor":14,"key":"BloodPotion"},{"floor":18,"key":"Fire Potion"}],"is_trial":false,"path_per_floor":["M","M","?","?","$","R","E","M","T","?","M","R","$","?","R","B",null,"M","?","M","M","$","R","M","E"],"character_chosen":"IRONCLAD","items_purchased":["Corruption","Fiend Fire","True Grit","Poison Potion","SkillPotion"],"campfire_rested":3,"item_purchase_floors":[5,5,13,22,22],"current_hp_per_floor":[74,74,63,56,56,56,30,30,30,4,10,47,47,22,59,65,73,53,30,31,9,9,46,32,0],"gold":126,"neow_bonus":"UPGRADE_CARD","is_prod":false,"is_daily":false,"chose_seed":false,"campfire_upgraded":1,"win_rate":0,"timestamp":1547419292,"path_taken":["M","M","?","?","$","R","E","?","T","?","M","R","$","?","R","BOSS","M","?","M","M","$","R","M","E"],"build_version":"2019-01-10","purchased_purges":1,"victory":false,"max_hp_per_floor":[75,75,75,75,75,75,75,75,75,75,75,75,75,75,75,75,75,75,75,75,75,75,75,75,75],"card_choices":[{"not_picked":["Shrug It Off","Entrench"],"picked":"Feel No Pain","floor":1},{"not_picked":["Spot Weakness","Seeing Red"],"picked":"Twin Strike","floor":2},{"not_picked":["Flex","Infernal Blade"],"picked":"Pommel Strike","floor":7},{"not_picked":["Armaments","Hemokinesis"],"picked":"Anger","floor":8},{"not_picked":["Second Wind","Sword Boomerang"],"picked":"Headbutt","floor":11},{"not_picked":["Brutality","Double Tap"],"picked":"Juggernaut","floor":16},{"not_picked":["Cleave","Thunderclap","Flex"],"picked":"SKIP","floor":18},{"not_picked":["Perfected Strike","Clash"],"picked":"Shrug It Off","floor":19},{"not_picked":["Flex","Warcry","Pummel"],"picked":"SKIP","floor":20},{"not_picked":["Fire Breathing","Headbutt"],"picked":"Clothesline+1","floor":21},{"not_picked":["Body Slam","Second Wind"],"picked":"True Grit","floor":24}],"player_experience":859859,"relics_obtained":[{"floor":7,"key":"Regal Pillow"},{"floor":9,"key":"Juzu Bracelet"},{"floor":14,"key":"Pocketwatch"},{"floor":19,"key":"Red Mask"}],"event_choices":[{"damage_healed":0,"gold_gain":75,"player_choice":"Gather Gold","damage_taken":11,"max_hp_gain":0,"max_hp_loss":0,"event_name":"World of Goop","floor":3,"gold_loss":0},{"damage_healed":0,"gold_gain":50,"player_choice":"Touch","damage_taken":7,"max_hp_gain":0,"max_hp_loss":0,"event_name":"FaceTrader","floor":4,"gold_loss":0},{"damage_healed":0,"gold_gain":0,"player_choice":"Take Damage","damage_taken":26,"relics_obtained":["Golden Idol"],"max_hp_gain":0,"max_hp_loss":0,"event_name":"Golden Idol","floor":10,"gold_loss":0},{"damage_healed":0,"gold_gain":30,"player_choice":"Searched \u00273\u0027 times","damage_taken":0,"max_hp_gain":0,"max_hp_loss":0,"event_name":"Dead Adventurer","floor":14,"gold_loss":0},{"damage_healed":0,"gold_gain":0,"player_choice":"Fought Bandits","damage_taken":0,"max_hp_gain":0,"max_hp_loss":0,"event_name":"Masked Bandits","floor":19,"gold_loss":0}],"is_beta":false,"boss_relics":[{"not_picked":["Velvet Choker","Lizard Tail"],"picked":"Philosopher\u0027s Stone"}],"items_purged_floors":[22],"is_endless":false,"potions_floor_spawned":[7,8,14,18],"killed_by":"Book of Stabbing","ascension_level":20}