{"gold_per_floor":[17,37,50,50,66,101,101,25,25,25,45,73,84,114,114,193,193,193,193,35,35,35,35,35,35],"floor_reached":25,"playtime":1467,"items_purged":["Strike_R"],"score":475,"play_id":"93e157b1-529c-406b-9de6-980d19311c1c","local_time":"20190114225659","is_ascension_mode":true,"campfire_choices":[{"data":"Bash","floor":7,"key":"SMITH"},{"data":"Combust","floor":10,"key":"SMITH"},{"data":"Rupture","floor":15,"key":"SMITH"},{"floor":23,"key":"REST"}],"neow_cost":"NO_GOLD","seed_source_timestamp":449853902480288,"circlet_count":0,"master_deck":["AscendersBane","Strike_R","Strike_R","Strike_R","Strike_R","Defend_R","Defend_R","Defend_R","Defend_R","Bash+1","Sword Boomerang","Twin Strike","Headbutt","Feed","Combust+1","Rupture+1","Metallicize","Shrug It Off","Demon Form","True Grit+1","Rupture"],"relics":["Burning Blood","StoneCalendar","Mango","Kunai","Meat on the Bone","Ancient Tea Set","Ectoplasm"],"potions_floor_usage":[11,12,24],"damage_taken":[{"damage":5,"enemies":"2 Louse","floor":1,"turns":4},{"damage":5,"enemies":"Small Slimes","floor":2,"turns":3},{"damage":1,"enemies":"Cultist","floor":3,"turns":3},{"damage":3,"enemies":"2 Fungi Beasts","floor":5,"turns":4},{"damage":30,"enemies":"3 Sentries","floor":6,"turns":7},{"damage":9,"enemies":"Lots of Slimes","floor":11,"turns":2},{"damage":8,"enemies":"Gremlin Nob","floor":12,"turns":3},{"damage":10,"enemies":"Large Slime","floor":13,"turns":4},{"damage":28,"enemies":"3 Sentries","floor":14,"turns":7},{"damage":10,"enemies":"Slime Boss","floor":16,"turns":7},{"damage":36,"enemies":"Chosen","floor":18,"turns":6},{"damage":18,"enemies":"3 Byrds","floor":21,"turns":4},{"damage":42,"enemies":"Snake Plant","floor":22,"turns":6},{"damage":34,"enemies":"3 Cultists","floor":24,"turns":5},{"damage":73,"enemies":"Book of Stabbing","floor":25,"turns":5}],"seed_played":"7013514895377648618","potions_obtained":[{"floor":3,"key":"AttackPotion"},{"floor":6,"key":"Weak Potion"},{"floor":11,"key":"Fruit Juice"},{"floor":16,"key":"Fire Potion"},{"floor":22,"key":"Block Potion"},{"floor":24,"key":"FairyPotion"}],"is_trial":false,"path_per_floor":["M","M","M","?","M","E","R","$","T","R","M","E","M","E","R","B",null,"M","?","$","M","M","R","M","E"],"character_chosen":"IRONCLAD","items_purchased":["Combust","Rupture"],"campfire_rested":1,"item_purchase_floors":[8,20],"current_hp_per_floor":[69,70,75,75,75,65,65,65,65,65,70,71,67,60,60,68,94,64,64,64,64,40,70,57,0],"gold":35,"neow_bonus":"ONE_RARE_RELIC","is_prod":false,"is_daily":false,"chose_seed":false,"campfire_upgraded":3,"win_rate":0,"timestamp":1547506619,"path_taken":["M","M","M","?","M","E","R","$","T","R","M","E","M","E","R","BOSS","M","?","$","M","M","R","M","E"],"build_version":"2019-01-10","purchased_purges":1,"victory":false,"max_hp_per_floor":[75,75,75,75,75,89,89,89,89,89,97,100,100,103,103,103,103,103,103,103,103,103,103,106,106],"card_choices":[{"not_picked":["Shrug It Off","Feel No Pain"],"picked":"Sword Boomerang","floor":1},{"not_picked":["Warcry","Corruption"],"picked":"Twin Strike","floor":2},{"not_picked":["Pommel Strike","Wild Strike"],"picked":"Headbutt","floor":3},{"not_picked":["Sword Boomerang","Twin Strike"],"picked":"Feed","floor":5},{"not_picked":["Body Slam","Iron Wave","Headbutt"],"picked":"SKIP","floor":6},{"not_picked":["Entrench","Thunderclap"],"picked":"Rupture","floor":11},{"not_picked":["Juggernaut","Sword Boomerang"],"picked":"Metallicize","floor":12},{"not_picked":["Sword Boomerang","Cleave","Searing Blow"],"picked":"SKIP","floor":13},{"not_picked":["Perfected Strike","Shockwave"],"picked":"Shrug It Off","floor":14},{"not_picked":["Immolate","Dark Embrace"],"picked":"Demon Form","floor":16},{"not_picked":["Clash","Perfected Strike"],"picked":"True Grit","floor":18},{"not_picked":["Armaments","Heavy Blade","Headbutt"],"picked":"SKIP","floor":21},{"not_picked":["Cleave","Warcry","Wild Strike"],"picked":"SKIP","floor":22},{"not_picked":["Havoc","Headbutt","Wild Strike"],"picked":"SKIP","floor":24}],"player_experience":863148,"relics_obtained":[{"floor":6,"key":"Mango"},{"floor":9,"key":"Kunai"},{"floor":12,"key":"Meat on the Bone"},{"floor":14,"key":"Ancient Tea Set"}],"event_choices":[{"damage_healed":0,"gold_gain":0,"player_choice":"Ignored","damage_taken":0,"max_hp_gain":0,"max_hp_loss":0,"event_name":"Liars Game","floor":4,"gold_loss":0},{"damage_healed":0,"gold_gain":0,"player_choice":"Upgraded","damage_taken":0,"max_hp_gain":0,"max_hp_loss":0,"event_name":"Upgrade Shrine","floor":19,"gold_loss":0,"cards_upgraded":["True Grit"]}],"is_beta":false,"boss_relics":[{"not_picked":["Orrery","Snecko Eye"],"picked":"Ectoplasm"}],"items_purged_floors":[20],"is_endless":false,"potions_floor_spawned":[3,6,11,16,22,24],"killed_by":"Book of Stabbing","ascension_level":20}