{"gold_per_floor":[119,119,138,138,7,7,42,42,42,42,56,75,85,115,115,189,189,200,114,125,143,162,162,188,188,188,202,219,219,219,29,29,101,101,113,113,131,131,202,202,231,73,73,85,140,151,101,114,114,139,139],"floor_reached":52,"playtime":4102,"items_purged":["Strike_R","Strike_R"],"score":1834,"play_id":"d6d802ad-bd5d-4871-aa7a-85924eec70b1","local_time":"20190115002905","is_ascension_mode":true,"campfire_choices":[{"data":"Bash","floor":6,"key":"SMITH"},{"data":"Armaments","floor":8,"key":"SMITH"},{"data":"Flame Barrier","floor":15,"key":"SMITH"},{"data":"True Grit","floor":23,"key":"SMITH"},{"data":"Combust","floor":25,"key":"SMITH"},{"data":"Shrug It Off","floor":30,"key":"SMITH"},{"data":"Evolve","floor":32,"key":"SMITH"},{"data":"Immolate","floor":40,"key":"SMITH"},{"data":"Dark Shackles","floor":49,"key":"SMITH"}],"neow_cost":"NONE","seed_source_timestamp":452732218547778,"circlet_count":0,"master_deck":["AscendersBane","Defend_R","Defend_R","Defend_R","Defend_R","Bash+1","Armaments+1","Wild Strike","Disarm","Clothesline","Flame Barrier+1","Immolate+1","Reaper","Combust+1","Disarm","Dark Embrace","True Grit+1","Carnage+1","Shrug It Off+1","Entrench","Writhe","Evolve+1","Shrug It Off","Bludgeon","Spot Weakness","HandOfGreed","Dark Shackles+1","Uppercut+1","Shrug It Off+1","Offering","Parasite","True Grit+1","True Grit+1"],"relics":["Burning Blood","NeowsBlessing","Charon\u0027s Ashes","Ornamental Fan","Question Card","Snecko Eye","Smiling Mask","Mercury Hourglass","Blue Candle","Boot","Mark of Pain","Bird Faced Urn","Sundial","Vajra","Pen Nib","Mummified Hand"],"potions_floor_usage":[14,16,24,24,33,33,41,48,50,50],"damage_taken":[{"damage":0,"enemies":"2 Louse","floor":1,"turns":2},{"damage":0,"enemies":"Cultist","floor":3,"turns":1},{"damage":0,"enemies":"Gremlin Nob","floor":7,"turns":1},{"damage":7,"enemies":"Jaw Worm","floor":11,"turns":3},{"damage":8,"enemies":"3 Louse","floor":12,"turns":3},{"damage":1,"enemies":"Red Slaver","floor":13,"turns":5},{"damage":19,"enemies":"Lagavulin","floor":14,"turns":5},{"damage":26,"enemies":"The Guardian","floor":16,"turns":12},{"damage":1,"enemies":"3 Byrds","floor":18,"turns":3},{"damage":24,"enemies":"Shell Parasite","floor":20,"turns":4},{"damage":12,"enemies":"Centurion and Healer","floor":21,"turns":7},{"damage":7,"enemies":"Snecko","floor":22,"turns":6},{"damage":8,"enemies":"Slavers","floor":24,"turns":3},{"damage":15,"enemies":"Chosen and Byrds","floor":27,"turns":3},{"damage":8,"enemies":"Snake Plant","floor":28,"turns":2},{"damage":17,"enemies":"Automaton","floor":33,"turns":9},{"damage":17,"enemies":"3 Darklings","floor":35,"turns":4},{"damage":1,"enemies":"Orb Walker","floor":37,"turns":2},{"damage":8,"enemies":"2 Orb Walkers","floor":39,"turns":4},{"damage":44,"enemies":"Reptomancer","floor":41,"turns":7},{"damage":1,"enemies":"4 Shapes","floor":44,"turns":4},{"damage":30,"enemies":"Nemesis","floor":45,"turns":5},{"damage":4,"enemies":"Writhing Mass","floor":46,"turns":4},{"damage":5,"enemies":"Jaw Worm Horde","floor":48,"turns":2},{"damage":25,"enemies":"Awakened One","floor":50,"turns":9},{"damage":54,"enemies":"Donu and Deca","floor":51,"turns":10}],"seed_played":"-1181504052553931483","potions_obtained":[{"floor":3,"key":"Strength Potion"},{"floor":7,"key":"Swift Potion"},{"floor":12,"key":"SkillPotion"},{"floor":14,"key":"Weak Potion"},{"floor":18,"key":"AttackPotion"},{"floor":22,"key":"PowerPotion"},{"floor":28,"key":"Explosive Potion"},{"floor":33,"key":"Swift Potion"},{"floor":35,"key":"BloodPotion"},{"floor":41,"key":"EssenceOfSteel"},{"floor":44,"key":"PowerPotion"},{"floor":48,"key":"GamblersBrew"}],"is_trial":false,"path_per_floor":["M","?","M","?","$","R","E","R","T","?","M","M","M","E","R","B",null,"M","?","M","M","M","R","E","R","T","M","M","?","R","$","R","B",null,"M","?","M","?","?","R","E","$","T","M","E","M","$","M","R","B","B",null],"character_chosen":"IRONCLAD","items_purchased":["Wild Strike","Evolve","Shrug It Off","Swift Potion","Vajra"],"campfire_rested":0,"item_purchase_floors":[5,31,31,31,42],"current_hp_per_floor":[74,74,75,80,80,80,80,80,80,80,79,77,80,67,67,47,72,77,77,62,66,70,70,71,71,71,68,66,66,66,66,66,55,74,78,68,78,78,80,80,67,67,67,80,63,72,72,73,73,68,44],"gold":139,"neow_bonus":"THREE_ENEMY_KILL","is_prod":false,"is_daily":false,"chose_seed":false,"campfire_upgraded":9,"win_rate":0,"timestamp":1547512145,"path_taken":["M","?","?","?","$","R","E","R","T","?","M","M","M","E","R","BOSS","M","?","?","M","M","R","E","R","T","M","M","?","R","$","R","BOSS","M","?","M","?","?","R","E","$","T","M","E","M","?","M","R","BOSS","BOSS"],"build_version":"2019-01-10","purchased_purges":2,"victory":true,"max_hp_per_floor":[75,75,75,80,80,80,80,80,80,80,80,80,80,80,80,80,80,80,80,80,80,80,80,80,80,80,80,80,80,80,80,80,80,80,80,80,80,80,80,80,80,80,80,80,80,80,80,80,80,80,80],"card_choices":[{"not_picked":["Power Through","Havoc"],"picked":"Armaments","floor":1},{"not_picked":["Thunderclap","Flex","Body Slam"],"picked":"SKIP","floor":3},{"not_picked":["Clash","Sword Boomerang"],"picked":"Disarm","floor":7},{"not_picked":["Disarm","Havoc"],"picked":"Clothesline","floor":11},{"not_picked":["Cleave","Reckless Charge"],"picked":"Flame Barrier","floor":12},{"not_picked":["Clothesline","Flex","Sword Boomerang"],"picked":"SKIP","floor":13},{"not_picked":["Sword Boomerang","Pummel"],"picked":"Immolate","floor":14},{"not_picked":["Bludgeon","Berserk","Immolate"],"picked":"Reaper","floor":16},{"not_picked":["Armaments","Cleave","Entrench"],"picked":"Combust","floor":18},{"not_picked":["Clash","Twin Strike","Havoc"],"picked":"Disarm","floor":20},{"not_picked":["Hemokinesis","Headbutt","Armaments"],"picked":"Dark Embrace","floor":21},{"not_picked":["Wild Strike","Body Slam","Second Wind"],"picked":"True Grit","floor":22},{"not_picked":["Dropkick","Blood for Blood","Pommel Strike"],"picked":"Carnage+1","floor":24},{"not_picked":["Shockwave","Armaments","Headbutt"],"picked":"Shrug It Off","floor":27},{"not_picked":["Reckless Charge","Perfected Strike+1","Clash"],"picked":"Entrench","floor":28},{"not_picked":["Limit Break","Feed","Berserk"],"picked":"Bludgeon","floor":33},{"not_picked":["Whirlwind+1","Pummel","Clash"],"picked":"Spot Weakness","floor":35},{"not_picked":["The Bomb","Panache","Violence"],"picked":"HandOfGreed","floor":36},{"not_picked":["Transmutation","Panacea","Purity"],"picked":"Dark Shackles","floor":36},{"not_picked":["Body Slam","Perfected Strike","Havoc"],"picked":"Uppercut+1","floor":37},{"not_picked":["Cleave","Dropkick","Second Wind"],"picked":"Shrug It Off+1","floor":39},{"not_picked":["Wild Strike","Anger","Pommel Strike+1"],"picked":"Offering","floor":41},{"not_picked":["Perfected Strike","Dropkick","Heavy Blade","Iron Wave"],"picked":"SKIP","floor":44},{"not_picked":["Pommel Strike","Havoc","Perfected Strike+1","Uppercut"],"picked":"SKIP","floor":45},{"not_picked":["Twin Strike","Armaments","Whirlwind+1"],"picked":"True Grit+1","floor":46},{"not_picked":["Whirlwind+1","Intimidate","Combust+1"],"picked":"True Grit+1","floor":48}],"player_experience":865988,"relics_obtained":[{"floor":7,"key":"Charon\u0027s Ashes"},{"floor":9,"key":"Ornamental Fan"},{"floor":14,"key":"Question Card"},{"floor":24,"key":"Mercury Hourglass"},{"floor":26,"key":"Blue Candle"},{"floor":39,"key":"Bird Faced Urn"},{"floor":41,"key":"Sundial"},{"floor":43,"key":"Pen Nib"},{"floor":45,"key":"Mummified Hand"}],"event_choices":[{"cards_removed":["Strike_R"],"damage_healed":0,"gold_gain":0,"player_choice":"Offered Basic","damage_taken":0,"max_hp_gain":0,"max_hp_loss":0,"event_name":"Bonfire Elementals","floor":2,"gold_loss":0},{"damage_healed":0,"gold_gain":0,"player_choice":"Donut","damage_taken":0,"max_hp_gain":5,"max_hp_loss":0,"event_name":"Big Fish","floor":4,"gold_loss":0},{"cards_removed":["Strike_R"],"damage_healed":0,"gold_gain":0,"player_choice":"Purged","damage_taken":0,"max_hp_gain":0,"max_hp_loss":0,"event_name":"Purifier","floor":10,"gold_loss":0},{"damage_healed":0,"gold_gain":0,"player_choice":"Paid Gold","damage_taken":0,"relics_obtained":["Smiling Mask"],"max_hp_gain":0,"max_hp_loss":0,"event_name":"WeMeetAgain","floor":19,"gold_loss":86},{"damage_healed":0,"gold_gain":0,"player_choice":"Opened","damage_taken":0,"relics_obtained":["Boot"],"max_hp_gain":0,"max_hp_loss":0,"event_name":"The Mausoleum","floor":29,"gold_loss":0,"cards_obtained":["Writhe"]},{"damage_healed":0,"gold_gain":0,"player_choice":"Memory 3","damage_taken":10,"max_hp_gain":0,"max_hp_loss":0,"event_name":"SensoryStone","floor":36,"gold_loss":0},{"cards_removed":["Strike_R"],"damage_healed":0,"gold_gain":0,"player_choice":"Removed Attack","damage_taken":0,"max_hp_gain":0,"max_hp_loss":0,"event_name":"Falling","floor":38,"gold_loss":0},{"damage_healed":0,"gold_gain":0,"player_choice":"Fight","damage_taken":0,"max_hp_gain":0,"max_hp_loss":0,"event_name":"Mysterious Sphere","floor":39,"gold_loss":0}],"is_beta":false,"boss_relics":[{"not_picked":["Black Star","Runic Dome"],"picked":"Snecko Eye"},{"not_picked":["Busted Crown","Eternal Feather"],"picked":"Mark of Pain"}],"items_purged_floors":[5,47],"is_endless":false,"potions_floor_spawned":[3,7,12,14,18,22,28,33,35,41,44,48],"ascension_level":20}