{"gold_per_floor":[113,129,129,141,141,168,179,179,247,247,259,278,303,31,31,105,105,117,117,42,42,42],"floor_reached":22,"playtime":1439,"items_purged":["Strike_R"],"score":388,"play_id":"97eca4ad-fa09-4c14-a01d-8a63115bf54b","local_time":"20190114223221","is_ascension_mode":true,"campfire_choices":[{"data":"Rampage","floor":8,"key":"SMITH"},{"floor":10,"key":"REST"},{"data":"Uppercut","floor":15,"key":"SMITH"}],"neow_cost":"NONE","seed_source_timestamp":448402159549799,"circlet_count":0,"master_deck":["AscendersBane","Strike_R","Strike_R","Strike_R+1","Defend_R","Defend_R","Defend_R","Defend_R","Bash+1","Cleave+1","Uppercut+1","Anger","Armaments","Rampage+1","Corruption","Combust","Demon Form"],"relics":["Burning Blood","Incense Burner","Matryoshka","Lantern","Meat on the Bone","White Beast Statue","Enchiridion"],"potions_floor_usage":[6,13,16,16,22],"damage_taken":[{"damage":7,"enemies":"2 Louse","floor":1,"turns":4},{"damage":0,"enemies":"Small Slimes","floor":2,"turns":2},{"damage":12,"enemies":"Cultist","floor":4,"turns":4},{"damage":30,"enemies":"Lagavulin","floor":6,"turns":4},{"damage":6,"enemies":"Looter","floor":7,"turns":2},{"damage":0,"enemies":"Large Slime","floor":11,"turns":4},{"damage":9,"enemies":"Gremlin Gang","floor":12,"turns":4},{"damage":1,"enemies":"Gremlin Nob","floor":13,"turns":3},{"damage":32,"enemies":"Slime Boss","floor":16,"turns":7},{"damage":37,"enemies":"Shell Parasite","floor":18,"turns":5},{"damage":25,"enemies":"Spheric Guardian","floor":22,"turns":5}],"seed_played":"846110399464822939","potions_obtained":[{"floor":4,"key":"SneckoOil"},{"floor":7,"key":"Energy Potion"},{"floor":11,"key":"Strength Potion"},{"floor":12,"key":"AttackPotion"},{"floor":13,"key":"Poison Potion"},{"floor":18,"key":"EssenceOfSteel"}],"is_trial":false,"path_per_floor":["M","M","?","M","?","E","M","R","T","R","M","M","E","$","R","B",null,"M","?","$","?","M"],"character_chosen":"IRONCLAD","items_purchased":["Meat on the Bone"],"campfire_rested":1,"item_purchase_floors":[14],"current_hp_per_floor":[67,73,50,44,44,20,20,20,20,42,48,45,50,50,50,36,65,46,46,46,25,0],"gold":42,"neow_bonus":"UPGRADE_CARD","is_prod":false,"is_daily":false,"chose_seed":false,"campfire_upgraded":2,"win_rate":0,"timestamp":1547505141,"path_taken":["M","M","?","M","?","E","M","R","T","R","M","M","E","$","R","BOSS","M","?","$","?","M"],"build_version":"2019-01-10","purchased_purges":1,"victory":false,"max_hp_per_floor":[75,75,75,75,75,75,75,75,75,75,75,75,75,75,75,75,75,75,75,75,75,75],"card_choices":[{"not_picked":["Headbutt","Shrug It Off"],"picked":"Cleave","floor":1},{"not_picked":["Spot Weakness","Clash"],"picked":"Uppercut","floor":2},{"not_picked":["Thunderclap","Sword Boomerang"],"picked":"Anger","floor":4},{"not_picked":["Wild Strike","Double Tap"],"picked":"Armaments","floor":6},{"not_picked":["Intimidate","Warcry"],"picked":"Rampage","floor":7},{"not_picked":["Heavy Blade","Sword Boomerang","Pommel Strike"],"picked":"SKIP","floor":11},{"not_picked":["Sentinel","Clothesline"],"picked":"Corruption","floor":12},{"not_picked":["Thunderclap","Shockwave"],"picked":"Combust","floor":13},{"not_picked":["Fiend Fire","Bludgeon"],"picked":"Demon Form","floor":16},{"not_picked":["Perfected Strike","Warcry","Sever Soul"],"picked":"SKIP","floor":18}],"player_experience":861709,"relics_obtained":[{"floor":6,"key":"Incense Burner"},{"floor":9,"key":"Matryoshka"},{"floor":13,"key":"Lantern"},{"floor":21,"key":"Enchiridion"}],"event_choices":[{"damage_healed":0,"gold_gain":0,"player_choice":"Entered Light","damage_taken":23,"max_hp_gain":0,"max_hp_loss":0,"event_name":"Shining Light","floor":3,"gold_loss":0,"cards_upgraded":["Strike_R","Cleave"]},{"cards_removed":["Strike_R"],"damage_healed":0,"gold_gain":0,"player_choice":"Purged","damage_taken":0,"max_hp_gain":0,"max_hp_loss":0,"event_name":"Purifier","floor":5,"gold_loss":0},{"damage_healed":0,"gold_gain":0,"player_choice":"Ignored","damage_taken":0,"max_hp_gain":0,"max_hp_loss":0,"event_name":"The Mausoleum","floor":19,"gold_loss":0},{"damage_healed":0,"gold_gain":0,"player_choice":"Obtained Book","damage_taken":21,"max_hp_gain":0,"max_hp_loss":0,"event_name":"Cursed Tome","floor":21,"gold_loss":0}],"is_beta":false,"boss_relics":[{"not_picked":["Lizard Tail","Orrery"],"picked":"White Beast Statue"}],"items_purged_floors":[20],"is_endless":false,"potions_floor_spawned":[4,7,11,12,13,18],"killed_by":"Spheric Guardian","ascension_level":20}