{"gold_per_floor":[216,226,10,10,37,49,91,103,115,137,149,161,201,213,225,315,327,352,364,396,428,365,377,405,417,429,441,465,41,53,53],"floor_reached":31,"playtime":1373,"items_purged":["Strike_R"],"score":486,"play_id":"c2b3efe1-13c8-491b-b291-24d5f1c12019","local_time":"20190114232009","is_ascension_mode":true,"campfire_choices":[{"data":"Inflame","floor":6,"key":"SMITH"},{"data":"True Grit","floor":8,"key":"SMITH"},{"data":"Inflame","floor":12,"key":"SMITH"},{"data":"Cleave","floor":15,"key":"SMITH"},{"floor":23,"key":"REST"},{"floor":27,"key":"REST"}],"neow_cost":"NONE","seed_source_timestamp":451337664589711,"circlet_count":0,"master_deck":["AscendersBane","Strike_R","Strike_R","Strike_R+1","Defend_R","Defend_R+1","Defend_R","Defend_R","Bash+1","Twin Strike","True Grit+1","Inflame+1","Inflame+1","Cleave+1","Brutality","Shrug It Off","Flame Barrier+1","Sword Boomerang","Shrug It Off","Offering","Rupture","Feel No Pain+1"],"relics":["Burning Blood","MawBank","Shuriken","Mercury Hourglass","Red Skull","Sozu","Bottled Flame","Meat on the Bone"],"potions_floor_usage":[16,21,31],"damage_taken":[{"damage":2,"enemies":"Cultist","floor":1,"turns":4},{"damage":9,"enemies":"Jaw Worm","floor":2,"turns":4},{"damage":8,"enemies":"Gremlin Nob","floor":7,"turns":3},{"damage":1,"enemies":"2 Louse","floor":10,"turns":2},{"damage":15,"enemies":"Lagavulin","floor":13,"turns":5},{"damage":3,"enemies":"Slime Boss","floor":16,"turns":7},{"damage":15,"enemies":"3 Byrds","floor":18,"turns":4},{"damage":24,"enemies":"Spheric Guardian","floor":20,"turns":4},{"damage":33,"enemies":"Snake Plant","floor":21,"turns":4},{"damage":19,"enemies":"3 Cultists","floor":24,"turns":4},{"damage":24,"enemies":"Sentry and Sphere","floor":28,"turns":5},{"damage":18,"enemies":"Snake Plant","floor":30,"turns":4},{"damage":42,"enemies":"Book of Stabbing","floor":31,"turns":4}],"seed_played":"2152796892876105012","potions_obtained":[{"floor":10,"key":"Regen Potion"},{"floor":16,"key":"Strength Potion"}],"is_trial":false,"path_per_floor":["M","M","$","?","T","R","E","R","T","M","$","R","E","?","R","B",null,"M","?","M","M","?","R","M","?","T","R","M","$","M","E"],"character_chosen":"IRONCLAD","items_purchased":["Inflame","Fire Potion","Meat on the Bone","Offering","Rupture"],"campfire_rested":2,"item_purchase_floors":[3,3,29,29,29],"current_hp_per_floor":[72,69,69,69,69,69,67,67,67,72,72,72,63,40,40,43,67,58,58,40,25,25,47,34,34,34,56,38,38,38,0],"gold":53,"neow_bonus":"HUNDRED_GOLD","is_prod":false,"is_daily":false,"chose_seed":false,"campfire_upgraded":4,"win_rate":0,"timestamp":1547508009,"path_taken":["M","M","$","?","?","R","E","R","T","M","$","R","E","?","R","BOSS","M","?","M","M","?","R","M","?","T","R","?","$","M","E"],"build_version":"2019-01-10","purchased_purges":1,"victory":false,"max_hp_per_floor":[75,75,75,75,75,75,75,75,75,75,75,75,75,75,75,75,75,75,75,75,75,75,75,75,75,75,75,75,75,75,75],"card_choices":[{"not_picked":["Thunderclap","Spot Weakness"],"picked":"Twin Strike","floor":1},{"not_picked":["Body Slam","Dropkick"],"picked":"True Grit","floor":2},{"not_picked":["Blood for Blood","True Grit","Warcry"],"picked":"SKIP","floor":7},{"not_picked":["Pummel","Second Wind"],"picked":"Inflame","floor":10},{"not_picked":["Bludgeon","Warcry"],"picked":"Cleave","floor":13},{"not_picked":["Barricade","Bludgeon"],"picked":"Brutality","floor":16},{"not_picked":["Clothesline","Heavy Blade","Wild Strike"],"picked":"SKIP","floor":18},{"not_picked":["Rupture+1","Pommel Strike"],"picked":"Flame Barrier","floor":20},{"not_picked":["Rampage+1","Clash+1"],"picked":"Sword Boomerang","floor":21},{"not_picked":["Entrench","Warcry","Intimidate"],"picked":"SKIP","floor":24},{"not_picked":["Warcry","Headbutt"],"picked":"Shrug It Off","floor":28},{"not_picked":["Dual Wield","Havoc"],"picked":"Feel No Pain+1","floor":30}],"player_experience":864615,"relics_obtained":[{"floor":5,"key":"MawBank"},{"floor":7,"key":"Shuriken"},{"floor":9,"key":"Mercury Hourglass"},{"floor":13,"key":"Red Skull"},{"floor":26,"key":"Bottled Flame"}],"event_choices":[{"damage_healed":0,"gold_gain":0,"player_choice":"Grow","damage_taken":0,"max_hp_gain":0,"max_hp_loss":0,"event_name":"Living Wall","floor":4,"gold_loss":0,"cards_upgraded":["Bash"]},{"damage_healed":0,"gold_gain":0,"player_choice":"Entered Light","damage_taken":23,"max_hp_gain":0,"max_hp_loss":0,"event_name":"Shining Light","floor":14,"gold_loss":0,"cards_upgraded":["Defend_R","Strike_R"]},{"damage_healed":0,"gold_gain":0,"player_choice":"Read","damage_taken":0,"max_hp_gain":0,"max_hp_loss":0,"event_name":"The Library","floor":19,"gold_loss":0,"cards_obtained":["Shrug It Off"]},{"cards_removed":["Strike_R"],"damage_healed":0,"gold_gain":0,"player_choice":"Gave Gold","damage_taken":0,"max_hp_gain":0,"max_hp_loss":0,"event_name":"Beggar","floor":22,"gold_loss":75},{"damage_healed":0,"gold_gain":0,"player_choice":"Upgraded","damage_taken":0,"max_hp_gain":0,"max_hp_loss":0,"event_name":"Upgrade Shrine","floor":25,"gold_loss":0,"cards_upgraded":["Flame Barrier"]}],"is_beta":false,"boss_relics":[{"not_picked":["Pandora\u0027s Box","Philosopher\u0027s Stone"],"picked":"Sozu"}],"items_purged_floors":[3],"is_endless":false,"potions_floor_spawned":[10,16,20,30],"killed_by":"Book of Stabbing","ascension_level":20}