{"gold_per_floor":[109,184,13,25,37,37,63,86,136,136,155,168,168,68,68,172,172,185,60,60,70,88,88,120,140,164,164,174,24,24,43,43,143,143,159,159,176,1,77,77,87,117,117,192,204,237,37,55,55,55],"floor_reached":51,"playtime":2543,"items_purged":["Strike_R","Defend_R","Strike_R","Strike_R","Strike_R+1","Defend_R"],"score":890,"play_id":"a904f486-444b-4821-ac99-ed9eca0fb5b3","local_time":"20190206221122","is_ascension_mode":true,"campfire_choices":[{"data":"Bash","floor":6,"key":"SMITH"},{"floor":13,"key":"REST"},{"data":"Thunderclap","floor":15,"key":"SMITH"},{"floor":23,"key":"REST"},{"floor":30,"key":"REST"},{"data":"Strike_R","floor":32,"key":"SMITH"},{"data":"Finesse","floor":40,"key":"SMITH"},{"data":"Defend_R","floor":49,"key":"SMITH"}],"neow_cost":"NONE","seed_source_timestamp":441758674738906,"circlet_count":0,"master_deck":["Defend_R+1","Bash+1","Finesse+1","Thunderclap+1","Finesse+1","Dropkick+1"],"relics":["Burning Blood","Dream Catcher","Bronze Scales","Odd Mushroom","Boot","Empty Cage","Meat on the Bone","Red Skull","Runic Pyramid","Self Forming Clay","Frozen Egg 2","Pear"],"potions_floor_usage":[16,16,22,22,22,24,25,28,33,33,33,33,33,41,50,50,50],"damage_taken":[{"damage":6,"enemies":"Jaw Worm","floor":1,"turns":5},{"damage":1,"enemies":"Small Slimes","floor":4,"turns":6},{"damage":0,"enemies":"2 Louse","floor":5,"turns":3},{"damage":56,"enemies":"Lagavulin","floor":7,"turns":9},{"damage":18,"enemies":"The Mushroom Lair","floor":8,"turns":6},{"damage":7,"enemies":"2 Fungi Beasts","floor":11,"turns":3},{"damage":7,"enemies":"Red Slaver","floor":12,"turns":4},{"damage":14,"enemies":"Slime Boss","floor":16,"turns":5},{"damage":23,"enemies":"Spheric Guardian","floor":18,"turns":4},{"damage":16,"enemies":"3 Byrds","floor":21,"turns":3},{"damage":18,"enemies":"Cultist and Chosen","floor":22,"turns":5},{"damage":0,"enemies":"Book of Stabbing","floor":24,"turns":1},{"damage":27,"enemies":"Snake Plant","floor":25,"turns":4},{"damage":26,"enemies":"Chosen and Byrds","floor":28,"turns":5},{"damage":6,"enemies":"Cultist and Chosen","floor":31,"turns":4},{"damage":58,"enemies":"Collector","floor":33,"turns":9},{"damage":5,"enemies":"3 Shapes","floor":35,"turns":4},{"damage":4,"enemies":"3 Darklings","floor":37,"turns":2},{"damage":0,"enemies":"Writhing Mass","floor":41,"turns":2},{"damage":0,"enemies":"Giant Head","floor":42,"turns":2},{"damage":4,"enemies":"Sphere and 2 Shapes","floor":45,"turns":3},{"damage":5,"enemies":"Nemesis","floor":46,"turns":3},{"damage":0,"enemies":"Spire Growth","floor":48,"turns":1},{"damage":51,"enemies":"Time Eater","floor":50,"turns":8}],"seed_played":"5977574493785444350","potions_obtained":[{"floor":7,"key":"GamblersBrew"},{"floor":8,"key":"AttackPotion"},{"floor":12,"key":"Strength Potion"},{"floor":16,"key":"Explosive Potion"},{"floor":21,"key":"EntropicBrew"},{"floor":24,"key":"Regen Potion"},{"floor":31,"key":"EntropicBrew"},{"floor":33,"key":"FearPotion"},{"floor":35,"key":"GamblersBrew"},{"floor":42,"key":"PowerPotion"},{"floor":48,"key":"Block Potion"}],"is_trial":false,"path_per_floor":["M","?","$","M","M","R","E","?","T","?","M","M","R","$","R","B",null,"M","$","?","M","M","R","E","M","T","?","M","$","R","M","R","B",null,"M","?","M","$","T","R","M","E","T","?","M","E","$","M","R","B",null],"character_chosen":"IRONCLAD","items_purchased":["Finesse"],"campfire_rested":3,"item_purchase_floors":[3],"current_hp_per_floor":[80,69,69,74,80,80,30,18,18,44,43,42,66,66,66,58,80,63,63,63,53,41,65,71,55,55,55,47,47,71,71,71,31,80,80,80,80,80,80,80,80,80,90,81,83,84,84,90,90,57],"gold":55,"neow_bonus":"RANDOM_COMMON_RELIC","is_prod":false,"is_daily":false,"chose_seed":false,"campfire_upgraded":5,"win_rate":0,"timestamp":1549491082,"path_taken":["M","?","$","M","M","R","E","?","T","?","M","M","R","$","R","BOSS","M","$","?","M","M","R","E","?","T","?","M","$","R","M","R","BOSS","M","?","M","$","?","R","M","E","T","?","M","E","$","?","R","BOSS"],"build_version":"2019-01-23","purchased_purges":6,"victory":true,"max_hp_per_floor":[80,80,80,80,80,80,80,80,80,80,80,80,80,80,80,80,80,80,80,80,80,80,80,80,80,80,80,80,80,80,80,80,80,80,80,80,80,80,80,80,80,80,90,90,90,90,90,90,90,90],"card_choices":[{"not_picked":["True Grit","Shrug It Off","Warcry"],"picked":"SKIP","floor":1},{"not_picked":["Clash","Warcry","Entrench"],"picked":"SKIP","floor":4},{"not_picked":["Clash","Warcry","Entrench"],"picked":"SKIP","floor":4},{"not_picked":["Twin Strike","Feel No Pain","Heavy Blade"],"picked":"SKIP","floor":5},{"not_picked":["Iron Wave","Flex","Sentinel"],"picked":"SKIP","floor":7},{"not_picked":["Flex","Evolve"],"picked":"Thunderclap","floor":8},{"not_picked":["Sever Soul","Sword Boomerang","Armaments"],"picked":"SKIP","floor":11},{"not_picked":["Carnage","Heavy Blade","True Grit"],"picked":"SKIP","floor":12},{"not_picked":["Twin Strike+1","True Grit","Intimidate"],"picked":"SKIP","floor":18},{"not_picked":["Thunderclap+1","Sever Soul","Perfected Strike"],"picked":"SKIP","floor":21},{"not_picked":["Infernal Blade","Ghostly Armor+1","Warcry"],"picked":"SKIP","floor":22},{"not_picked":["Havoc+1","Shockwave"],"picked":"Dropkick+1","floor":23},{"not_picked":["Havoc","Juggernaut","Flex"],"picked":"SKIP","floor":24},{"not_picked":["Flex","Pummel","Thunderclap"],"picked":"SKIP","floor":25},{"not_picked":["Feel No Pain","Thunderclap","Anger"],"picked":"SKIP","floor":28},{"not_picked":["True Grit","Wild Strike","Clothesline"],"picked":"SKIP","floor":31},{"not_picked":["Cleave+1","Armaments+1","Clash+1"],"picked":"SKIP","floor":35},{"not_picked":["Twin Strike","Body Slam","Cleave"],"picked":"SKIP","floor":37},{"not_picked":["Body Slam+1","Exhume","Thunderclap"],"picked":"SKIP","floor":41},{"not_picked":["Clash+1","Body Slam","Metallicize"],"picked":"SKIP","floor":42},{"not_picked":["Fire Breathing+1","Heavy Blade","Anger+1"],"picked":"SKIP","floor":45},{"not_picked":["Heavy Blade","Sword Boomerang","Twin Strike"],"picked":"SKIP","floor":46},{"not_picked":["Headbutt+1","Flex+1","Infernal Blade"],"picked":"SKIP","floor":48}],"player_experience":1094483,"relics_obtained":[{"floor":7,"key":"Bronze Scales"},{"floor":8,"key":"Odd Mushroom"},{"floor":9,"key":"Boot"},{"floor":24,"key":"Meat on the Bone"},{"floor":26,"key":"Red Skull"},{"floor":39,"key":"Self Forming Clay"},{"floor":42,"key":"Frozen Egg 2"},{"floor":43,"key":"Pear"}],"event_choices":[{"damage_healed":0,"gold_gain":75,"player_choice":"Gather Gold","damage_taken":11,"max_hp_gain":0,"max_hp_loss":0,"event_name":"World of Goop","floor":2,"gold_loss":0},{"damage_healed":0,"gold_gain":0,"player_choice":"Fought Mushrooms","damage_taken":0,"max_hp_gain":0,"max_hp_loss":0,"event_name":"Mushrooms","floor":8,"gold_loss":0},{"damage_healed":26,"gold_gain":0,"player_choice":"Banana","damage_taken":0,"max_hp_gain":0,"max_hp_loss":0,"event_name":"Big Fish","floor":10,"gold_loss":0},{"damage_healed":0,"gold_gain":0,"player_choice":"Copied","damage_taken":0,"max_hp_gain":0,"max_hp_loss":0,"event_name":"Duplicator","floor":20,"gold_loss":0,"cards_obtained":["Finesse"]},{"damage_healed":0,"gold_gain":0,"player_choice":"Forge","damage_taken":0,"max_hp_gain":0,"max_hp_loss":0,"event_name":"Accursed Blacksmith","floor":36,"gold_loss":0,"cards_upgraded":["Finesse"]},{"damage_healed":0,"gold_gain":75,"player_choice":"Touch","damage_taken":9,"max_hp_gain":0,"max_hp_loss":0,"event_name":"FaceTrader","floor":44,"gold_loss":0}],"is_beta":false,"boss_relics":[{"not_picked":["Pandora\u0027s Box","Snecko Eye"],"picked":"Empty Cage"},{"not_picked":["Philosopher\u0027s Stone","Fusion Hammer"],"picked":"Runic Pyramid"}],"items_purged_floors":[3,14,19,29,38,47],"is_endless":false,"potions_floor_spawned":[7,8,12,16,21,24,31,33,35,42,48],"ascension_level":1}