{"gold_per_floor":[119,131,131,151,165,190,190,190,190,190,200,211,237,237,237,362,362,378,478,501,519,190,190,90,130,130,149,149,162,178,193,193,193],"floor_reached":33,"playtime":1013,"items_purged":["Strike_R","Strike_R"],"score":281,"play_id":"bd7bc40a-d771-4ece-8c67-caed35d53d1e","local_time":"20190210115237","is_ascension_mode":false,"campfire_choices":[{"data":"Bash","floor":7,"key":"SMITH"},{"data":"Cleave","floor":10,"key":"SMITH"},{"floor":15,"key":"REST"},{"data":"Brutality","floor":23,"key":"SMITH"},{"floor":28,"key":"REST"},{"floor":32,"key":"REST"}],"neow_cost":"NONE","seed_source_timestamp":751771207936180,"circlet_count":0,"master_deck":["Strike_R+1","Strike_R","Strike_R","Defend_R","Defend_R","Defend_R","Defend_R","Bash+1","Cleave+1","Impervious","Headbutt+1","Shrug It Off","Shrug It Off","Pommel Strike","Brutality+1","Whirlwind+1","Shame","Rampage+1","Thunderclap+1"],"relics":["Burning Blood","Bag of Preparation","Mango","Ginger","StoneCalendar","Golden Idol","Cursed Key","Kunai","Art of War","Ancient Tea Set"],"potions_floor_usage":[13,18,33,33],"damage_taken":[{"damage":12,"enemies":"2 Louse","floor":1,"turns":3},{"damage":2,"enemies":"Small Slimes","floor":2,"turns":3},{"damage":1,"enemies":"Cultist","floor":4,"turns":3},{"damage":10,"enemies":"Looter","floor":5,"turns":2},{"damage":29,"enemies":"3 Sentries","floor":6,"turns":8},{"damage":12,"enemies":"Exordium Thugs","floor":11,"turns":4},{"damage":0,"enemies":"Exordium Wildlife","floor":12,"turns":2},{"damage":5,"enemies":"Lagavulin","floor":13,"turns":5},{"damage":54,"enemies":"Hexaghost","floor":16,"turns":8},{"damage":15,"enemies":"3 Byrds","floor":18,"turns":3},{"damage":2,"enemies":"Spheric Guardian","floor":20,"turns":4},{"damage":18,"enemies":"Snake Plant","floor":21,"turns":3},{"damage":47,"enemies":"Gremlin Leader","floor":25,"turns":7},{"damage":14,"enemies":"3 Cultists","floor":27,"turns":3},{"damage":12,"enemies":"Cultist and Chosen","floor":29,"turns":3},{"damage":13,"enemies":"Chosen and Byrds","floor":30,"turns":4},{"damage":14,"enemies":"Snake Plant","floor":31,"turns":4},{"damage":58,"enemies":"Automaton","floor":33,"turns":6}],"seed_played":"5311204821856774699","potions_obtained":[{"floor":5,"key":"Dexterity Potion"},{"floor":11,"key":"Weak Potion"},{"floor":13,"key":"SpeedPotion"},{"floor":16,"key":"Explosive Potion"},{"floor":21,"key":"SpeedPotion"},{"floor":27,"key":"Energy Potion"},{"floor":29,"key":"PowerPotion"}],"is_trial":false,"path_per_floor":["M","M","$","M","M","E","R","?","T","R","M","M","E","?","R","B",null,"M","?","M","M","$","R","$","E","T","M","R","M","M","M","R","B"],"character_chosen":"IRONCLAD","items_purchased":["Kunai"],"campfire_rested":3,"item_purchase_floors":[22],"current_hp_per_floor":[74,78,78,80,76,67,67,48,48,48,42,48,49,49,75,27,87,78,78,82,70,70,70,70,29,29,21,47,41,34,26,52,0],"gold":193,"neow_bonus":"RANDOM_COMMON_RELIC","is_prod":false,"is_daily":false,"chose_seed":false,"campfire_upgraded":3,"win_rate":0,"timestamp":1549799557,"path_taken":["M","M","$","M","M","E","R","?","T","R","M","M","E","?","R","BOSS","M","?","M","M","?","R","$","E","T","M","R","M","M","M","R","BOSS"],"build_version":"2019-01-23","purchased_purges":2,"victory":false,"max_hp_per_floor":[80,80,80,80,80,94,94,94,94,94,94,94,94,87,87,87,87,87,87,87,87,87,87,87,87,87,87,87,87,87,87,87,87],"card_choices":[{"not_picked":["Armaments","True Grit"],"picked":"Cleave","floor":1},{"not_picked":["Thunderclap","Heavy Blade"],"picked":"Impervious","floor":2},{"not_picked":["Heavy Blade","Dual Wield"],"picked":"Headbutt","floor":4},{"not_picked":["Ghostly Armor","True Grit"],"picked":"Shrug It Off","floor":5},{"not_picked":["Seeing Red","Sword Boomerang"],"picked":"Shrug It Off","floor":6},{"not_picked":["Shrug It Off","Fire Breathing"],"picked":"Pommel Strike","floor":11},{"not_picked":["Headbutt","Ghostly Armor","Wild Strike"],"picked":"SKIP","floor":12},{"not_picked":["Intimidate","Cleave"],"picked":"Brutality","floor":13},{"not_picked":["Sword Boomerang+1","True Grit","Body Slam"],"picked":"SKIP","floor":18},{"not_picked":["Infernal Blade","Body Slam"],"picked":"Whirlwind+1","floor":20},{"not_picked":["Feel No Pain+1","Wild Strike","Fire Breathing"],"picked":"SKIP","floor":21},{"not_picked":["Clash+1","Warcry+1","Intimidate"],"picked":"SKIP","floor":25},{"not_picked":["Evolve","Cleave"],"picked":"Rampage+1","floor":27},{"not_picked":["Headbutt","Anger","Entrench"],"picked":"SKIP","floor":29},{"not_picked":["Twin Strike+1","Rampage","Hemokinesis"],"picked":"SKIP","floor":30},{"not_picked":["Immolate","Clothesline","Thunderclap+1"],"picked":"SKIP","floor":31},{"not_picked":["Immolate","Clothesline"],"picked":"Thunderclap+1","floor":31}],"player_experience":1124569,"relics_obtained":[{"floor":6,"key":"Mango"},{"floor":9,"key":"Ginger"},{"floor":13,"key":"StoneCalendar"},{"floor":25,"key":"Art of War"},{"floor":26,"key":"Ancient Tea Set"}],"event_choices":[{"damage_healed":0,"gold_gain":0,"player_choice":"Entered Light","damage_taken":19,"max_hp_gain":0,"max_hp_loss":0,"event_name":"Shining Light","floor":8,"gold_loss":0,"cards_upgraded":["Headbutt","Strike_R"]},{"damage_healed":0,"gold_gain":0,"player_choice":"Lose Max HP","damage_taken":0,"relics_obtained":["Golden Idol"],"max_hp_gain":0,"max_hp_loss":7,"event_name":"Golden Idol","floor":14,"gold_loss":0},{"damage_healed":0,"gold_gain":100,"player_choice":"Pray","damage_taken":0,"max_hp_gain":0,"max_hp_loss":0,"event_name":"Golden Shrine","floor":19,"gold_loss":0}],"is_beta":false,"boss_relics":[{"not_picked":["Velvet Choker","Sozu"],"picked":"Cursed Key"}],"items_purged_floors":[22,24],"is_endless":false,"potions_floor_spawned":[5,11,13,16,21,27,29,30,31],"killed_by":"Automaton","ascension_level":0}