{"gold_per_floor":[114,133,147,166,90,125,125,189,189,189,202,127,144,156,156,261,261],"floor_reached":17,"playtime":979,"items_purged":[],"score":177,"play_id":"312330ff-5e5c-4bea-a260-e4771f8081df","local_time":"20190207134021","is_ascension_mode":true,"campfire_choices":[{"floor":7,"key":"REST"},{"floor":10,"key":"REST"},{"floor":15,"key":"REST"}],"neow_cost":"PERCENT_DAMAGE","seed_source_timestamp":499068429839502,"circlet_count":0,"master_deck":["Strike_R","Strike_R","Strike_R","Strike_R","Strike_R","Defend_R","Defend_R","Defend_R","Defend_R","Bash","Brutality","True Grit","Rupture","Metallicize","Shrug It Off"],"relics":["Burning Blood","Vajra","Tiny Chest","Kunai","Lizard Tail"],"potions_floor_usage":[8,16],"damage_taken":[{"damage":1,"enemies":"Cultist","floor":1,"turns":4},{"damage":3,"enemies":"Small Slimes","floor":2,"turns":4},{"damage":8,"enemies":"2 Louse","floor":3,"turns":3},{"damage":12,"enemies":"Looter","floor":4,"turns":4},{"damage":34,"enemies":"Lagavulin","floor":6,"turns":8},{"damage":41,"enemies":"3 Sentries","floor":8,"turns":9},{"damage":5,"enemies":"Exordium Wildlife","floor":11,"turns":5},{"damage":13,"enemies":"Large Slime","floor":13,"turns":7},{"damage":23,"enemies":"Red Slaver","floor":14,"turns":4},{"damage":40,"enemies":"The Guardian","floor":16,"turns":11}],"seed_played":"-4733654457335986890","potions_obtained":[{"floor":1,"key":"Swift Potion"},{"floor":3,"key":"SkillPotion"},{"floor":6,"key":"BloodPotion"},{"floor":11,"key":"AttackPotion"}],"is_trial":false,"path_per_floor":["M","M","M","M","$","E","R","E","T","R","M","$","M","M","R","B",null],"character_chosen":"IRONCLAD","items_purchased":["Rupture","Metallicize"],"campfire_rested":3,"item_purchase_floors":[5,12],"current_hp_per_floor":[61,64,62,56,56,28,52,25,25,49,50,50,43,26,50,16,80],"gold":261,"neow_bonus":"THREE_RARE_CARDS","is_prod":false,"is_daily":false,"chose_seed":false,"campfire_upgraded":0,"win_rate":0,"timestamp":1549546821,"path_taken":["M","?","M","M","$","E","R","E","T","R","M","?","M","M","R","BOSS"],"build_version":"2019-01-23","purchased_purges":0,"victory":false,"max_hp_per_floor":[80,80,80,80,80,80,80,80,80,80,80,80,80,80,80,80,80],"card_choices":[{"not_picked":["Fiend Fire","Berserk"],"picked":"Brutality","floor":0},{"not_picked":["Inflame","Clothesline"],"picked":"True Grit","floor":1},{"not_picked":["Dropkick","Anger","Wild Strike"],"picked":"SKIP","floor":2},{"not_picked":["Rage","True Grit","Dark Embrace"],"picked":"SKIP","floor":3},{"not_picked":["Ghostly Armor","Flex","Anger"],"picked":"SKIP","floor":4},{"not_picked":["Perfected Strike","Sever Soul","Twin Strike"],"picked":"SKIP","floor":6},{"not_picked":["Heavy Blade","Iron Wave","Wild Strike"],"picked":"SKIP","floor":8},{"not_picked":["Berserk","Infernal Blade","Anger"],"picked":"SKIP","floor":11},{"not_picked":["True Grit","Thunderclap","Metallicize"],"picked":"SKIP","floor":13},{"not_picked":["Sword Boomerang","Shockwave"],"picked":"Shrug It Off","floor":14}],"player_experience":1100228,"relics_obtained":[{"floor":6,"key":"Vajra"},{"floor":8,"key":"Tiny Chest"},{"floor":9,"key":"Kunai"}],"event_choices":[],"is_beta":false,"boss_relics":[{"not_picked":["Snecko Eye","Orrery"],"picked":"Lizard Tail"}],"items_purged_floors":[],"is_endless":false,"potions_floor_spawned":[1,3,6,11],"ascension_level":1}