{"gold_per_floor":[360,375,395,407,284,312,312,312,312,331,231,246,262,262,262,358,358,378,390,190,289,300,326,326,342,342,374,386,386,386,236,236,341,341,352,372,384,400,225,258,58,76,123,123,123,123,153,165,165,165],"floor_reached":51,"playtime":2415,"items_purged":["Defend_R","Defend_R","Strike_R","Strike_R","Bash","Strike_R"],"score":861,"play_id":"e0ee485d-f07d-4c12-bd3f-496bb18f0d80","local_time":"20190206211815","is_ascension_mode":true,"campfire_choices":[{"data":"Shrug It Off","floor":8,"key":"SMITH"},{"data":"Body Slam","floor":15,"key":"SMITH"},{"floor":24,"key":"REST"},{"data":"Defend_R","floor":30,"key":"SMITH"},{"data":"Defend_R","floor":32,"key":"SMITH"},{"floor":44,"key":"REST"},{"data":"Strike_R","floor":49,"key":"SMITH"}],"neow_cost":"TEN_PERCENT_HP_LOSS","seed_source_timestamp":438681433371558,"circlet_count":0,"master_deck":["Strike_R+1","Defend_R+1","Defend_R+1","Shrug It Off+1","Body Slam+1","Shrug It Off+1","Body Slam+1"],"relics":["Burning Blood","Vajra","Kunai","Lizard Tail","Gambling Chip","Ornamental Fan","Bronze Scales","White Beast Statue","Potion Belt","Red Skull","FossilizedHelix"],"potions_floor_usage":[6,16,23,27,33,33,50,50,50,50,50],"damage_taken":[{"damage":1,"enemies":"Cultist","floor":1,"turns":4},{"damage":15,"enemies":"Small Slimes","floor":2,"turns":4},{"damage":1,"enemies":"Jaw Worm","floor":3,"turns":3},{"damage":0,"enemies":"Large Slime","floor":4,"turns":6},{"damage":36,"enemies":"Gremlin Nob","floor":6,"turns":5},{"damage":3,"enemies":"Blue Slaver","floor":10,"turns":5},{"damage":1,"enemies":"3 Louse","floor":12,"turns":3},{"damage":0,"enemies":"Looter","floor":13,"turns":3},{"damage":38,"enemies":"Slime Boss","floor":16,"turns":9},{"damage":23,"enemies":"2 Thieves","floor":18,"turns":4},{"damage":17,"enemies":"3 Byrds","floor":19,"turns":7},{"damage":2,"enemies":"Snake Plant","floor":22,"turns":5},{"damage":29,"enemies":"Slavers","floor":23,"turns":7},{"damage":0,"enemies":"3 Cultists","floor":25,"turns":5},{"damage":13,"enemies":"Book of Stabbing","floor":27,"turns":5},{"damage":0,"enemies":"Snecko","floor":28,"turns":5},{"damage":15,"enemies":"Automaton","floor":33,"turns":10},{"damage":0,"enemies":"3 Shapes","floor":35,"turns":4},{"damage":0,"enemies":"3 Darklings","floor":36,"turns":4},{"damage":6,"enemies":"Maw","floor":37,"turns":7},{"damage":0,"enemies":"4 Shapes","floor":38,"turns":5},{"damage":23,"enemies":"Giant Head","floor":40,"turns":8},{"damage":0,"enemies":"Transient","floor":42,"turns":5},{"damage":12,"enemies":"Nemesis","floor":47,"turns":5},{"damage":0,"enemies":"Sphere and 2 Shapes","floor":48,"turns":4},{"damage":11,"enemies":"Donu and Deca","floor":50,"turns":11}],"seed_played":"1501317187944736366","potions_obtained":[{"floor":3,"key":"Regen Potion"},{"floor":10,"key":"SkillPotion"},{"floor":16,"key":"Block Potion"},{"floor":18,"key":"SneckoOil"},{"floor":23,"key":"Explosive Potion"},{"floor":28,"key":"Explosive Potion"},{"floor":33,"key":"Fire Potion"},{"floor":35,"key":"Swift Potion"},{"floor":36,"key":"Ancient Potion"},{"floor":38,"key":"LiquidBronze"},{"floor":40,"key":"FearPotion"},{"floor":42,"key":"SteroidPotion"}],"is_trial":false,"path_per_floor":["M","M","M","M","$","E","?","R","T","M","$","M","M","?","R","B",null,"M","M","$","?","M","E","R","M","T","E","M","?","R","$","R","B",null,"M","M","M","M","$","E","$","M","T","R","?","$","E","M","R","B",null],"character_chosen":"IRONCLAD","items_purchased":["PowerPotion","Regen Potion"],"campfire_rested":2,"item_purchase_floors":[5,20],"current_hp_per_floor":[72,63,68,72,72,51,51,51,51,54,54,59,65,65,65,33,72,55,44,44,44,48,40,61,67,67,60,66,66,66,66,66,57,72,72,72,72,72,72,55,55,61,61,72,72,72,66,72,72,67],"gold":165,"neow_bonus":"TWO_FIFTY_GOLD","is_prod":false,"is_daily":false,"chose_seed":false,"campfire_upgraded":5,"win_rate":0,"timestamp":1549487895,"path_taken":["M","M","?","M","$","E","?","R","T","?","$","M","M","?","R","BOSS","M","M","$","?","M","E","R","M","T","E","M","?","R","?","R","BOSS","M","M","M","M","$","E","$","M","T","R","?","$","E","M","R","BOSS"],"build_version":"2019-01-23","purchased_purges":6,"victory":true,"max_hp_per_floor":[72,72,72,72,72,72,72,72,72,72,72,72,72,72,72,72,72,72,72,72,72,72,72,72,72,72,72,72,72,72,72,72,72,72,72,72,72,72,72,72,72,72,72,72,72,72,72,72,72,72],"card_choices":[{"not_picked":["Heavy Blade","Uppercut","Power Through"],"picked":"SKIP","floor":1},{"not_picked":["Warcry","Heavy Blade","Clothesline"],"picked":"SKIP","floor":2},{"not_picked":["Headbutt","Sever Soul","Juggernaut"],"picked":"SKIP","floor":3},{"not_picked":["Bloodletting","Havoc"],"picked":"Shrug It Off","floor":4},{"not_picked":["Twin Strike","Impervious","Anger"],"picked":"SKIP","floor":6},{"not_picked":["Thunderclap","Spot Weakness","Flame Barrier"],"picked":"SKIP","floor":10},{"not_picked":["Sword Boomerang","Combust","Cleave"],"picked":"SKIP","floor":12},{"not_picked":["Second Wind","True Grit"],"picked":"Body Slam","floor":13},{"not_picked":["Headbutt","Rampage","Iron Wave"],"picked":"SKIP","floor":18},{"not_picked":["Cleave+1","Battle Trance"],"picked":"Shrug It Off+1","floor":19},{"not_picked":["Pommel Strike","Uppercut"],"picked":"Body Slam+1","floor":22},{"not_picked":["Perfected Strike","Seeing Red","Limit Break"],"picked":"SKIP","floor":23},{"not_picked":["Dual Wield","Wild Strike","Headbutt"],"picked":"SKIP","floor":25},{"not_picked":["Combust","Warcry","Thunderclap+1"],"picked":"SKIP","floor":27},{"not_picked":["Pommel Strike","Iron Wave+1","Second Wind"],"picked":"SKIP","floor":28},{"not_picked":["Shrug It Off","Thunderclap+1","Twin Strike"],"picked":"SKIP","floor":35},{"not_picked":["Rage","Warcry","Searing Blow"],"picked":"SKIP","floor":36},{"not_picked":["Metallicize+1","Rage","True Grit"],"picked":"SKIP","floor":37},{"not_picked":["Heavy Blade+1","Corruption","Perfected Strike+1"],"picked":"SKIP","floor":38},{"not_picked":["Sword Boomerang","Juggernaut","Shockwave+1"],"picked":"SKIP","floor":40},{"not_picked":["Pommel Strike+1","Dual Wield","Twin Strike+1"],"picked":"SKIP","floor":42},{"not_picked":["Rampage","Iron Wave","Sword Boomerang"],"picked":"SKIP","floor":47},{"not_picked":["Pommel Strike","Clash","Sword Boomerang+1"],"picked":"SKIP","floor":48}],"player_experience":1091617,"relics_obtained":[{"floor":6,"key":"Vajra"},{"floor":9,"key":"Kunai"},{"floor":23,"key":"Gambling Chip"},{"floor":26,"key":"Ornamental Fan"},{"floor":27,"key":"Bronze Scales"},{"floor":40,"key":"Potion Belt"},{"floor":43,"key":"Red Skull"},{"floor":47,"key":"FossilizedHelix"}],"event_choices":[{"cards_removed":["Strike_R"],"damage_healed":0,"gold_gain":0,"player_choice":"Purged","damage_taken":0,"max_hp_gain":0,"max_hp_loss":0,"event_name":"Purifier","floor":7,"gold_loss":0},{"damage_healed":0,"gold_gain":0,"player_choice":"Ignored","damage_taken":0,"max_hp_gain":0,"max_hp_loss":0,"event_name":"Liars Game","floor":14,"gold_loss":0},{"damage_healed":0,"gold_gain":99,"player_choice":"Stole From Cult","damage_taken":0,"max_hp_gain":0,"max_hp_loss":0,"event_name":"Nest","floor":21,"gold_loss":0},{"damage_healed":0,"gold_gain":0,"player_choice":"Ignored","damage_taken":0,"max_hp_gain":0,"max_hp_loss":0,"event_name":"Ghosts","floor":29,"gold_loss":0},{"damage_healed":0,"gold_gain":0,"player_choice":"Ignored","damage_taken":0,"max_hp_gain":0,"max_hp_loss":0,"event_name":"Tomb of Lord Red Mask","floor":45,"gold_loss":0}],"is_beta":false,"boss_relics":[{"not_picked":["Snecko Eye","Sozu"],"picked":"Lizard Tail"},{"not_picked":["Orrery","Eternal Feather"],"picked":"White Beast Statue"}],"items_purged_floors":[5,11,20,31,39,41],"is_endless":false,"potions_floor_spawned":[3,10,16,18,23,28,33,35,36,37,38,40,42,47,48],"ascension_level":1}