{"gold_per_floor":[109,124,49,63,83,113,125,137,149,161,189,201,229,259,271,384,396,420,444,473,485,33,33,47,47,47,66,66,95,111,111],"floor_reached":31,"playtime":888,"items_purged":["Strike_R","Writhe"],"score":261,"play_id":"48d9acd6-488b-43a9-89a7-6ceee9843559","local_time":"20190210102037","is_ascension_mode":false,"campfire_choices":[{"data":"Rampage","floor":8,"key":"SMITH"},{"data":"Spot Weakness","floor":10,"key":"SMITH"},{"data":"Bash","floor":15,"key":"SMITH"},{"data":"Limit Break","floor":23,"key":"SMITH"},{"data":"Whirlwind","floor":25,"key":"SMITH"},{"floor":28,"key":"REST"}],"neow_cost":"NONE","seed_source_timestamp":746374815366606,"circlet_count":0,"master_deck":["Strike_R","Strike_R","Strike_R","Strike_R","Defend_R","Defend_R","Defend_R","Bash+1","Rampage+1","Spot Weakness+1","Shrug It Off","Sword Boomerang","Feed","Immolate","Whirlwind+1","Ghostly Armor","Limit Break+1","Ghostly Armor"],"relics":["Black Blood","MawBank","Oddly Smooth Stone","Shuriken","Lantern","Sling","Darkstone Periapt","Ancient Tea Set"],"potions_floor_usage":[14,16,18,24,29,29,30],"damage_taken":[{"damage":7,"enemies":"Small Slimes","floor":1,"turns":4},{"damage":4,"enemies":"2 Louse","floor":2,"turns":3},{"damage":6,"enemies":"Cultist","floor":4,"turns":3},{"damage":8,"enemies":"2 Fungi Beasts","floor":5,"turns":5},{"damage":33,"enemies":"3 Sentries","floor":6,"turns":9},{"damage":7,"enemies":"Blue Slaver","floor":11,"turns":3},{"damage":10,"enemies":"3 Louse","floor":13,"turns":4},{"damage":10,"enemies":"Gremlin Gang","floor":14,"turns":4},{"damage":23,"enemies":"Hexaghost","floor":16,"turns":7},{"damage":21,"enemies":"2 Thieves","floor":18,"turns":3},{"damage":10,"enemies":"Chosen","floor":19,"turns":4},{"damage":36,"enemies":"Snake Plant","floor":20,"turns":4},{"damage":32,"enemies":"Centurion and Healer","floor":24,"turns":7},{"damage":25,"enemies":"Snecko","floor":27,"turns":5},{"damage":36,"enemies":"Slavers","floor":29,"turns":4},{"damage":25,"enemies":"Snake Plant","floor":30,"turns":6},{"damage":22,"enemies":"Cultist and Chosen","floor":31,"turns":4}],"seed_played":"860623135304973011","potions_obtained":[{"floor":0,"key":"Energy Potion"},{"floor":0,"key":"SpeedPotion"},{"floor":0,"key":"SmokeBomb"},{"floor":6,"key":"Strength Potion"},{"floor":13,"key":"BloodPotion"},{"floor":14,"key":"SpeedPotion"},{"floor":16,"key":"BloodPotion"},{"floor":19,"key":"SpeedPotion"},{"floor":24,"key":"Poison Potion"},{"floor":27,"key":"Strength Potion"}],"is_trial":false,"path_per_floor":["M","M","$","M","M","E","?","R","T","R","M","?","M","M","R","B",null,"M","M","M","?","$","R","M","R","T","M","R","E","M","M"],"character_chosen":"IRONCLAD","items_purchased":["Limit Break","Sling"],"campfire_rested":1,"item_purchase_floors":[22,22],"current_hp_per_floor":[79,80,80,80,78,51,44,44,44,44,43,43,39,46,46,29,83,80,80,57,57,57,57,38,38,38,23,49,26,11,0],"gold":111,"neow_bonus":"THREE_SMALL_POTIONS","is_prod":false,"is_daily":false,"chose_seed":false,"campfire_upgraded":5,"win_rate":0,"timestamp":1549794037,"path_taken":["M","M","$","M","M","E","?","R","T","R","M","?","M","?","R","BOSS","M","M","M","?","$","R","M","R","T","M","R","E","M","M"],"build_version":"2019-01-23","purchased_purges":2,"victory":false,"max_hp_per_floor":[80,80,80,80,80,80,80,80,80,80,80,80,80,83,83,83,83,83,83,86,86,86,86,89,89,89,89,89,92,92,92],"card_choices":[{"not_picked":["Bloodletting","Pummel"],"picked":"Rampage","floor":1},{"not_picked":["Iron Wave","Heavy Blade"],"picked":"Spot Weakness","floor":2},{"not_picked":["Anger","Headbutt"],"picked":"Shrug It Off","floor":4},{"not_picked":["Wild Strike","Seeing Red","Pommel Strike"],"picked":"SKIP","floor":5},{"not_picked":["Carnage","Dark Embrace","Clash"],"picked":"SKIP","floor":6},{"not_picked":["Cleave","Evolve"],"picked":"Sword Boomerang","floor":11},{"not_picked":["Armaments","Flex"],"picked":"Feed","floor":13},{"not_picked":["Sever Soul","Sentinel","Reckless Charge"],"picked":"SKIP","floor":14},{"not_picked":["Demon Form","Double Tap"],"picked":"Immolate","floor":16},{"not_picked":["Dropkick","Cleave"],"picked":"Whirlwind","floor":18},{"not_picked":["Body Slam+1","Flex","Iron Wave"],"picked":"SKIP","floor":19},{"not_picked":["Clothesline","True Grit"],"picked":"Ghostly Armor","floor":20},{"not_picked":["Fire Breathing+1","Headbutt","Anger"],"picked":"SKIP","floor":24},{"not_picked":["Searing Blow","Havoc"],"picked":"Ghostly Armor","floor":27},{"not_picked":["Headbutt+1","Cleave","Body Slam+1"],"picked":"SKIP","floor":29},{"not_picked":["Warcry+1","Brutality","Perfected Strike+1"],"picked":"SKIP","floor":30}],"player_experience":1121722,"relics_obtained":[{"floor":6,"key":"MawBank"},{"floor":9,"key":"Oddly Smooth Stone"},{"floor":26,"key":"Darkstone Periapt"},{"floor":29,"key":"Ancient Tea Set"}],"event_choices":[{"cards_removed":["Defend_R"],"damage_healed":0,"gold_gain":0,"player_choice":"Card Removal","damage_taken":7,"max_hp_gain":0,"max_hp_loss":0,"event_name":"Golden Wing","floor":7,"gold_loss":0},{"damage_healed":0,"gold_gain":0,"player_choice":"Gave Potion","damage_taken":0,"relics_obtained":["Shuriken"],"max_hp_gain":0,"max_hp_loss":0,"event_name":"WeMeetAgain","floor":12,"gold_loss":0},{"damage_healed":0,"gold_gain":0,"player_choice":"Opened","damage_taken":0,"relics_obtained":["Lantern"],"max_hp_gain":0,"max_hp_loss":0,"event_name":"The Mausoleum","floor":21,"gold_loss":0,"cards_obtained":["Writhe"]}],"is_beta":false,"boss_relics":[{"not_picked":["Coffee Dripper","Black Star"],"picked":"Black Blood"}],"items_purged_floors":[3,22],"is_endless":false,"potions_floor_spawned":[1,6,13,14,16,19,24,27],"killed_by":"Cultist and Chosen","ascension_level":0}