{"gold_per_floor":[218,53,63,63,80,111,123,143,169,199,199,214,234,134,134,237,237,253,253,128,128,144,144,144,144,218,218,228,240,90,106,106,210,210,229,54,69,69,86,86,120,130,179,193,193,223,301,314,314,314],"floor_reached":51,"playtime":2562,"items_purged":["Defend_R","Defend_R","Berserk","Bloodletting","Armaments"],"score":922,"play_id":"5baf74e7-28f1-41c1-b05d-d3011f2ccb76","local_time":"20190205180813","is_ascension_mode":true,"campfire_choices":[{"floor":15,"key":"REST"},{"floor":23,"key":"REST"},{"floor":25,"key":"REST"},{"floor":27,"key":"REST"},{"floor":32,"key":"REST"},{"floor":40,"key":"REST"},{"data":"Dropkick","floor":49,"key":"SMITH"}],"neow_cost":"NONE","seed_source_timestamp":340748306212912,"circlet_count":0,"master_deck":["Bash","Flash of Steel+1","Feel No Pain","Impervious","Blood for Blood","Spot Weakness","Dropkick+1"],"relics":["Black Blood","Oddly Smooth Stone","Pen Nib","Blue Candle","Pandora\u0027s Box","Centennial Puzzle","Blood Vial","Sundial","Pantograph"],"potions_floor_usage":[10,16,16,31,33,50,50,50],"damage_taken":[{"damage":3,"enemies":"2 Louse","floor":1,"turns":4},{"damage":1,"enemies":"Cultist","floor":3,"turns":3},{"damage":0,"enemies":"Small Slimes","floor":5,"turns":2},{"damage":20,"enemies":"Gremlin Nob","floor":6,"turns":4},{"damage":26,"enemies":"Exordium Wildlife","floor":7,"turns":6},{"damage":16,"enemies":"Gremlin Gang","floor":8,"turns":7},{"damage":0,"enemies":"Lagavulin Event","floor":10,"turns":2},{"damage":4,"enemies":"Looter","floor":12,"turns":4},{"damage":1,"enemies":"2 Fungi Beasts","floor":13,"turns":4},{"damage":40,"enemies":"Slime Boss","floor":16,"turns":10},{"damage":24,"enemies":"2 Thieves","floor":18,"turns":4},{"damage":30,"enemies":"Colosseum Slavers","floor":19,"turns":5},{"damage":21,"enemies":"Shell Parasite","floor":22,"turns":5},{"damage":15,"enemies":"Snake Plant","floor":28,"turns":4},{"damage":13,"enemies":"Centurion and Healer","floor":29,"turns":6},{"damage":16,"enemies":"Cultist and Chosen","floor":31,"turns":5},{"damage":32,"enemies":"Collector","floor":33,"turns":3},{"damage":44,"enemies":"3 Darklings","floor":35,"turns":5},{"damage":20,"enemies":"3 Shapes","floor":37,"turns":7},{"damage":15,"enemies":"3 Darklings","floor":39,"turns":4},{"damage":0,"enemies":"Giant Head","floor":41,"turns":2},{"damage":0,"enemies":"Transient","floor":42,"turns":3},{"damage":0,"enemies":"Maw","floor":44,"turns":2},{"damage":18,"enemies":"Reptomancer","floor":46,"turns":2},{"damage":0,"enemies":"Writhing Mass","floor":48,"turns":2},{"damage":46,"enemies":"Donu and Deca","floor":50,"turns":5}],"seed_played":"-3127253355415472027","potions_obtained":[{"floor":1,"key":"Block Potion"},{"floor":7,"key":"SmokeBomb"},{"floor":8,"key":"FairyPotion"},{"floor":12,"key":"EssenceOfSteel"},{"floor":18,"key":"Block Potion"},{"floor":22,"key":"Strength Potion"},{"floor":28,"key":"PowerPotion"},{"floor":35,"key":"FearPotion"},{"floor":42,"key":"Dexterity Potion"}],"is_trial":false,"path_per_floor":["M","$","M","?","M","E","M","M","T","?","T","M","M","$","R","B",null,"M","?","$","?","M","R","?","R","T","R","M","M","$","M","R","B",null,"M","$","M","$","M","R","E","M","T","M","?","E","T","M","R","B",null],"character_chosen":"IRONCLAD","items_purchased":["Flash of Steel"],"campfire_rested":6,"item_purchase_floors":[2],"current_hp_per_floor":[80,80,80,80,80,66,46,36,36,42,42,44,49,49,73,39,80,62,38,38,23,8,33,33,58,58,83,74,67,67,57,82,56,85,51,51,41,41,36,61,71,81,81,85,81,73,73,81,81,45],"gold":314,"neow_bonus":"HUNDRED_GOLD","is_prod":false,"is_daily":false,"chose_seed":false,"campfire_upgraded":1,"win_rate":0,"timestamp":1549390093,"path_taken":["M","$","M","?","M","E","?","M","T","?","?","M","?","$","R","BOSS","M","?","$","?","M","R","?","R","T","R","M","M","$","M","R","BOSS","M","$","M","$","M","R","E","M","T","M","?","E","?","?","R","BOSS"],"build_version":"2019-01-23","purchased_purges":5,"victory":true,"max_hp_per_floor":[80,80,80,80,80,80,80,80,80,80,80,80,80,80,80,80,80,80,80,80,85,85,85,85,85,85,85,85,85,85,85,85,85,85,85,85,85,85,85,85,85,85,85,85,81,81,81,81,81,81],"card_choices":[{"not_picked":["Rupture","Second Wind","Headbutt"],"picked":"SKIP","floor":1},{"not_picked":["Iron Wave","Hemokinesis","Cleave"],"picked":"SKIP","floor":3},{"not_picked":["Shrug It Off","Evolve","Spot Weakness"],"picked":"SKIP","floor":5},{"not_picked":["Seeing Red","Metallicize","Burning Pact"],"picked":"SKIP","floor":6},{"not_picked":["Iron Wave","Pummel","Sword Boomerang"],"picked":"SKIP","floor":7},{"not_picked":["Anger","Headbutt","Pommel Strike"],"picked":"SKIP","floor":8},{"not_picked":["Feel No Pain","Intimidate","Sword Boomerang"],"picked":"SKIP","floor":12},{"not_picked":["Uppercut","Headbutt","Combust"],"picked":"SKIP","floor":13},{"not_picked":["Sentinel","Body Slam","Sword Boomerang"],"picked":"SKIP","floor":18},{"not_picked":["Rupture+1","Pommel Strike+1","Anger+1"],"picked":"SKIP","floor":22},{"not_picked":["Uppercut","Heavy Blade","Clothesline"],"picked":"SKIP","floor":28},{"not_picked":["Flame Barrier","Pommel Strike","Wild Strike"],"picked":"SKIP","floor":29},{"not_picked":["Battle Trance","Twin Strike","Anger+1"],"picked":"SKIP","floor":31},{"not_picked":["Carnage","Rage","Flame Barrier"],"picked":"SKIP","floor":35},{"not_picked":["Thunderclap","Havoc+1","Headbutt"],"picked":"SKIP","floor":37},{"not_picked":["Offering","Second Wind","Flame Barrier+1"],"picked":"SKIP","floor":39},{"not_picked":["Twin Strike+1","Blood for Blood+1","Pommel Strike+1"],"picked":"SKIP","floor":41},{"not_picked":["Infernal Blade","Disarm","Wild Strike"],"picked":"SKIP","floor":42},{"not_picked":["Heavy Blade","Perfected Strike","Feel No Pain+1"],"picked":"SKIP","floor":44},{"not_picked":["True Grit","Heavy Blade","Double Tap"],"picked":"SKIP","floor":46},{"not_picked":["Flex","Shrug It Off","Perfected Strike"],"picked":"SKIP","floor":48}],"player_experience":1083504,"relics_obtained":[{"floor":6,"key":"Oddly Smooth Stone"},{"floor":9,"key":"Pen Nib"},{"floor":11,"key":"Blue Candle"},{"floor":41,"key":"Centennial Puzzle"},{"floor":43,"key":"Blood Vial"},{"floor":46,"key":"Sundial"},{"floor":47,"key":"Pantograph"}],"event_choices":[{"damage_healed":0,"gold_gain":0,"player_choice":"Forge","damage_taken":0,"max_hp_gain":0,"max_hp_loss":0,"event_name":"Accursed Blacksmith","floor":4,"gold_loss":0,"cards_upgraded":["Flash of Steel"]},{"damage_healed":0,"gold_gain":30,"player_choice":"Searched \u00272\u0027 times","damage_taken":0,"max_hp_gain":0,"max_hp_loss":0,"event_name":"Dead Adventurer","floor":10,"gold_loss":0},{"damage_healed":0,"gold_gain":0,"player_choice":"Fight","damage_taken":0,"max_hp_gain":0,"max_hp_loss":0,"event_name":"Colosseum","floor":19,"gold_loss":0},{"damage_healed":0,"gold_gain":0,"player_choice":"Fled From Nobs","damage_taken":0,"max_hp_gain":0,"max_hp_loss":0,"event_name":"Colosseum","floor":19,"gold_loss":0},{"damage_healed":0,"gold_gain":0,"player_choice":"Shed Blood","damage_taken":20,"max_hp_gain":5,"max_hp_loss":0,"event_name":"Forgotten Altar","floor":21,"gold_loss":0},{"damage_healed":0,"gold_gain":0,"player_choice":"Read","damage_taken":0,"max_hp_gain":0,"max_hp_loss":0,"event_name":"The Library","floor":24,"gold_loss":0,"cards_obtained":["Dropkick"]},{"damage_healed":0,"gold_gain":0,"player_choice":"Max HP","damage_taken":0,"max_hp_gain":0,"max_hp_loss":4,"event_name":"Winding Halls","floor":45,"gold_loss":0}],"is_beta":false,"boss_relics":[{"not_picked":["Runic Pyramid","Tiny House"],"picked":"Pandora\u0027s Box"},{"not_picked":["Runic Dome","Busted Crown"],"picked":"Black Blood"}],"items_purged_floors":[2,14,20,30,36],"is_endless":false,"potions_floor_spawned":[1,7,8,10,12,18,22,28,35,42],"ascension_level":1}