{"gold_per_floor":[115,115,135,135,147,147,165,179,179,197,223,249,269,302,302,404,404,414,414,414,59,71,71,104,104,104,115,115,15,15,27,27,126,126,141,151,26,42,62,62,62,74,143,157,157,175,186,286,286,286],"floor_reached":51,"playtime":1853,"items_purged":["Strike_R+1","Strike_R+1","Defend_R+1"],"score":708,"play_id":"16c8ca1e-2212-4394-aaad-1a51dcdd4d7e","local_time":"20190210131215","is_ascension_mode":false,"campfire_choices":[{"data":"Bash","floor":6,"key":"SMITH"},{"data":"Cleave","floor":15,"key":"SMITH"},{"floor":23,"key":"REST"},{"data":"Disarm","floor":25,"key":"SMITH"},{"floor":28,"key":"REST"},{"floor":32,"key":"REST"},{"data":"Spot Weakness","floor":40,"key":"SMITH"},{"floor":45,"key":"REST"},{"floor":49,"key":"REST"}],"neow_cost":"NONE","seed_source_timestamp":755698968724734,"circlet_count":0,"master_deck":["Strike_R+1","Defend_R+1","Defend_R+1","Bash+1","Dropkick","Spot Weakness+1","Cleave+1","Rampage","Shrug It Off","Shockwave","Offering","Disarm+1","Clothesline","Flex+1","Brutality","Dropkick","Reaper","Battle Trance","Feed","Dropkick","True Grit+1","Flex+1","Heavy Blade+1"],"relics":["Burning Blood","Boot","Vajra","Strawberry","Bottled Lightning","Black Star","Bag of Marbles","Mercury Hourglass","Red Skull","Question Card","Eternal Feather","Molten Egg 2","Turnip"],"potions_floor_usage":[16,24,24,24,33,50,50,50],"damage_taken":[{"damage":1,"enemies":"Jaw Worm","floor":1,"turns":5},{"damage":1,"enemies":"Cultist","floor":3,"turns":3},{"damage":9,"enemies":"2 Louse","floor":5,"turns":2},{"damage":18,"enemies":"Lots of Slimes","floor":7,"turns":3},{"damage":15,"enemies":"Exordium Wildlife","floor":8,"turns":3},{"damage":0,"enemies":"Large Slime","floor":10,"turns":4},{"damage":16,"enemies":"Gremlin Nob","floor":12,"turns":3},{"damage":11,"enemies":"Exordium Thugs","floor":13,"turns":3},{"damage":18,"enemies":"Lagavulin","floor":14,"turns":5},{"damage":19,"enemies":"Slime Boss","floor":16,"turns":9},{"damage":31,"enemies":"Spheric Guardian","floor":18,"turns":5},{"damage":25,"enemies":"2 Thieves","floor":22,"turns":3},{"damage":28,"enemies":"Book of Stabbing","floor":24,"turns":4},{"damage":10,"enemies":"Centurion and Healer","floor":27,"turns":4},{"damage":23,"enemies":"Snake Plant","floor":31,"turns":3},{"damage":46,"enemies":"Collector","floor":33,"turns":6},{"damage":50,"enemies":"3 Darklings","floor":35,"turns":9},{"damage":20,"enemies":"Orb Walker","floor":36,"turns":3},{"damage":18,"enemies":"Transient","floor":38,"turns":5},{"damage":18,"enemies":"Sphere and 2 Shapes","floor":39,"turns":3},{"damage":28,"enemies":"Maw","floor":42,"turns":5},{"damage":29,"enemies":"4 Shapes","floor":44,"turns":4},{"damage":25,"enemies":"Jaw Worm Horde","floor":46,"turns":3},{"damage":28,"enemies":"Sphere and 2 Shapes","floor":47,"turns":5},{"damage":17,"enemies":"Mind Bloom Boss Battle","floor":48,"turns":6},{"damage":86,"enemies":"Time Eater","floor":50,"turns":8}],"seed_played":"-1601754894224030298","potions_obtained":[{"floor":0,"key":"SpeedPotion"},{"floor":0,"key":"GamblersBrew"},{"floor":0,"key":"Dexterity Potion"},{"floor":3,"key":"FairyPotion"},{"floor":16,"key":"GamblersBrew"},{"floor":20,"key":"PowerPotion"},{"floor":20,"key":"Weak Potion"},{"floor":20,"key":"LiquidBronze"},{"floor":24,"key":"Dexterity Potion"},{"floor":27,"key":"Fire Potion"},{"floor":35,"key":"Strength Potion"},{"floor":39,"key":"SteroidPotion"}],"is_trial":false,"path_per_floor":["M","?","M","?","M","R","M","M","T","M","T","E","M","E","R","B",null,"M","?","?","$","M","R","E","R","T","M","R","$","?","M","R","B",null,"M","M","$","M","M","R","?","M","T","M","R","M","M","?","R","B",null],"character_chosen":"IRONCLAD","items_purchased":["Disarm","Bag of Marbles","Clothesline"],"campfire_rested":5,"item_purchase_floors":[21,21,21],"current_hp_per_floor":[80,80,80,80,77,77,65,56,56,62,62,59,54,42,42,29,87,62,62,62,62,43,69,47,47,47,43,69,69,69,52,78,38,87,65,63,63,69,72,84,84,84,84,64,93,75,53,45,85,47],"gold":286,"neow_bonus":"THREE_SMALL_POTIONS","is_prod":false,"is_daily":false,"chose_seed":false,"campfire_upgraded":4,"win_rate":0,"timestamp":1549804335,"path_taken":["M","?","?","?","M","R","M","?","T","M","?","E","M","E","R","BOSS","M","?","?","$","M","R","E","R","T","?","R","$","?","M","R","BOSS","M","M","$","?","M","R","?","M","T","M","R","?","M","?","R","BOSS"],"build_version":"2019-01-23","purchased_purges":3,"victory":true,"max_hp_per_floor":[80,80,80,80,80,80,80,80,80,80,80,87,87,87,87,87,87,87,87,87,87,87,87,87,87,87,87,87,87,87,87,87,87,87,87,87,87,87,90,90,90,90,90,93,93,93,93,96,96,99],"card_choices":[{"not_picked":["Armaments","Shrug It Off"],"picked":"Dropkick","floor":1},{"not_picked":["Body Slam","Headbutt"],"picked":"Cleave","floor":3},{"not_picked":["Intimidate","Carnage","Body Slam"],"picked":"SKIP","floor":5},{"not_picked":["True Grit","Burning Pact","Flex"],"picked":"SKIP","floor":7},{"not_picked":["Sever Soul","Perfected Strike","Uppercut"],"picked":"SKIP","floor":8},{"not_picked":["Impervious","True Grit"],"picked":"Rampage","floor":10},{"not_picked":["Iron Wave","Sentinel","Armaments"],"picked":"SKIP","floor":12},{"not_picked":["Power Through","Anger"],"picked":"Shrug It Off","floor":13},{"not_picked":["Corruption","Seeing Red"],"picked":"Shockwave","floor":14},{"not_picked":["Exhume","Dark Embrace"],"picked":"Offering","floor":16},{"not_picked":["Clash","Whirlwind","Pummel"],"picked":"SKIP","floor":18},{"not_picked":["Whirlwind+1","Clothesline+1"],"picked":"Flex+1","floor":22},{"not_picked":["Seeing Red","Flex"],"picked":"Brutality","floor":24},{"not_picked":["Perfected Strike","Rage","Iron Wave+1"],"picked":"Dropkick","floor":27},{"not_picked":["Intimidate","Warcry","Twin Strike","Whirlwind"],"picked":"SKIP","floor":31},{"not_picked":["Fiend Fire","Exhume","Double Tap"],"picked":"Reaper","floor":33},{"not_picked":["True Grit","Burning Pact","Entrench","Havoc+1"],"picked":"SKIP","floor":35},{"not_picked":["Anger+1","Feel No Pain","Headbutt"],"picked":"Battle Trance","floor":36},{"not_picked":["Armaments+1","Wild Strike+1","Flex"],"picked":"Feed","floor":38},{"not_picked":["Thunderclap+1","Perfected Strike+1","Battle Trance+1"],"picked":"Dropkick","floor":39},{"not_picked":["Dual Wield","Searing Blow+1","Carnage"],"picked":"True Grit+1","floor":42},{"not_picked":["True Grit+1","Clothesline+1","Sever Soul+1"],"picked":"Flex+1","floor":44},{"not_picked":["Pummel+1","Clothesline+1","Berserk","Perfected Strike+1"],"picked":"SKIP","floor":46},{"not_picked":["Flex","Clothesline+1","Shockwave+1","Clash+1"],"picked":"SKIP","floor":47},{"not_picked":["Headbutt+1","Havoc","Pummel+1"],"picked":"Heavy Blade+1","floor":48}],"player_experience":1125582,"relics_obtained":[{"floor":9,"key":"Boot"},{"floor":11,"key":"Vajra"},{"floor":12,"key":"Strawberry"},{"floor":14,"key":"Bottled Lightning"},{"floor":24,"key":"Mercury Hourglass"},{"floor":24,"key":"Red Skull"},{"floor":26,"key":"Question Card"},{"floor":43,"key":"Molten Egg 2"},{"floor":48,"key":"Turnip"}],"event_choices":[{"damage_healed":0,"gold_gain":0,"cards_transformed":["Defend_R"],"player_choice":"Transformed","damage_taken":0,"max_hp_gain":0,"max_hp_loss":0,"event_name":"Transmorgrifier","floor":2,"gold_loss":0,"cards_obtained":["Spot Weakness"]},{"cards_removed":["Strike_R"],"damage_healed":0,"gold_gain":0,"player_choice":"Purged","damage_taken":0,"max_hp_gain":0,"max_hp_loss":0,"event_name":"Purifier","floor":4,"gold_loss":0},{"damage_healed":0,"gold_gain":0,"player_choice":"Simplicity","damage_taken":0,"max_hp_gain":0,"max_hp_loss":0,"event_name":"Back to Basics","floor":19,"gold_loss":0,"cards_upgraded":["Strike_R","Strike_R","Strike_R","Strike_R","Defend_R","Defend_R","Defend_R"]},{"damage_healed":0,"gold_gain":0,"player_choice":"Got Potions","damage_taken":0,"max_hp_gain":0,"max_hp_loss":0,"event_name":"Lab","floor":20,"gold_loss":0},{"damage_healed":0,"gold_gain":0,"player_choice":"Ignored","damage_taken":0,"max_hp_gain":0,"max_hp_loss":0,"event_name":"N\u0027loth","floor":30,"gold_loss":0},{"cards_removed":["Strike_R"],"damage_healed":0,"gold_gain":0,"player_choice":"Offered Basic","damage_taken":0,"max_hp_gain":0,"max_hp_loss":0,"event_name":"Bonfire Elementals","floor":41,"gold_loss":0},{"damage_healed":0,"gold_gain":0,"player_choice":"Fight","damage_taken":0,"max_hp_gain":0,"max_hp_loss":0,"event_name":"MindBloom","floor":48,"gold_loss":0}],"is_beta":false,"boss_relics":[{"not_picked":["Orrery","White Beast Statue"],"picked":"Black Star"},{"not_picked":["Calling Bell","Runic Pyramid"],"picked":"Eternal Feather"}],"items_purged_floors":[21,29,37],"is_endless":false,"potions_floor_spawned":[1,3,7,16,22,24,27,35,39,44,47,48],"ascension_level":0}