{"gold_per_floor":[112,124,16,16,33,33,64,80,80,80,114,124,124,139,139,242,242,256,256,273,283,111,111,122,132,132,0,0,0,0,16,16,16],"floor_reached":33,"playtime":1838,"items_purged":["Strike_R"],"score":259,"play_id":"6b91928b-4480-411f-be86-2e8309c93a3b","local_time":"20190207193707","is_ascension_mode":false,"campfire_choices":[{"data":"Whirlwind","floor":6,"key":"SMITH"},{"data":"Combust","floor":10,"key":"SMITH"},{"data":"Flex","floor":13,"key":"SMITH"},{"data":"Rampage","floor":15,"key":"SMITH"},{"floor":23,"key":"REST"},{"floor":28,"key":"REST"},{"floor":32,"key":"REST"}],"neow_cost":"NONE","seed_source_timestamp":519614599517928,"circlet_count":0,"master_deck":["Strike_R","Strike_R","Strike_R","Defend_R","Defend_R","Defend_R","Defend_R","Bash","Headbutt","Whirlwind+1","Combust+1","Metallicize","Flex+1","Rampage+1","Reaper","Ghostly Armor","Burning Pact+1","Clothesline+1","Rupture+1","Disarm","Spot Weakness"],"relics":["Burning Blood"],"potions_floor_usage":[14,16,16,21,24,24,33,33,33],"damage_taken":[{"damage":6,"enemies":"Jaw Worm","floor":1,"turns":6},{"damage":1,"enemies":"Cultist","floor":2,"turns":3},{"damage":0,"enemies":"2 Louse","floor":5,"turns":1},{"damage":23,"enemies":"Gremlin Nob","floor":7,"turns":4},{"damage":9,"enemies":"2 Fungi Beasts","floor":8,"turns":3},{"damage":8,"enemies":"3 Sentries","floor":11,"turns":3},{"damage":12,"enemies":"Blue Slaver","floor":12,"turns":3},{"damage":1,"enemies":"Large Slime","floor":14,"turns":3},{"damage":52,"enemies":"Hexaghost","floor":16,"turns":6},{"damage":27,"enemies":"Spheric Guardian","floor":18,"turns":5},{"damage":29,"enemies":"Shell Parasite","floor":20,"turns":6},{"damage":42,"enemies":"Shelled Parasite and Fungi","floor":21,"turns":6},{"damage":26,"enemies":"Centurion and Healer","floor":24,"turns":8},{"damage":8,"enemies":"Snecko","floor":25,"turns":5},{"damage":47,"enemies":"Shelled Parasite and Fungi","floor":31,"turns":8},{"damage":72,"enemies":"Champ","floor":33,"turns":12}],"seed_played":"-5689510277670031719","potions_obtained":[{"floor":5,"key":"Strength Potion"},{"floor":7,"key":"BloodPotion"},{"floor":8,"key":"Weak Potion"},{"floor":16,"key":"Weak Potion"},{"floor":21,"key":"SpeedPotion"},{"floor":24,"key":"LiquidBronze"},{"floor":31,"key":"AttackPotion"}],"is_trial":false,"path_per_floor":["M","M","$","?","M","R","E","M","T","R","E","M","R","M","R","B",null,"M","?","M","M","$","R","M","M","T","?","R","$","?","M","R","B"],"character_chosen":"IRONCLAD","items_purchased":["Whirlwind","Combust","Strength Potion","Block Potion"],"campfire_rested":3,"item_purchase_floors":[3,3,22,22],"current_hp_per_floor":[88,88,88,88,88,88,71,68,68,68,66,60,60,73,73,27,88,71,71,60,24,24,50,42,46,46,46,72,72,72,31,57,0],"gold":16,"neow_bonus":"TEN_PERCENT_HP_BONUS","is_prod":false,"is_daily":false,"chose_seed":false,"campfire_upgraded":4,"win_rate":0,"timestamp":1549568227,"path_taken":["M","M","$","?","M","R","E","?","T","R","E","?","R","M","R","BOSS","M","?","M","?","$","R","M","M","T","?","R","$","?","M","R","BOSS"],"build_version":"2019-01-23","purchased_purges":1,"victory":false,"max_hp_per_floor":[88,88,88,88,88,88,88,88,88,88,88,88,88,88,88,88,88,88,88,88,88,88,88,88,88,88,88,88,88,88,88,88,88],"card_choices":[{"not_picked":["Anger","Havoc"],"picked":"Headbutt","floor":1},{"not_picked":["Cleave","Thunderclap","Pommel Strike"],"picked":"SKIP","floor":2},{"not_picked":["Heavy Blade","Dual Wield"],"picked":"Metallicize","floor":5},{"not_picked":["Sword Boomerang","Bludgeon"],"picked":"Flex","floor":7},{"not_picked":["Searing Blow","Clash","Twin Strike"],"picked":"SKIP","floor":8},{"not_picked":["Flex","Heavy Blade","Anger"],"picked":"SKIP","floor":11},{"not_picked":["Havoc","Heavy Blade","Pommel Strike"],"picked":"SKIP","floor":12},{"not_picked":["Havoc","Twin Strike"],"picked":"Rampage","floor":14},{"not_picked":["Feed","Exhume"],"picked":"Reaper","floor":16},{"not_picked":["Flex","Thunderclap"],"picked":"Ghostly Armor","floor":18},{"not_picked":["Clash","Reaper"],"picked":"Burning Pact+1","floor":20},{"not_picked":["True Grit","Searing Blow"],"picked":"Clothesline+1","floor":21},{"not_picked":["Perfected Strike+1","Shrug It Off"],"picked":"Rupture+1","floor":24},{"not_picked":["Armaments","Twin Strike"],"picked":"Disarm","floor":25},{"not_picked":["Evolve","Headbutt","Flex"],"picked":"SKIP","floor":31}],"player_experience":1101793,"relics_obtained":[],"event_choices":[{"damage_healed":0,"gold_gain":0,"player_choice":"Ignored","damage_taken":0,"max_hp_gain":0,"max_hp_loss":0,"event_name":"WeMeetAgain","floor":4,"gold_loss":0},{"cards_removed":["Strike_R"],"damage_healed":0,"gold_gain":0,"player_choice":"Offered Basic","damage_taken":0,"max_hp_gain":0,"max_hp_loss":0,"event_name":"Bonfire Elementals","floor":19,"gold_loss":0},{"damage_healed":0,"gold_gain":0,"player_choice":"Paid Fearfully","damage_taken":0,"max_hp_gain":0,"max_hp_loss":0,"event_name":"Masked Bandits","floor":27,"gold_loss":132},{"damage_healed":0,"gold_gain":0,"player_choice":"Read","damage_taken":0,"max_hp_gain":0,"max_hp_loss":0,"event_name":"The Library","floor":30,"gold_loss":0,"cards_obtained":["Spot Weakness"]}],"is_beta":false,"boss_relics":[{"not_picked":["Astrolabe","Calling Bell","Runic Pyramid"]}],"items_purged_floors":[22],"is_endless":false,"potions_floor_spawned":[5,7,8,11,16,21,24,31],"killed_by":"Champ","ascension_level":0}