{"gold_per_floor":[217,232,252,177,188,188,49,49,49,77,77,89,89,105,105,203,203,215,226,31,31,48,48,80,91,91,91,110,110,110,123,123,218,218,234,234,194,2,17,17,33,66,66,81,107,107,125,125,125,125],"floor_reached":51,"playtime":1723,"items_purged":["Strike_R","Defend_R","Strike_R"],"score":779,"play_id":"5b96cc1f-2b32-4cf4-8c1f-264a3ce05978","local_time":"20190209141003","is_ascension_mode":false,"campfire_choices":[{"data":"Bash","floor":6,"key":"SMITH"},{"data":"Combust","floor":8,"key":"SMITH"},{"floor":13,"key":"REST"},{"data":"Inflame","floor":15,"key":"SMITH"},{"floor":23,"key":"REST"},{"data":"Inflame","floor":27,"key":"SMITH"},{"floor":32,"key":"REST"},{"data":"Brutality","floor":40,"key":"SMITH"},{"data":"Rupture","floor":49,"key":"SMITH"}],"neow_cost":"NONE","seed_source_timestamp":672897360455506,"circlet_count":0,"master_deck":["Strike_R+1","Strike_R+1","Defend_R","Defend_R","Defend_R","Bash+1","Flex","Headbutt+1","Clothesline","Combust+1","Disarm","Inflame+1","Ghostly Armor","Reaper+1","Inflame+1","Juggernaut","Ghostly Armor+1","Shrug It Off","Decay","Rupture+1","Brutality+1","Shrug It Off+1","Pummel+1","Shrug It Off+1"],"relics":["Burning Blood","Regal Pillow","Bottled Flame","Cursed Key","Question Card","Self Forming Clay","Eternal Feather","Lee\u0027s Waffle","Omamori","Blue Candle","Red Skull"],"potions_floor_usage":[16,24,33,42,42,45,50],"damage_taken":[{"damage":11,"enemies":"Jaw Worm","floor":1,"turns":2},{"damage":0,"enemies":"2 Louse","floor":2,"turns":3},{"damage":6,"enemies":"Cultist","floor":3,"turns":3},{"damage":10,"enemies":"Looter","floor":5,"turns":3},{"damage":30,"enemies":"Lagavulin","floor":10,"turns":7},{"damage":17,"enemies":"3 Louse","floor":12,"turns":2},{"damage":14,"enemies":"Red Slaver","floor":14,"turns":3},{"damage":6,"enemies":"Slime Boss","floor":16,"turns":6},{"damage":24,"enemies":"Shell Parasite","floor":18,"turns":4},{"damage":28,"enemies":"3 Byrds","floor":19,"turns":4},{"damage":20,"enemies":"Cultist and Chosen","floor":22,"turns":6},{"damage":50,"enemies":"Slavers","floor":24,"turns":5},{"damage":1,"enemies":"Snecko","floor":25,"turns":3},{"damage":13,"enemies":"Centurion and Healer","floor":28,"turns":6},{"damage":29,"enemies":"Shelled Parasite and Fungi","floor":31,"turns":6},{"damage":62,"enemies":"Collector","floor":33,"turns":9},{"damage":33,"enemies":"3 Darklings","floor":35,"turns":6},{"damage":20,"enemies":"Orb Walker","floor":39,"turns":4},{"damage":38,"enemies":"Sphere and 2 Shapes","floor":41,"turns":7},{"damage":71,"enemies":"Giant Head","floor":42,"turns":9},{"damage":22,"enemies":"3 Darklings","floor":44,"turns":5},{"damage":49,"enemies":"Nemesis","floor":45,"turns":7},{"damage":42,"enemies":"Jaw Worm Horde","floor":47,"turns":5},{"damage":71,"enemies":"Time Eater","floor":50,"turns":12}],"seed_played":"3184945620078089213","potions_obtained":[{"floor":1,"key":"EssenceOfSteel"},{"floor":12,"key":"Poison Potion"},{"floor":19,"key":"SteroidPotion"},{"floor":22,"key":"GamblersBrew"},{"floor":28,"key":"Fire Potion"},{"floor":33,"key":"Regen Potion"},{"floor":39,"key":"Dexterity Potion"},{"floor":47,"key":"LiquidBronze"}],"is_trial":false,"path_per_floor":["M","M","M","$","M","R","$","R","T","E","?","M","R","M","R","B",null,"M","M","$","?","M","R","E","M","T","R","M","$","?","M","R","B",null,"M","?","?","$","M","R","M","E","T","M","E","?","M","?","R","B",null],"character_chosen":"IRONCLAD","items_purchased":["Combust","Inflame","Lee\u0027s Waffle"],"campfire_rested":3,"item_purchase_floors":[7,20,38],"current_hp_per_floor":[75,80,80,80,76,76,76,76,76,52,36,25,64,56,56,56,80,62,48,48,48,54,80,50,68,68,68,73,73,73,57,80,48,80,78,78,78,87,73,85,68,29,29,58,16,87,64,64,76,44],"gold":125,"neow_bonus":"HUNDRED_GOLD","is_prod":false,"is_daily":false,"chose_seed":false,"campfire_upgraded":6,"win_rate":0,"timestamp":1549721403,"path_taken":["M","M","M","$","M","R","$","R","T","E","?","M","R","M","R","BOSS","M","M","$","?","M","R","E","M","T","R","?","$","?","M","R","BOSS","M","?","?","$","M","R","?","E","T","M","E","?","M","?","R","BOSS"],"build_version":"2019-01-23","purchased_purges":3,"victory":true,"max_hp_per_floor":[80,80,80,80,80,80,80,80,80,80,80,80,80,80,80,80,80,80,80,80,80,80,80,80,80,80,80,80,80,80,80,80,80,80,80,80,80,87,87,87,87,87,87,87,87,87,87,83,83,83],"card_choices":[{"not_picked":["Pummel","Anger"],"picked":"Flex","floor":1},{"not_picked":["Flex","Heavy Blade"],"picked":"Headbutt","floor":2},{"not_picked":["Heavy Blade","Flex","Armaments"],"picked":"SKIP","floor":3},{"not_picked":["Flex","Seeing Red"],"picked":"Clothesline","floor":5},{"not_picked":["Body Slam","Intimidate"],"picked":"Disarm","floor":10},{"not_picked":["Iron Wave","Headbutt"],"picked":"Inflame","floor":12},{"not_picked":["Perfected Strike","Warcry"],"picked":"Ghostly Armor","floor":14},{"not_picked":["Fiend Fire","Double Tap"],"picked":"Reaper","floor":16},{"not_picked":["Infernal Blade","Havoc","Sentinel+1"],"picked":"SKIP","floor":18},{"not_picked":["Anger","Havoc","Thunderclap"],"picked":"SKIP","floor":19},{"not_picked":["Perfected Strike+1","Flex","Bludgeon"],"picked":"SKIP","floor":22},{"not_picked":["Combust","Cleave"],"picked":"Ghostly Armor+1","floor":24},{"not_picked":["Pummel+1","Corruption","Rampage+1"],"picked":"Shrug It Off","floor":25},{"not_picked":["Iron Wave","Clothesline","Clash+1","Ghostly Armor"],"picked":"SKIP","floor":28},{"not_picked":["Exhume","Feel No Pain","Sword Boomerang"],"picked":"Rupture","floor":31},{"not_picked":["Double Tap","Impervious","Offering"],"picked":"Brutality","floor":33},{"not_picked":["Havoc","Heavy Blade","Pommel Strike","Flex"],"picked":"SKIP","floor":35},{"not_picked":["Pommel Strike","Rampage","Dropkick+1","Intimidate"],"picked":"SKIP","floor":39},{"not_picked":["Havoc","Second Wind","Seeing Red+1"],"picked":"Shrug It Off+1","floor":41},{"not_picked":["Shrug It Off","Fiend Fire","Spot Weakness","Cleave"],"picked":"SKIP","floor":42},{"not_picked":["Clothesline+1","Flex","Seeing Red+1"],"picked":"Pummel+1","floor":44},{"not_picked":["Headbutt+1","Second Wind","Thunderclap+1"],"picked":"Shrug It Off+1","floor":45},{"not_picked":["Dropkick+1","Warcry+1","Pommel Strike","Fire Breathing+1"],"picked":"SKIP","floor":47}],"player_experience":1114136,"relics_obtained":[{"floor":9,"key":"Regal Pillow"},{"floor":10,"key":"Bottled Flame"},{"floor":24,"key":"Question Card"},{"floor":26,"key":"Self Forming Clay"},{"floor":42,"key":"Omamori"},{"floor":43,"key":"Blue Candle"},{"floor":45,"key":"Red Skull"}],"event_choices":[{"damage_healed":0,"gold_gain":0,"player_choice":"Entered Light","damage_taken":16,"max_hp_gain":0,"max_hp_loss":0,"event_name":"Shining Light","floor":11,"gold_loss":0,"cards_upgraded":["Strike_R","Strike_R"]},{"damage_healed":0,"gold_gain":0,"cards_transformed":["Strike_R"],"player_choice":"Transformed","damage_taken":0,"max_hp_gain":0,"max_hp_loss":0,"event_name":"Transmorgrifier","floor":21,"gold_loss":0,"cards_obtained":["Juggernaut"]},{"damage_healed":0,"gold_gain":0,"player_choice":"Ignored","damage_taken":0,"max_hp_gain":0,"max_hp_loss":0,"event_name":"Ghosts","floor":30,"gold_loss":0},{"damage_healed":0,"gold_gain":0,"player_choice":"Ignored","damage_taken":0,"max_hp_gain":0,"max_hp_loss":0,"event_name":"Mysterious Sphere","floor":36,"gold_loss":0},{"damage_healed":0,"gold_gain":0,"player_choice":"Upgraded Two","damage_taken":0,"max_hp_gain":0,"max_hp_loss":0,"event_name":"Designer","floor":37,"gold_loss":40,"cards_upgraded":["Headbutt","Reaper"]},{"damage_healed":71,"gold_gain":0,"player_choice":"Heal","damage_taken":0,"max_hp_gain":0,"max_hp_loss":0,"event_name":"MindBloom","floor":46,"gold_loss":0,"cards_obtained":["Doubt"]},{"damage_healed":0,"gold_gain":0,"player_choice":"Max HP","damage_taken":0,"max_hp_gain":0,"max_hp_loss":4,"event_name":"Winding Halls","floor":48,"gold_loss":0}],"is_beta":false,"boss_relics":[{"not_picked":["Calling Bell","Empty Cage"],"picked":"Cursed Key"},{"not_picked":["Lizard Tail","Snecko Eye"],"picked":"Eternal Feather"}],"items_purged_floors":[4,7,20],"is_endless":false,"potions_floor_spawned":[1,12,19,22,28,33,39,41,47],"ascension_level":0}