{"gold_per_floor":[114,132,132,59,69,69,82,96,120,146,159,159,122,140,140,237,237,254,271,271,284,182,182,202,230,230,230,241,241,241,320,320,415,415,444,474,503,65,82,82,95,95,146,146,160,160,160,88,88,88],"floor_reached":51,"playtime":1366,"items_purged":["Strike_R+1","Normality"],"score":796,"play_id":"d45de93a-0604-4424-94e1-c9a1fae590a1","local_time":"20190211232336","is_ascension_mode":false,"campfire_choices":[{"data":"Corruption","floor":6,"key":"SMITH"},{"data":"Demon Form","floor":15,"key":"SMITH"},{"data":"Limit Break","floor":23,"key":"SMITH"},{"floor":27,"key":"REST"},{"data":"Heavy Blade","floor":29,"key":"SMITH"},{"floor":32,"key":"REST"},{"floor":40,"key":"REST"},{"floor":44,"key":"REST"},{"floor":49,"key":"REST"}],"neow_cost":"NONE","seed_source_timestamp":879271166374235,"circlet_count":0,"master_deck":["Strike_R+1","Strike_R+1","Strike_R+1","Defend_R+1","Defend_R+1","Defend_R+1","Bash","Offering","Corruption+1","Battle Trance","Pommel Strike","Infernal Blade","Headbutt","Shockwave","Demon Form+1","Limit Break+1","Pummel","Heavy Blade+1","Twin Strike","Cleave","Flex+1","Flash of Steel","Ghostly Armor+1"],"relics":["Burning Blood","Vajra","Lantern","Velvet Choker","Omamori","Darkstone Periapt","Gremlin Horn","Calling Bell","MawBank","Mercury Hourglass","Bird Faced Urn","Kunai","PreservedInsect","Self Forming Clay"],"potions_floor_usage":[10,10,10,16,33,37,50,50],"damage_taken":[{"damage":0,"enemies":"Small Slimes","floor":1,"turns":3},{"damage":6,"enemies":"Cultist","floor":2,"turns":3},{"damage":12,"enemies":"Jaw Worm","floor":5,"turns":2},{"damage":6,"enemies":"Looter","floor":7,"turns":2},{"damage":14,"enemies":"Blue Slaver","floor":8,"turns":5},{"damage":18,"enemies":"Gremlin Nob","floor":10,"turns":3},{"damage":6,"enemies":"Lots of Slimes","floor":11,"turns":3},{"damage":0,"enemies":"Exordium Wildlife","floor":14,"turns":3},{"damage":23,"enemies":"The Guardian","floor":16,"turns":7},{"damage":11,"enemies":"Chosen","floor":18,"turns":3},{"damage":25,"enemies":"Spheric Guardian","floor":19,"turns":4},{"damage":13,"enemies":"Centurion and Healer","floor":21,"turns":5},{"damage":8,"enemies":"Snecko","floor":24,"turns":3},{"damage":25,"enemies":"Gremlin Leader","floor":25,"turns":4},{"damage":8,"enemies":"Sentry and Sphere","floor":28,"turns":3},{"damage":19,"enemies":"Collector","floor":33,"turns":4},{"damage":21,"enemies":"3 Darklings","floor":35,"turns":5},{"damage":6,"enemies":"Orb Walker","floor":36,"turns":2},{"damage":43,"enemies":"3 Darklings","floor":37,"turns":4},{"damage":16,"enemies":"Sphere and 2 Shapes","floor":39,"turns":3},{"damage":9,"enemies":"4 Shapes","floor":41,"turns":3},{"damage":15,"enemies":"Jaw Worm Horde","floor":45,"turns":3},{"damage":71,"enemies":"Time Eater","floor":50,"turns":8}],"seed_played":"-750917519816038556","potions_obtained":[{"floor":0,"key":"SneckoOil"},{"floor":0,"key":"PowerPotion"},{"floor":0,"key":"EssenceOfSteel"},{"floor":1,"key":"SteroidPotion"},{"floor":10,"key":"Weak Potion"},{"floor":24,"key":"SpeedPotion"},{"floor":25,"key":"Energy Potion"},{"floor":28,"key":"PowerPotion"},{"floor":35,"key":"Regen Potion"},{"floor":45,"key":"Dexterity Potion"}],"is_trial":false,"path_per_floor":["M","M","?","$","M","R","M","M","T","E","M","?","$","M","R","B",null,"M","M","?","M","$","R","M","E","T","R","M","R","?","T","R","B",null,"M","M","M","$","M","R","M","?","T","R","M","?","T","$","R","B",null],"character_chosen":"IRONCLAD","items_purchased":["Battle Trance","Shockwave","Twin Strike","Flash of Steel","Kunai","Regen Potion"],"campfire_rested":5,"item_purchase_floors":[4,13,22,38,38,48],"current_hp_per_floor":[80,80,80,80,74,74,74,66,66,54,54,47,47,53,53,36,80,75,56,56,49,49,49,47,28,28,52,50,50,50,50,74,61,86,71,71,45,45,37,62,61,61,61,82,73,73,73,73,82,32],"gold":88,"neow_bonus":"THREE_SMALL_POTIONS","is_prod":false,"is_daily":false,"chose_seed":false,"campfire_upgraded":4,"win_rate":0,"timestamp":1549927416,"path_taken":["M","M","?","$","M","R","M","M","T","E","?","?","$","M","R","BOSS","M","M","?","M","$","R","M","E","T","R","M","R","?","?","R","BOSS","M","M","M","$","?","R","M","?","T","R","M","?","?","?","R","BOSS"],"build_version":"2019-01-23","purchased_purges":2,"victory":true,"max_hp_per_floor":[80,80,80,80,80,80,80,80,80,80,80,80,80,80,80,80,80,80,80,80,80,80,80,80,80,80,80,80,80,80,80,80,80,86,86,86,86,86,86,86,86,82,82,82,82,82,82,82,82,82],"card_choices":[{"not_picked":["Dual Wield","Wild Strike"],"picked":"Offering","floor":1},{"not_picked":["Sword Boomerang","Warcry"],"picked":"Corruption","floor":2},{"not_picked":["Iron Wave","Burning Pact","Body Slam"],"picked":"SKIP","floor":5},{"not_picked":["Thunderclap","Fire Breathing"],"picked":"Pommel Strike","floor":7},{"not_picked":["Blood for Blood","Armaments","Havoc"],"picked":"SKIP","floor":8},{"not_picked":["Warcry","Combust"],"picked":"Infernal Blade","floor":10},{"not_picked":["Power Through","Anger"],"picked":"Headbutt","floor":11},{"not_picked":["Power Through","Sword Boomerang"],"picked":"Demon Form","floor":14},{"not_picked":["Bludgeon","Demon Form"],"picked":"Limit Break","floor":16},{"not_picked":["Thunderclap","Clothesline"],"picked":"Pummel","floor":18},{"not_picked":["Ghostly Armor","Battle Trance"],"picked":"Heavy Blade","floor":19},{"not_picked":["Anger","Shockwave","Havoc"],"picked":"SKIP","floor":21},{"not_picked":["Twin Strike","Battle Trance","Headbutt"],"picked":"SKIP","floor":24},{"not_picked":["Havoc+1","Infernal Blade","Double Tap"],"picked":"SKIP","floor":25},{"not_picked":["Second Wind","Heavy Blade"],"picked":"Cleave","floor":28},{"not_picked":["Armaments+1","Shockwave+1"],"picked":"Flex+1","floor":35},{"not_picked":["Cleave","Havoc+1","Sever Soul"],"picked":"SKIP","floor":36},{"not_picked":["Clash+1","Clothesline+1","Bludgeon"],"picked":"SKIP","floor":37},{"not_picked":["Twin Strike+1","Perfected Strike","Havoc+1"],"picked":"SKIP","floor":39},{"not_picked":["Warcry+1","Heavy Blade"],"picked":"Ghostly Armor+1","floor":41},{"not_picked":["Corruption","Uppercut","Sever Soul+1"],"picked":"SKIP","floor":45}],"player_experience":1128899,"relics_obtained":[{"floor":9,"key":"Vajra"},{"floor":10,"key":"Lantern"},{"floor":25,"key":"Omamori"},{"floor":26,"key":"Darkstone Periapt"},{"floor":31,"key":"Gremlin Horn"},{"floor":34,"key":"MawBank"},{"floor":34,"key":"Mercury Hourglass"},{"floor":34,"key":"Bird Faced Urn"},{"floor":43,"key":"PreservedInsect"},{"floor":47,"key":"Self Forming Clay"}],"event_choices":[{"cards_removed":["Strike_R"],"damage_healed":0,"gold_gain":0,"player_choice":"Offered Basic","damage_taken":0,"max_hp_gain":0,"max_hp_loss":0,"event_name":"Bonfire Elementals","floor":3,"gold_loss":0},{"cards_removed":["Defend_R"],"damage_healed":0,"gold_gain":0,"player_choice":"Card Removal","damage_taken":7,"max_hp_gain":0,"max_hp_loss":0,"event_name":"Golden Wing","floor":12,"gold_loss":0},{"damage_healed":0,"gold_gain":0,"player_choice":"Simplicity","damage_taken":0,"max_hp_gain":0,"max_hp_loss":0,"event_name":"Back to Basics","floor":20,"gold_loss":0,"cards_upgraded":["Strike_R","Strike_R","Strike_R","Strike_R","Defend_R","Defend_R","Defend_R"]},{"damage_healed":0,"gold_gain":0,"player_choice":"Ignored","damage_taken":0,"max_hp_gain":0,"max_hp_loss":0,"event_name":"Ghosts","floor":30,"gold_loss":0},{"damage_healed":0,"gold_gain":0,"player_choice":"Max HP","damage_taken":0,"max_hp_gain":0,"max_hp_loss":4,"event_name":"Winding Halls","floor":42,"gold_loss":0},{"damage_healed":0,"gold_gain":0,"player_choice":"Memory 1","damage_taken":0,"max_hp_gain":0,"max_hp_loss":0,"event_name":"SensoryStone","floor":46,"gold_loss":0}],"is_beta":false,"boss_relics":[{"not_picked":["Runic Dome","Lizard Tail"],"picked":"Velvet Choker"},{"not_picked":["Snecko Eye","Runic Pyramid"],"picked":"Calling Bell"}],"items_purged_floors":[22,38],"is_endless":false,"potions_floor_spawned":[1,2,10,24,25,28,35,45],"ascension_level":0}