{"gold_per_floor":[218,4,4,4,22,22,35,35,61,73,73,85,118,133,133,228,228,241,166,185,13,13,46,56,56,109,109,208,239,253,253,253,348,348,358,375,115,126,143,143,143,158,184,203,203,221,221,241,241,241],"floor_reached":51,"playtime":1646,"items_purged":["Strike_R","Strike_R","Defend_R"],"score":691,"play_id":"bee194ae-4467-407d-9694-3cc9236ffc88","local_time":"20190209233711","is_ascension_mode":false,"campfire_choices":[{"data":"Bash","floor":6,"key":"SMITH"},{"data":"Flame Barrier","floor":8,"key":"SMITH"},{"data":"Rampage","floor":11,"key":"SMITH"},{"data":"Cleave","floor":15,"key":"SMITH"},{"data":"Shockwave","floor":25,"key":"SMITH"},{"floor":27,"key":"REST"},{"floor":32,"key":"REST"},{"data":"Limit Break","floor":40,"key":"SMITH"},{"floor":45,"key":"REST"},{"floor":49,"key":"REST"}],"neow_cost":"NONE","seed_source_timestamp":707001875304270,"circlet_count":0,"master_deck":["Strike_R","Strike_R","Strike_R","Defend_R","Defend_R","Defend_R","Bash+1","Shockwave+1","Headbutt","Flame Barrier+1","Rampage+1","Cleave+1","Reaper","Clothesline","Shrug It Off","Offering","Metallicize+1","Injury","Headbutt+1","Limit Break+1","Flex+1","Writhe","Disarm+1","Pommel Strike+1"],"relics":["Burning Blood","Orichalcum","Strawberry","Meat on the Bone","Cursed Key","Dodecahedron","Happy Flower","Centennial Puzzle","Black Star","Red Skull","Smiling Mask"],"potions_floor_usage":[13,23,29,29,50,50,50],"damage_taken":[{"damage":0,"enemies":"2 Louse","floor":1,"turns":2},{"damage":0,"enemies":"Cultist","floor":5,"turns":3},{"damage":10,"enemies":"Jaw Worm","floor":7,"turns":4},{"damage":4,"enemies":"Lots of Slimes","floor":10,"turns":4},{"damage":10,"enemies":"Exordium Wildlife","floor":12,"turns":4},{"damage":8,"enemies":"Gremlin Nob","floor":13,"turns":3},{"damage":7,"enemies":"Large Slime","floor":14,"turns":5},{"damage":12,"enemies":"Slime Boss","floor":16,"turns":8},{"damage":0,"enemies":"3 Byrds","floor":18,"turns":1},{"damage":17,"enemies":"Chosen","floor":20,"turns":5},{"damage":34,"enemies":"Slavers","floor":23,"turns":5},{"damage":11,"enemies":"Snake Plant","floor":24,"turns":4},{"damage":18,"enemies":"Gremlin Leader","floor":29,"turns":6},{"damage":22,"enemies":"Shelled Parasite and Fungi","floor":30,"turns":4},{"damage":77,"enemies":"Collector","floor":33,"turns":12},{"damage":6,"enemies":"Orb Walker","floor":35,"turns":3},{"damage":14,"enemies":"3 Shapes","floor":36,"turns":4},{"damage":30,"enemies":"Transient","floor":38,"turns":5},{"damage":7,"enemies":"Jaw Worm Horde","floor":39,"turns":4},{"damage":32,"enemies":"Spire Growth","floor":42,"turns":4},{"damage":30,"enemies":"Transient","floor":44,"turns":5},{"damage":14,"enemies":"Maw","floor":46,"turns":8},{"damage":13,"enemies":"3 Darklings","floor":48,"turns":5},{"damage":64,"enemies":"Awakened One","floor":50,"turns":11}],"seed_played":"-7009227319303521734","potions_obtained":[{"floor":1,"key":"Weak Potion"},{"floor":10,"key":"AttackPotion"},{"floor":20,"key":"Poison Potion"},{"floor":23,"key":"Explosive Potion"},{"floor":24,"key":"Explosive Potion"},{"floor":29,"key":"GamblersBrew"},{"floor":35,"key":"Dexterity Potion"},{"floor":44,"key":"Strength Potion"},{"floor":48,"key":"SteroidPotion"}],"is_trial":false,"path_per_floor":["M","$","?","$","M","R","M","R","T","M","R","M","E","M","R","B",null,"M","$","M","$","$","E","M","R","T","R","?","E","M","?","R","B",null,"M","M","$","M","M","R","?","M","T","M","R","M","?","M","R","B",null],"character_chosen":"IRONCLAD","items_purchased":["Shockwave","Orichalcum","Offering","Limit Break"],"campfire_rested":4,"item_purchase_floors":[2,2,21,37],"current_hp_per_floor":[80,80,72,72,78,78,74,74,81,83,83,79,77,84,84,78,87,87,87,80,80,80,62,57,57,57,83,83,76,66,49,76,27,92,92,90,90,72,83,83,83,57,57,61,88,84,84,77,92,54],"gold":241,"neow_bonus":"HUNDRED_GOLD","is_prod":false,"is_daily":false,"chose_seed":false,"campfire_upgraded":6,"win_rate":0,"timestamp":1549755431,"path_taken":["M","$","?","?","M","R","M","R","T","?","R","M","E","M","R","BOSS","M","$","M","?","$","E","M","R","T","R","?","E","M","?","R","BOSS","M","M","$","M","M","R","?","?","T","M","R","M","?","M","R","BOSS"],"build_version":"2019-01-23","purchased_purges":3,"victory":true,"max_hp_per_floor":[80,80,80,80,80,80,80,80,87,87,87,87,87,87,87,87,87,87,87,87,87,87,87,87,87,87,87,87,87,87,92,92,92,92,92,92,92,92,92,92,92,92,92,92,92,92,92,92,92,92],"card_choices":[{"not_picked":["Carnage","Havoc","Evolve"],"picked":"SKIP","floor":1},{"not_picked":["Wild Strike","Bloodletting"],"picked":"Headbutt","floor":5},{"not_picked":["Anger","Iron Wave"],"picked":"Flame Barrier","floor":7},{"not_picked":["Twin Strike","Sword Boomerang"],"picked":"Rampage","floor":10},{"not_picked":["Metallicize","Iron Wave"],"picked":"Cleave","floor":12},{"not_picked":["Carnage","Entrench"],"picked":"Reaper","floor":13},{"not_picked":["Fire Breathing","Wild Strike"],"picked":"Clothesline","floor":14},{"not_picked":["Pummel","Cleave"],"picked":"Shrug It Off","floor":18},{"not_picked":["Iron Wave","Wild Strike","Heavy Blade"],"picked":"SKIP","floor":20},{"not_picked":["Entrench","Havoc"],"picked":"Metallicize+1","floor":23},{"not_picked":["Corruption+1","Iron Wave","Feel No Pain"],"picked":"SKIP","floor":24},{"not_picked":["Rage","Reaper","Warcry"],"picked":"SKIP","floor":29},{"not_picked":["Sever Soul","Headbutt+1","Anger"],"picked":"SKIP","floor":30},{"not_picked":["Iron Wave","Pummel"],"picked":"Headbutt+1","floor":35},{"not_picked":["Twin Strike+1","Wild Strike+1","Warcry"],"picked":"SKIP","floor":36},{"not_picked":["Warcry","Intimidate+1","Combust"],"picked":"SKIP","floor":38},{"not_picked":["Pommel Strike","Sword Boomerang+1","Heavy Blade+1"],"picked":"SKIP","floor":39},{"not_picked":["Havoc+1","Thunderclap+1"],"picked":"Flex+1","floor":42},{"not_picked":["Corruption","Rampage+1"],"picked":"Disarm+1","floor":44},{"not_picked":["Anger+1","Wild Strike"],"picked":"Pommel Strike+1","floor":46},{"not_picked":["Shrug It Off","Sentinel","Berserk"],"picked":"SKIP","floor":48}],"player_experience":1120076,"relics_obtained":[{"floor":9,"key":"Strawberry"},{"floor":13,"key":"Meat on the Bone"},{"floor":23,"key":"Dodecahedron"},{"floor":26,"key":"Happy Flower"},{"floor":29,"key":"Centennial Puzzle"},{"floor":43,"key":"Smiling Mask"}],"event_choices":[{"damage_healed":0,"gold_gain":0,"player_choice":"Damaged","damage_taken":8,"max_hp_gain":0,"max_hp_loss":0,"event_name":"Wheel of Change","floor":3,"gold_loss":0},{"damage_healed":0,"gold_gain":99,"player_choice":"Stole From Cult","damage_taken":0,"max_hp_gain":0,"max_hp_loss":0,"event_name":"Nest","floor":28,"gold_loss":0},{"damage_healed":0,"gold_gain":0,"player_choice":"Shed Blood","damage_taken":22,"max_hp_gain":5,"max_hp_loss":0,"event_name":"Forgotten Altar","floor":31,"gold_loss":0},{"damage_healed":0,"gold_gain":0,"player_choice":"Gave Potion","damage_taken":0,"relics_obtained":["Red Skull"],"max_hp_gain":0,"max_hp_loss":0,"event_name":"WeMeetAgain","floor":41,"gold_loss":0},{"damage_healed":0,"gold_gain":0,"player_choice":"Ignored","damage_taken":0,"max_hp_gain":0,"max_hp_loss":0,"event_name":"Mysterious Sphere","floor":47,"gold_loss":0}],"is_beta":false,"boss_relics":[{"not_picked":["Eternal Feather","Fusion Hammer"],"picked":"Cursed Key"},{"not_picked":["Pandora\u0027s Box","Orrery"],"picked":"Black Star"}],"items_purged_floors":[19,21,37],"is_endless":false,"potions_floor_spawned":[1,10,20,23,24,29,35,44,48],"ascension_level":0}