{"gold_per_floor":[112,112,112,127,52,52,70,70,118,159,230,253,253,267,267,388,388,413,413,264,287,302,302,177,177,225,205,244,265,281,305,305,305],"floor_reached":33,"playtime":1469,"items_purged":["Strike_R","Strike_R","Defend_R"],"score":280,"play_id":"2fcf1bc3-9ae3-4c2e-9a87-d10edfbddb57","local_time":"20190205171437","is_ascension_mode":true,"campfire_choices":[{"data":"Bash","floor":6,"key":"SMITH"},{"floor":15,"key":"REST"},{"data":"Body Slam","floor":23,"key":"SMITH"},{"data":"Shrug It Off","floor":25,"key":"SMITH"},{"floor":32,"key":"REST"}],"neow_cost":"NONE","seed_source_timestamp":338635302170402,"circlet_count":0,"master_deck":["Strike_R+1","Strike_R+1","Strike_R+1","Defend_R+1","Defend_R","Bash+1","Shrug It Off","Body Slam+1","Shrug It Off+1"],"relics":["Burning Blood","Orichalcum","GremlinMask","Golden Idol","Whetstone","Ice Cream","Self Forming Clay","Lizard Tail","Omamori"],"potions_floor_usage":[16,18,28,28,28,29,30,30,30,30,33,33],"damage_taken":[{"damage":2,"enemies":"2 Louse","floor":1,"turns":3},{"damage":2,"enemies":"Small Slimes","floor":4,"turns":3},{"damage":0,"enemies":"Cultist","floor":7,"turns":3},{"damage":24,"enemies":"Lagavulin","floor":10,"turns":5},{"damage":1,"enemies":"3 Louse","floor":12,"turns":3},{"damage":7,"enemies":"Blue Slaver","floor":14,"turns":3},{"damage":22,"enemies":"Hexaghost","floor":16,"turns":11},{"damage":21,"enemies":"2 Thieves","floor":18,"turns":5},{"damage":20,"enemies":"Shell Parasite","floor":21,"turns":7},{"damage":10,"enemies":"Centurion and Healer","floor":22,"turns":7},{"damage":21,"enemies":"Slavers","floor":28,"turns":6},{"damage":14,"enemies":"Cultist and Chosen","floor":29,"turns":8},{"damage":23,"enemies":"Sentry and Sphere","floor":30,"turns":9},{"damage":1,"enemies":"Snake Plant","floor":31,"turns":4},{"damage":106,"enemies":"Champ","floor":33,"turns":14}],"seed_played":"-4343099026546509498","potions_obtained":[{"floor":4,"key":"SteroidPotion"},{"floor":7,"key":"SkillPotion"},{"floor":10,"key":"Energy Potion"},{"floor":27,"key":"EntropicBrew"},{"floor":28,"key":"Weak Potion"},{"floor":29,"key":"EntropicBrew"},{"floor":30,"key":"SteroidPotion"}],"is_trial":false,"path_per_floor":["M","?","?","M","$","R","M","?","T","E","T","M","?","M","R","B",null,"M","?","$","M","M","R","$","R","T","?","E","M","M","M","R","B"],"character_chosen":"IRONCLAD","items_purchased":["Shrug It Off"],"campfire_rested":2,"item_purchase_floors":[20],"current_hp_per_floor":[80,80,80,80,80,80,80,60,60,42,42,47,31,30,54,38,80,65,65,65,51,47,47,47,47,47,47,32,24,7,12,36,0],"gold":305,"neow_bonus":"RANDOM_COMMON_RELIC","is_prod":false,"is_daily":false,"chose_seed":false,"campfire_upgraded":3,"win_rate":0,"timestamp":1549386877,"path_taken":["M","?","?","?","$","R","M","?","T","E","?","?","?","M","R","BOSS","M","?","$","M","M","R","$","R","T","?","E","M","?","M","R","BOSS"],"build_version":"2019-01-23","purchased_purges":3,"victory":false,"max_hp_per_floor":[80,80,80,80,80,80,80,80,80,80,80,80,80,80,80,80,80,80,80,80,80,80,80,80,80,80,80,80,80,80,80,80,80],"card_choices":[{"not_picked":["Cleave","Dual Wield","Reckless Charge"],"picked":"SKIP","floor":1},{"not_picked":["Second Wind","Searing Blow","Seeing Red"],"picked":"SKIP","floor":4},{"not_picked":["Second Wind","Carnage"],"picked":"Shrug It Off","floor":7},{"not_picked":["Anger","Perfected Strike","Rampage"],"picked":"SKIP","floor":10},{"not_picked":["Cleave","Headbutt","Havoc"],"picked":"SKIP","floor":12},{"not_picked":["Thunderclap","Iron Wave","Pommel Strike"],"picked":"SKIP","floor":14},{"not_picked":["Second Wind","Shrug It Off"],"picked":"Body Slam","floor":18},{"not_picked":["Power Through","Entrench","Fire Breathing"],"picked":"SKIP","floor":21},{"not_picked":["Reckless Charge","Iron Wave","Evolve"],"picked":"SKIP","floor":22},{"not_picked":["Perfected Strike","Disarm","Warcry"],"picked":"SKIP","floor":28},{"not_picked":["Sword Boomerang","Dark Embrace","Twin Strike"],"picked":"SKIP","floor":29},{"not_picked":["Wild Strike","Sentinel","Dual Wield"],"picked":"SKIP","floor":30},{"not_picked":["Shrug It Off","Cleave","Inflame"],"picked":"SKIP","floor":31}],"player_experience":1081421,"relics_obtained":[{"floor":9,"key":"Whetstone"},{"floor":10,"key":"Ice Cream"},{"floor":11,"key":"Self Forming Clay"},{"floor":26,"key":"Omamori"}],"event_choices":[{"cards_removed":["Defend_R"],"damage_healed":0,"gold_gain":0,"player_choice":"Forget","damage_taken":0,"max_hp_gain":0,"max_hp_loss":0,"event_name":"Living Wall","floor":2,"gold_loss":0},{"damage_healed":0,"gold_gain":0,"player_choice":"Trade","damage_taken":0,"relics_obtained":["GremlinMask"],"max_hp_gain":0,"max_hp_loss":0,"event_name":"FaceTrader","floor":3,"gold_loss":0},{"damage_healed":0,"gold_gain":0,"player_choice":"Take Damage","damage_taken":20,"relics_obtained":["Golden Idol"],"max_hp_gain":0,"max_hp_loss":0,"event_name":"Golden Idol","floor":8,"gold_loss":0},{"damage_healed":0,"gold_gain":0,"player_choice":"Entered Light","damage_taken":16,"max_hp_gain":0,"max_hp_loss":0,"event_name":"Shining Light","floor":13,"gold_loss":0,"cards_upgraded":["Defend_R","Strike_R"]},{"damage_healed":0,"gold_gain":0,"player_choice":"Ignored","damage_taken":0,"max_hp_gain":0,"max_hp_loss":0,"event_name":"Vampires","floor":19,"gold_loss":0},{"damage_healed":0,"gold_gain":0,"player_choice":"Bought 1 Potion","damage_taken":0,"max_hp_gain":0,"max_hp_loss":0,"event_name":"The Woman in Blue","floor":27,"gold_loss":0}],"is_beta":false,"boss_relics":[{"not_picked":["Velvet Choker","Snecko Eye"],"picked":"Lizard Tail"}],"items_purged_floors":[5,20,24],"is_endless":false,"potions_floor_spawned":[4,7,10,14,28,29,30],"killed_by":"Champ","ascension_level":1}