{"gold_per_floor":[111,125,24,40,40,40,56,56,56,56,66,66,95,106,106,206,206,218,236,136,149,161,193,208,307,307,307,307,321,321,332,332,431,431,449,324,336,186,203,228,228,228,228,228,228,254,267,277,277,277],"floor_reached":51,"playtime":2372,"items_purged":["Strike_R","Perfected Strike","Feel No Pain","Sword Boomerang"],"score":765,"play_id":"8755c9d5-fbe5-46cb-861e-8fd9b0879d9f","local_time":"20190205212808","is_ascension_mode":true,"campfire_choices":[{"data":"Body Slam","floor":6,"key":"SMITH"},{"data":"Shrug It Off","floor":10,"key":"SMITH"},{"data":"Bash","floor":15,"key":"SMITH"},{"floor":27,"key":"REST"},{"data":"Metallicize","floor":32,"key":"SMITH"},{"floor":41,"key":"REST"},{"floor":49,"key":"REST"}],"neow_cost":"TEN_PERCENT_HP_LOSS","seed_source_timestamp":352934292045114,"circlet_count":0,"master_deck":["Bash+1","Shrug It Off+1","Body Slam+1","Thunderclap","Brutality","Cleave+1","Metallicize+1","Body Slam+1","Shrug It Off+1"],"relics":["Burning Blood","Incense Burner","Meat on the Bone","Omamori","Self Forming Clay","Pandora\u0027s Box","Letter Opener","Matryoshka","Busted Crown","Singing Bowl","Vajra","Dodecahedron","Pen Nib"],"potions_floor_usage":[13,13,16,19,23,31,33,40,50,50],"damage_taken":[{"damage":2,"enemies":"Small Slimes","floor":1,"turns":3},{"damage":3,"enemies":"Jaw Worm","floor":2,"turns":3},{"damage":0,"enemies":"Cultist","floor":4,"turns":4},{"damage":1,"enemies":"Looter","floor":7,"turns":3},{"damage":11,"enemies":"Red Slaver","floor":11,"turns":3},{"damage":1,"enemies":"Gremlin Nob","floor":13,"turns":4},{"damage":0,"enemies":"Exordium Thugs","floor":14,"turns":4},{"damage":19,"enemies":"The Guardian","floor":16,"turns":12},{"damage":8,"enemies":"3 Byrds","floor":18,"turns":4},{"damage":28,"enemies":"2 Thieves","floor":19,"turns":4},{"damage":17,"enemies":"Sentry and Sphere","floor":21,"turns":5},{"damage":6,"enemies":"Cultist and Chosen","floor":22,"turns":4},{"damage":25,"enemies":"Gremlin Leader","floor":23,"turns":4},{"damage":19,"enemies":"Snake Plant","floor":24,"turns":5},{"damage":4,"enemies":"Chosen and Byrds","floor":29,"turns":5},{"damage":16,"enemies":"3 Cultists","floor":31,"turns":3},{"damage":47,"enemies":"Collector","floor":33,"turns":10},{"damage":12,"enemies":"3 Shapes","floor":35,"turns":4},{"damage":17,"enemies":"3 Darklings","floor":37,"turns":4},{"damage":5,"enemies":"Sphere and 2 Shapes","floor":39,"turns":3},{"damage":31,"enemies":"Giant Head","floor":40,"turns":8},{"damage":44,"enemies":"Nemesis","floor":46,"turns":6},{"damage":34,"enemies":"Maw","floor":47,"turns":6},{"damage":13,"enemies":"Spire Growth","floor":48,"turns":3},{"damage":41,"enemies":"Awakened One","floor":50,"turns":9}],"seed_played":"8350612097577925519","potions_obtained":[{"floor":2,"key":"EntropicBrew"},{"floor":11,"key":"Fire Potion"},{"floor":18,"key":"FearPotion"},{"floor":19,"key":"Block Potion"},{"floor":23,"key":"Strength Potion"},{"floor":31,"key":"SkillPotion"},{"floor":37,"key":"Swift Potion"},{"floor":46,"key":"Energy Potion"},{"floor":47,"key":"AttackPotion"},{"floor":48,"key":"SteroidPotion"}],"is_trial":false,"path_per_floor":["M","M","$","M","?","R","M","$","T","R","M","?","E","M","R","B",null,"M","M","$","M","M","E","M","?","T","R","?","M","?","M","R","B",null,"M","$","M","$","M","E","R","?","T","?","?","E","M","M","R","B",null],"character_chosen":"IRONCLAD","items_purchased":["Body Slam"],"campfire_rested":3,"item_purchase_floors":[3],"current_hp_per_floor":[72,72,72,72,69,69,72,72,72,72,67,53,58,64,64,51,72,70,55,55,44,44,37,36,36,36,57,72,72,72,62,62,33,72,66,66,55,55,56,45,67,69,69,69,69,45,31,36,58,35],"gold":277,"neow_bonus":"ONE_RARE_RELIC","is_prod":false,"is_daily":false,"chose_seed":false,"campfire_upgraded":4,"win_rate":0,"timestamp":1549402088,"path_taken":["M","M","$","M","?","R","M","$","T","R","M","?","E","M","R","BOSS","M","M","$","M","M","E","M","?","T","R","?","?","?","?","R","BOSS","M","$","M","$","M","E","R","?","T","?","?","E","?","M","R","BOSS"],"build_version":"2019-01-23","purchased_purges":4,"victory":true,"max_hp_per_floor":[72,72,72,72,72,72,72,72,72,72,72,72,72,72,72,72,72,72,72,72,72,72,72,72,72,72,72,72,72,72,72,72,72,72,72,72,72,72,72,74,74,76,76,72,72,74,76,76,76,76],"card_choices":[{"not_picked":["Sword Boomerang","Intimidate"],"picked":"Shrug It Off","floor":1},{"not_picked":["Sword Boomerang","Armaments","Anger"],"picked":"SKIP","floor":2},{"not_picked":["Sever Soul","Flex","Warcry"],"picked":"SKIP","floor":4},{"not_picked":["Rage","Heavy Blade","Iron Wave"],"picked":"SKIP","floor":7},{"not_picked":["Disarm","Cleave","Shockwave"],"picked":"SKIP","floor":11},{"not_picked":["Juggernaut","Thunderclap","Rupture"],"picked":"SKIP","floor":13},{"not_picked":["Metallicize","Iron Wave","Ghostly Armor"],"picked":"SKIP","floor":14},{"not_picked":["Sentinel","Havoc+1","True Grit"],"picked":"SKIP","floor":18},{"not_picked":["Clothesline","Corruption"],"picked":"Body Slam+1","floor":19},{"not_picked":["Wild Strike","Rupture","Body Slam"],"picked":"SKIP","floor":21},{"not_picked":["Armaments","Sword Boomerang","Fire Breathing"],"picked":"SKIP","floor":22},{"not_picked":["Clothesline","Dual Wield","Flex"],"picked":"SKIP","floor":23},{"not_picked":["Warcry","Metallicize","Body Slam"],"picked":"SKIP","floor":24},{"not_picked":["Hemokinesis","Heavy Blade","Rupture"],"picked":"SKIP","floor":29},{"not_picked":["Anger+1","Clothesline","Thunderclap"],"picked":"SKIP","floor":31},{"not_picked":["Searing Blow"],"picked":"SKIP","floor":35},{"not_picked":["Iron Wave+1"],"picked":"SKIP","floor":37},{"not_picked":["Warcry+1"],"picked":"SKIP","floor":39},{"not_picked":["Evolve"],"picked":"Singing Bowl","floor":40},{"not_picked":["Discovery"],"picked":"Singing Bowl","floor":42},{"not_picked":["Spot Weakness+1"],"picked":"Singing Bowl","floor":46},{"not_picked":["Searing Blow+1"],"picked":"Singing Bowl","floor":47},{"not_picked":[],"picked":"Shrug It Off+1","floor":48}],"player_experience":1086666,"relics_obtained":[{"floor":9,"key":"Omamori"},{"floor":13,"key":"Self Forming Clay"},{"floor":23,"key":"Letter Opener"},{"floor":26,"key":"Matryoshka"},{"floor":40,"key":"Singing Bowl"},{"floor":43,"key":"Vajra"},{"floor":43,"key":"Dodecahedron"},{"floor":46,"key":"Pen Nib"}],"event_choices":[{"damage_healed":0,"gold_gain":0,"player_choice":"Success","damage_taken":3,"relics_obtained":["Meat on the Bone"],"max_hp_gain":0,"max_hp_loss":0,"event_name":"Scrap Ooze","floor":5,"gold_loss":0},{"damage_healed":0,"gold_gain":0,"player_choice":"Entered Light","damage_taken":14,"max_hp_gain":0,"max_hp_loss":0,"event_name":"Shining Light","floor":12,"gold_loss":0,"cards_upgraded":["Defend_R","Strike_R"]},{"damage_healed":0,"gold_gain":99,"player_choice":"Stole From Cult","damage_taken":0,"max_hp_gain":0,"max_hp_loss":0,"event_name":"Nest","floor":25,"gold_loss":0},{"cards_removed":["Intimidate"],"damage_healed":15,"gold_gain":0,"player_choice":"Offered Uncommon","damage_taken":0,"max_hp_gain":0,"max_hp_loss":0,"event_name":"Bonfire Elementals","floor":28,"gold_loss":0},{"damage_healed":0,"gold_gain":0,"player_choice":"Ignored","damage_taken":0,"max_hp_gain":0,"max_hp_loss":0,"event_name":"N\u0027loth","floor":30,"gold_loss":0},{"damage_healed":0,"gold_gain":0,"player_choice":"Memory 1","damage_taken":0,"max_hp_gain":0,"max_hp_loss":0,"event_name":"SensoryStone","floor":42,"gold_loss":0},{"damage_healed":0,"gold_gain":0,"player_choice":"Max HP","damage_taken":0,"max_hp_gain":0,"max_hp_loss":4,"event_name":"Winding Halls","floor":44,"gold_loss":0},{"damage_healed":0,"gold_gain":0,"player_choice":"Upgraded","damage_taken":0,"max_hp_gain":0,"max_hp_loss":0,"event_name":"Upgrade Shrine","floor":45,"gold_loss":0,"cards_upgraded":["Cleave"]}],"is_beta":false,"boss_relics":[{"not_picked":["Calling Bell","Sozu"],"picked":"Pandora\u0027s Box"},{"not_picked":["Eternal Feather","Black Star"],"picked":"Busted Crown"}],"items_purged_floors":[3,20,36,38],"is_endless":false,"potions_floor_spawned":[2,11,14,18,19,23,31,37,46,47,48],"ascension_level":1}