{"gold_per_floor":[118,218,228,239,239,239,274,291,360,393,343,216,291,309,309,414,414,428,438,338,338,338,338,350,363,417,417],"floor_reached":27,"playtime":1494,"items_purged":["Defend_R","Strike_R"],"score":234,"play_id":"702018bf-3281-4fed-88b8-bd12e7d186b0","local_time":"20190205164956","is_ascension_mode":true,"campfire_choices":[{"data":"Thunderclap","floor":6.0,"key":"SMITH"},{"floor":15.0,"key":"REST"},{"data":"Defend_R","floor":23,"key":"SMITH"}],"neow_cost":"NONE","seed_source_timestamp":337105266433999,"circlet_count":0,"master_deck":["Strike_R","Strike_R","Strike_R","Defend_R+1","Defend_R","Defend_R","Bash+1","Thunderclap+1"],"special_seed":0,"relics":["Black Blood","Torii","Sundial","Regal Pillow","Vajra"],"potions_floor_usage":[25,27],"damage_taken":[{"damage":1.0,"enemies":"Cultist","floor":1.0,"turns":4.0},{"damage":1.0,"enemies":"2 Louse","floor":3.0,"turns":3.0},{"damage":6.0,"enemies":"Jaw Worm","floor":4.0,"turns":3.0},{"damage":50.0,"enemies":"Lagavulin","floor":7.0,"turns":6.0},{"damage":1.0,"enemies":"2 Fungi Beasts","floor":8.0,"turns":3.0},{"damage":28.0,"enemies":"Gremlin Nob","floor":10.0,"turns":4.0},{"damage":1.0,"enemies":"Large Slime","floor":14.0,"turns":5.0},{"damage":63.0,"enemies":"Hexaghost","floor":16.0,"turns":12.0},{"damage":6.0,"enemies":"3 Byrds","floor":18.0,"turns":5.0},{"damage":27.0,"enemies":"Spheric Guardian","floor":19.0,"turns":4.0},{"damage":33,"enemies":"Centurion and Healer","floor":24,"turns":8},{"damage":45,"enemies":"Cultist and Chosen","floor":25,"turns":7},{"damage":38,"enemies":"Slavers","floor":27,"turns":2}],"seed_played":"3034832460039377014","potions_obtained":[{"floor":3.0,"key":"Dexterity Potion"},{"floor":4.0,"key":"GamblersBrew"},{"floor":7.0,"key":"SkillPotion"},{"floor":14.0,"key":"Weak Potion"},{"floor":16.0,"key":"Fire Potion"},{"floor":19.0,"key":"Poison Potion"},{"floor":24,"key":"Strength Potion"}],"is_trial":false,"path_per_floor":["M","?","M","M","?","R","E","M","T","E","?","$","?","M","R","B",null,"M","M","$","?","?","R","M","M","T","E"],"character_chosen":"IRONCLAD","items_purchased":["Poison Potion"],"campfire_rested":1,"item_purchase_floors":[12],"current_hp_per_floor":[88,88,88,88,93,93,49,54,54,32,32,32,21,26,68,11,93,93,76,76,93,93,93,70,35,35,0],"gold":417,"neow_bonus":"TEN_PERCENT_HP_BONUS","is_prod":false,"is_daily":false,"chose_seed":false,"campfire_upgraded":2,"win_rate":0,"timestamp":1549385396,"path_taken":["M","?","?","M","?","R","E","M","T","E","?","$","?","M","R","BOSS","M","M","$","?","?","R","M","M","T","E"],"build_version":"2019-01-23","purchased_purges":2,"victory":false,"max_hp_per_floor":[88,88,88,88,93,93,93,93,93,93,93,93,93,93,93,93,93,93,93,93,93,93,93,93,93,93,93],"card_choices":[{"not_picked":["Blood for Blood","Pummel"],"picked":"Thunderclap","floor":1.0},{"not_picked":["Flame Barrier","Warcry","Clash"],"picked":"SKIP","floor":3.0},{"not_picked":["Battle Trance","True Grit","Headbutt"],"picked":"SKIP","floor":4.0},{"not_picked":["Shockwave","Cleave","Limit Break"],"picked":"SKIP","floor":7.0},{"not_picked":["Twin Strike","Sword Boomerang","Warcry"],"picked":"SKIP","floor":8.0},{"not_picked":["Impervious","Brutality","Clothesline"],"picked":"SKIP","floor":10.0},{"not_picked":["Twin Strike","Intimidate","Pommel Strike"],"picked":"SKIP","floor":14.0},{"not_picked":["Twin Strike+1","Warcry","Sever Soul"],"picked":"SKIP","floor":18.0},{"not_picked":["Flame Barrier+1","Thunderclap+1","Power Through"],"picked":"SKIP","floor":19.0},{"not_picked":["Inflame","Searing Blow+1","Pommel Strike"],"picked":"SKIP","floor":24},{"not_picked":["Perfected Strike","Clash","Anger"],"picked":"SKIP","floor":25}],"player_experience":1079927,"relics_obtained":[{"floor":7.0,"key":"Torii"},{"floor":9.0,"key":"Sundial"},{"floor":10.0,"key":"Regal Pillow"},{"floor":26,"key":"Vajra"}],"event_choices":[{"damage_healed":0.0,"max_hp_gain":0.0,"max_hp_loss":0.0,"gold_gain":100.0,"event_name":"Golden Shrine","player_choice":"Pray","floor":2.0,"gold_loss":0.0,"damage_taken":0.0},{"damage_healed":0.0,"max_hp_gain":5.0,"max_hp_loss":0.0,"gold_gain":0.0,"event_name":"Big Fish","player_choice":"Donut","floor":5.0,"gold_loss":0.0,"damage_taken":0.0},{"cards_removed":["Strike_R"],"damage_healed":0.0,"max_hp_gain":0.0,"max_hp_loss":0.0,"gold_gain":0.0,"event_name":"The Cleric","player_choice":"Card Removal","floor":11.0,"gold_loss":50.0,"damage_taken":0.0},{"damage_healed":0.0,"max_hp_gain":0.0,"max_hp_loss":0.0,"gold_gain":75.0,"event_name":"World of Goop","player_choice":"Gather Gold","floor":13.0,"gold_loss":0.0,"damage_taken":11.0},{"damage_healed":31,"gold_gain":0,"player_choice":"Heal","damage_taken":0,"max_hp_gain":0,"max_hp_loss":0,"event_name":"The Library","floor":21,"gold_loss":0},{"damage_healed":0,"gold_gain":0,"player_choice":"Upgraded","damage_taken":0,"max_hp_gain":0,"max_hp_loss":0,"event_name":"Upgrade Shrine","floor":22,"gold_loss":0,"cards_upgraded":["Bash"]}],"is_beta":false,"boss_relics":[{"not_picked":["Cursed Key","Tiny House"],"picked":"Black Blood"}],"items_purged_floors":[12,20],"is_endless":false,"potions_floor_spawned":[3,4,7,14,16,19,24],"killed_by":"Slavers","ascension_level":1}