{"gold_per_floor":[113,113,128,128,148,177,177,193,245,245,245,256,289,300,300,400,400,420,345,32,49,49,49,66,66,66,86,86,102,102,121,121,218,218,236,249,259,2,2,2,17,417,444,87,87,103,103,115,115,115],"floor_reached":51,"playtime":1451,"items_purged":["Strike_R"],"score":711,"play_id":"6cf20a6a-054e-4d63-bafb-7b5b644ccccd","local_time":"20190212002329","is_ascension_mode":false,"campfire_choices":[{"data":"Whirlwind","floor":7,"key":"SMITH"},{"data":"Inflame","floor":11,"key":"SMITH"},{"floor":15,"key":"REST"},{"floor":23,"key":"REST"},{"data":"Inflame","floor":25,"key":"SMITH"},{"data":"Shrug It Off","floor":28,"key":"SMITH"},{"data":"Ghostly Armor","floor":30,"key":"SMITH"},{"floor":32,"key":"REST"},{"floor":40,"key":"REST"},{"data":"Reaper","floor":45,"key":"SMITH"},{"floor":49,"key":"REST"}],"neow_cost":"NONE","seed_source_timestamp":882780435926300,"circlet_count":0,"master_deck":["Strike_R","Strike_R","Strike_R+1","Defend_R","Defend_R","Defend_R","Bash+1","Inflame+1","Twin Strike","Whirlwind+1","Headbutt","Cleave","Ghostly Armor+1","Shrug It Off+1","Inflame+1","Clothesline","Spot Weakness+1","Flame Barrier+1","Sword Boomerang+1","Reaper+1","Shrug It Off+1","Battle Trance+1","Heavy Blade+1","Ghostly Armor+1"],"relics":["Burning Blood","Shuriken","Dream Catcher","Lantern","Ornamental Fan","White Beast Statue","Medical Kit","Frozen Egg 2","Runic Pyramid","Pantograph","Old Coin","Regal Pillow","Chemical X","Pen Nib"],"potions_floor_usage":[6,33,33,37,37,42,50,50],"damage_taken":[{"damage":5,"enemies":"2 Louse","floor":1,"turns":2},{"damage":3,"enemies":"Jaw Worm","floor":3,"turns":4},{"damage":6,"enemies":"Cultist","floor":5,"turns":3},{"damage":19,"enemies":"Lagavulin","floor":6,"turns":6},{"damage":0,"enemies":"2 Fungi Beasts","floor":8,"turns":2},{"damage":7,"enemies":"Exordium Wildlife","floor":12,"turns":3},{"damage":18,"enemies":"3 Sentries","floor":13,"turns":4},{"damage":8,"enemies":"3 Louse","floor":14,"turns":2},{"damage":67,"enemies":"Hexaghost","floor":16,"turns":9},{"damage":24,"enemies":"Shell Parasite","floor":18,"turns":6},{"damage":22,"enemies":"2 Thieves","floor":21,"turns":4},{"damage":13,"enemies":"3 Cultists","floor":24,"turns":4},{"damage":0,"enemies":"Chosen and Byrds","floor":27,"turns":6},{"damage":15,"enemies":"Centurion and Healer","floor":29,"turns":7},{"damage":31,"enemies":"Sentry and Sphere","floor":31,"turns":6},{"damage":85,"enemies":"Automaton","floor":33,"turns":9},{"damage":0,"enemies":"3 Shapes","floor":35,"turns":4},{"damage":34,"enemies":"Orb Walker","floor":36,"turns":4},{"damage":40,"enemies":"Transient","floor":37,"turns":5},{"damage":29,"enemies":"3 Darklings","floor":41,"turns":4},{"damage":23,"enemies":"Mind Bloom Boss Battle","floor":42,"turns":8},{"damage":21,"enemies":"Sphere and 2 Shapes","floor":46,"turns":3},{"damage":27,"enemies":"Transient","floor":48,"turns":5},{"damage":94,"enemies":"Donu and Deca","floor":50,"turns":8}],"seed_played":"6660793543206695615","potions_obtained":[{"floor":1,"key":"EssenceOfSteel"},{"floor":3,"key":"Ancient Potion"},{"floor":12,"key":"Ancient Potion"},{"floor":18,"key":"Strength Potion"},{"floor":21,"key":"SpeedPotion"},{"floor":24,"key":"FearPotion"},{"floor":27,"key":"Weak Potion"},{"floor":31,"key":"Regen Potion"},{"floor":33,"key":"SkillPotion"},{"floor":35,"key":"SpeedPotion"},{"floor":36,"key":"Fire Potion"},{"floor":37,"key":"Strength Potion"},{"floor":41,"key":"Swift Potion"},{"floor":42,"key":"FearPotion"}],"is_trial":false,"path_per_floor":["M","?","M","?","M","E","R","M","T","?","R","M","E","M","R","B",null,"M","?","$","M","?","R","M","R","T","M","R","M","R","M","R","B",null,"M","M","M","$","?","R","M","?","T","$","R","M","?","M","R","B",null],"character_chosen":"IRONCLAD","items_purchased":["Shrug It Off","Medical Kit","Pantograph","Chemical X","Pen Nib"],"campfire_rested":5,"item_purchase_floors":[20,20,38,44,44],"current_hp_per_floor":[88,81,84,84,84,71,71,77,77,59,59,58,46,44,70,9,88,70,70,70,54,54,80,73,73,73,79,79,70,70,45,71,7,88,88,75,63,63,63,88,88,84,84,84,84,69,69,78,84,30],"gold":115,"neow_bonus":"TEN_PERCENT_HP_BONUS","is_prod":false,"is_daily":false,"chose_seed":false,"campfire_upgraded":6,"win_rate":0,"timestamp":1549931009,"path_taken":["M","?","M","?","?","E","R","M","T","?","R","M","E","M","R","BOSS","M","?","$","M","?","R","M","R","T","M","R","M","R","M","R","BOSS","M","M","M","$","?","R","M","?","T","$","R","M","?","M","R","BOSS"],"build_version":"2019-01-23","purchased_purges":1,"victory":true,"max_hp_per_floor":[88,88,88,88,88,88,88,88,88,88,88,88,88,88,88,88,88,88,88,88,88,88,88,88,88,88,88,88,88,88,88,88,88,88,88,88,88,88,88,88,88,88,88,88,88,88,84,84,84,84],"card_choices":[{"not_picked":["Feel No Pain","Thunderclap"],"picked":"Inflame","floor":1},{"not_picked":["Power Through","Blood for Blood"],"picked":"Twin Strike","floor":3},{"not_picked":["Corruption","Wild Strike"],"picked":"Whirlwind","floor":5},{"not_picked":["Blood for Blood","Pommel Strike"],"picked":"Headbutt","floor":6},{"not_picked":["Thunderclap","Carnage","Perfected Strike"],"picked":"SKIP","floor":8},{"not_picked":["Pommel Strike","Seeing Red","Iron Wave"],"picked":"SKIP","floor":12},{"not_picked":["Pummel","Body Slam"],"picked":"Cleave","floor":13},{"not_picked":["Iron Wave","True Grit","Warcry"],"picked":"SKIP","floor":14},{"not_picked":["Combust","Rampage"],"picked":"Ghostly Armor","floor":15},{"not_picked":["Cleave","True Grit","Carnage"],"picked":"SKIP","floor":18},{"not_picked":["Anger","Armaments","Clash+1"],"picked":"SKIP","floor":21},{"not_picked":["Rage","Shrug It Off"],"picked":"Inflame","floor":23},{"not_picked":["Rampage","Juggernaut"],"picked":"Clothesline","floor":24},{"not_picked":["Iron Wave+1","Clash"],"picked":"Spot Weakness+1","floor":27},{"not_picked":["Carnage","Havoc+1"],"picked":"Flame Barrier+1","floor":29},{"not_picked":["Uppercut","Pommel Strike","Anger+1"],"picked":"SKIP","floor":31},{"not_picked":["Inflame+1","Evolve+1"],"picked":"Sword Boomerang+1","floor":32},{"not_picked":["Barricade+1","Double Tap"],"picked":"Reaper","floor":33},{"not_picked":["Twin Strike+1","Havoc"],"picked":"Shrug It Off+1","floor":35},{"not_picked":["Flex+1","Sentinel","Anger+1"],"picked":"SKIP","floor":36},{"not_picked":["Entrench+1","Sever Soul","Clothesline+1"],"picked":"SKIP","floor":37},{"not_picked":["Body Slam","Wild Strike+1"],"picked":"Battle Trance+1","floor":41},{"not_picked":["Flex+1","Sentinel"],"picked":"Heavy Blade+1","floor":42},{"not_picked":["Burning Pact","Clash","Rampage+1"],"picked":"SKIP","floor":46},{"not_picked":["Perfected Strike+1","Flex+1"],"picked":"Ghostly Armor+1","floor":48}],"player_experience":1130265,"relics_obtained":[{"floor":6,"key":"Dream Catcher"},{"floor":9,"key":"Lantern"},{"floor":13,"key":"Ornamental Fan"},{"floor":26,"key":"Frozen Egg 2"},{"floor":42,"key":"Old Coin"},{"floor":43,"key":"Regal Pillow"}],"event_choices":[{"cards_removed":["Strike_R"],"damage_healed":0,"gold_gain":0,"player_choice":"Card Removal","damage_taken":7,"max_hp_gain":0,"max_hp_loss":0,"event_name":"Golden Wing","floor":2,"gold_loss":0},{"damage_healed":0,"gold_gain":0,"player_choice":"Gave Potion","damage_taken":0,"relics_obtained":["Shuriken"],"max_hp_gain":0,"max_hp_loss":0,"event_name":"WeMeetAgain","floor":4,"gold_loss":0},{"damage_healed":0,"gold_gain":0,"player_choice":"Entered Light","damage_taken":18,"max_hp_gain":0,"max_hp_loss":0,"event_name":"Shining Light","floor":10,"gold_loss":0,"cards_upgraded":["Strike_R","Bash"]},{"cards_removed":["Defend_R"],"damage_healed":0,"gold_gain":0,"player_choice":"Gave Gold","damage_taken":0,"max_hp_gain":0,"max_hp_loss":0,"event_name":"Beggar","floor":19,"gold_loss":75},{"damage_healed":0,"gold_gain":0,"player_choice":"Ignored","damage_taken":0,"max_hp_gain":0,"max_hp_loss":0,"event_name":"Ghosts","floor":22,"gold_loss":0},{"damage_healed":0,"gold_gain":0,"player_choice":"Memory 1","damage_taken":0,"max_hp_gain":0,"max_hp_loss":0,"event_name":"SensoryStone","floor":39,"gold_loss":0},{"damage_healed":0,"gold_gain":0,"player_choice":"Fight","damage_taken":0,"max_hp_gain":0,"max_hp_loss":0,"event_name":"MindBloom","floor":42,"gold_loss":0},{"damage_healed":0,"gold_gain":0,"player_choice":"Max HP","damage_taken":0,"max_hp_gain":0,"max_hp_loss":4,"event_name":"Winding Halls","floor":47,"gold_loss":0}],"is_beta":false,"boss_relics":[{"not_picked":["Coffee Dripper","Orrery"],"picked":"White Beast Statue"},{"not_picked":["Black Star","Sozu"],"picked":"Runic Pyramid"}],"items_purged_floors":[20],"is_endless":false,"potions_floor_spawned":[1,3,12,18,21,24,27,29,31,33,35,36,37,41,42,46,48],"ascension_level":0}