{"gold_per_floor":[109,284,294,304,156,156,184,208,259,259,288,308,308,336,336,438,438,448,460,210,230,143,173,183,183],"floor_reached":25,"playtime":1282,"items_purged":["Doubt","Strike_R","Strike_R"],"score":279,"play_id":"e0b214f5-86ae-4158-a15f-f1466fe7eeff","local_time":"20190207121132","is_ascension_mode":true,"campfire_choices":[{"data":"Immolate","floor":6,"key":"SMITH"},{"data":"Combust","floor":13,"key":"SMITH"},{"data":"True Grit","floor":15,"key":"SMITH"}],"neow_cost":"NONE","seed_source_timestamp":493436761798330,"circlet_count":0,"master_deck":["Strike_R","Strike_R","Strike_R","Defend_R","Defend_R","Defend_R","Defend_R","Bash+1","Combust+1","Metallicize","Immolate+1","Rupture","Shrug It Off","True Grit+1","Impervious","Shrug It Off","Flame Barrier"],"relics":["Burning Blood","Anchor","Odd Mushroom","Dream Catcher","Orichalcum","Shuriken","Strawberry","Eternal Feather","Membership Card","PreservedInsect"],"potions_floor_usage":[23,23,23,23,23,25],"damage_taken":[{"damage":6,"enemies":"Jaw Worm","floor":1,"turns":3},{"damage":4,"enemies":"Small Slimes","floor":3,"turns":4},{"damage":3,"enemies":"Cultist","floor":4,"turns":4},{"damage":9,"enemies":"3 Sentries","floor":7,"turns":3},{"damage":1,"enemies":"The Mushroom Lair","floor":8,"turns":2},{"damage":11,"enemies":"Gremlin Nob","floor":11,"turns":3},{"damage":2,"enemies":"Blue Slaver","floor":12,"turns":4},{"damage":1,"enemies":"3 Sentries","floor":14,"turns":2},{"damage":68,"enemies":"Hexaghost","floor":16,"turns":12},{"damage":23,"enemies":"Chosen","floor":18,"turns":7},{"damage":33,"enemies":"3 Byrds","floor":19,"turns":4},{"damage":30,"enemies":"Snake Plant","floor":21,"turns":5},{"damage":8,"enemies":"Book of Stabbing","floor":23,"turns":6},{"damage":9,"enemies":"3 Cultists","floor":24,"turns":3},{"damage":14,"enemies":"Shelled Parasite and Fungi","floor":25,"turns":4}],"seed_played":"4956352868985653694","potions_obtained":[{"floor":1,"key":"SkillPotion"},{"floor":11,"key":"EssenceOfSteel"},{"floor":12,"key":"LiquidBronze"},{"floor":14,"key":"EntropicBrew"},{"floor":23,"key":"Dexterity Potion"}],"is_trial":false,"path_per_floor":["M","?","M","M","$","R","E","?","T","?","E","M","R","E","R","B",null,"M","M","$","M","$","E","M","M"],"character_chosen":"IRONCLAD","items_purchased":["Immolate","Membership Card","Shrug It Off"],"campfire_rested":0,"item_purchase_floors":[5,20,22],"current_hp_per_floor":[80,80,80,80,80,80,77,80,80,80,75,79,79,87,87,25,87,70,43,43,19,19,17,14,0],"gold":183,"neow_bonus":"UPGRADE_CARD","is_prod":false,"is_daily":false,"chose_seed":false,"campfire_upgraded":3,"win_rate":0,"timestamp":1549541492,"path_taken":["M","?","M","M","$","R","E","?","T","?","E","M","R","E","R","BOSS","M","M","$","M","$","E","M","?"],"build_version":"2019-01-23","purchased_purges":3,"victory":false,"max_hp_per_floor":[80,80,80,80,80,80,80,80,80,80,80,80,80,87,87,87,87,87,87,87,87,87,87,87,87],"card_choices":[{"not_picked":["Blood for Blood","Havoc"],"picked":"Combust","floor":1},{"not_picked":["Hemokinesis","Metallicize","Thunderclap"],"picked":"SKIP","floor":3},{"not_picked":["Hemokinesis","Thunderclap"],"picked":"Metallicize","floor":3},{"not_picked":["Perfected Strike","Sword Boomerang","Armaments"],"picked":"SKIP","floor":4},{"not_picked":["Sentinel","Double Tap"],"picked":"Rupture","floor":7},{"not_picked":["Sword Boomerang","Anger"],"picked":"Shrug It Off","floor":11},{"not_picked":["Iron Wave","Wild Strike","Spot Weakness"],"picked":"SKIP","floor":12},{"not_picked":["Spot Weakness","Uppercut"],"picked":"True Grit","floor":14},{"not_picked":["Feed","Juggernaut"],"picked":"Impervious","floor":16},{"not_picked":["Clothesline","Cleave","Inflame"],"picked":"SKIP","floor":18},{"not_picked":["Dual Wield","Flex+1","Clothesline+1"],"picked":"SKIP","floor":19},{"not_picked":["Havoc","Iron Wave","Body Slam"],"picked":"SKIP","floor":21},{"not_picked":["Body Slam","Shrug It Off"],"picked":"Flame Barrier","floor":23},{"not_picked":["Dropkick","Thunderclap","Heavy Blade"],"picked":"SKIP","floor":24}],"player_experience":1098946,"relics_obtained":[{"floor":7,"key":"Anchor"},{"floor":8,"key":"Odd Mushroom"},{"floor":9,"key":"Dream Catcher"},{"floor":11,"key":"Shuriken"},{"floor":14,"key":"Strawberry"},{"floor":23,"key":"PreservedInsect"}],"event_choices":[{"damage_healed":0,"gold_gain":175,"player_choice":"AGREE","damage_taken":0,"max_hp_gain":0,"max_hp_loss":0,"event_name":"Liars Game","floor":2,"gold_loss":0,"cards_obtained":["Doubt"]},{"damage_healed":0,"gold_gain":0,"player_choice":"Fought Mushrooms","damage_taken":0,"max_hp_gain":0,"max_hp_loss":0,"event_name":"Mushrooms","floor":8,"gold_loss":0},{"damage_healed":0,"gold_gain":0,"player_choice":"Gave Potion","damage_taken":0,"relics_obtained":["Orichalcum"],"max_hp_gain":0,"max_hp_loss":0,"event_name":"WeMeetAgain","floor":10,"gold_loss":0}],"is_beta":false,"boss_relics":[{"not_picked":["Fusion Hammer","Runic Dome"],"picked":"Eternal Feather"}],"items_purged_floors":[5,20,22],"is_endless":false,"potions_floor_spawned":[1,11,12,14,18,19,23],"killed_by":"Shelled Parasite and Fungi","ascension_level":1}