{"gold_per_floor":[119,136,136,156,231,231,246,246,246,278,154,170,186,186,186,282,282,302,302,401,414,428,428,462,462,532,99,113,124,139,154,154,252,252,268,286,286,299,313,313,340,340,340,340,340,357,357],"floor_reached":47,"playtime":2579,"items_purged":["Strike_R","Strike_R"],"score":531,"play_id":"8df6c984-0b96-433a-b5e2-d7b4b18a04fb","local_time":"20190205230132","is_ascension_mode":true,"campfire_choices":[{"data":"Body Slam","floor":6,"key":"SMITH"},{"data":"True Grit","floor":8,"key":"SMITH"},{"data":"Body Slam","floor":15,"key":"SMITH"},{"data":"Shrug It Off","floor":23,"key":"SMITH"},{"floor":25,"key":"REST"},{"data":"Defend_R","floor":32,"key":"PURGE"},{"data":"Bash","floor":40,"key":"PURGE"},{"data":"Defend_R","floor":42,"key":"PURGE"},{"data":"Defend_R","floor":44,"key":"PURGE"}],"neow_cost":"TEN_PERCENT_HP_LOSS","seed_source_timestamp":358338376886182,"circlet_count":0,"master_deck":["Body Slam+1","True Grit+1","Shrug It Off+1","Iron Wave","Shrug It Off"],"relics":["Black Blood","Letter Opener","Bird Faced Urn","White Beast Statue","Matryoshka","Art of War","Meat on the Bone","Peace Pipe","Mummified Hand","Ornamental Fan","Kunai"],"potions_floor_usage":[16,16,19,24,30,33,33,47,47],"damage_taken":[{"damage":0,"enemies":"2 Louse","floor":1,"turns":2},{"damage":1,"enemies":"Cultist","floor":2,"turns":4},{"damage":0,"enemies":"Jaw Worm","floor":4,"turns":5},{"damage":0,"enemies":"2 Fungi Beasts","floor":7,"turns":3},{"damage":29,"enemies":"3 Sentries","floor":10,"turns":12},{"damage":0,"enemies":"Red Slaver","floor":12,"turns":5},{"damage":0,"enemies":"Large Slime","floor":13,"turns":8},{"damage":54,"enemies":"Slime Boss","floor":16,"turns":15},{"damage":5,"enemies":"Spheric Guardian","floor":18,"turns":4},{"damage":0,"enemies":"Masked Bandits","floor":19,"turns":1},{"damage":0,"enemies":"Chosen","floor":21,"turns":3},{"damage":12,"enemies":"Snake Plant","floor":22,"turns":3},{"damage":36,"enemies":"Slavers","floor":24,"turns":9},{"damage":5,"enemies":"Cultist and Chosen","floor":28,"turns":6},{"damage":12,"enemies":"Shelled Parasite and Fungi","floor":29,"turns":4},{"damage":11,"enemies":"Snecko","floor":30,"turns":6},{"damage":3,"enemies":"3 Cultists","floor":31,"turns":5},{"damage":44,"enemies":"Automaton","floor":33,"turns":9},{"damage":2,"enemies":"3 Shapes","floor":35,"turns":4},{"damage":0,"enemies":"3 Darklings","floor":36,"turns":4},{"damage":14,"enemies":"Maw","floor":38,"turns":7},{"damage":12,"enemies":"Writhing Mass","floor":39,"turns":6},{"damage":0,"enemies":"Reptomancer","floor":41,"turns":7},{"damage":4,"enemies":"Spire Growth","floor":46,"turns":6},{"damage":78,"enemies":"Giant Head","floor":47,"turns":11}],"seed_played":"8163225751656642414","potions_obtained":[{"floor":2,"key":"Energy Potion"},{"floor":13,"key":"Fire Potion"},{"floor":18,"key":"SmokeBomb"},{"floor":21,"key":"Regen Potion"},{"floor":22,"key":"EssenceOfSteel"},{"floor":24,"key":"Strength Potion"},{"floor":28,"key":"Regen Potion"},{"floor":30,"key":"Fruit Juice"},{"floor":31,"key":"Swift Potion"},{"floor":33,"key":"BloodPotion"},{"floor":35,"key":"Block Potion"},{"floor":41,"key":"Explosive Potion"},{"floor":46,"key":"SpeedPotion"}],"is_trial":false,"path_per_floor":["M","M","?","M","?","R","M","R","T","E","$","M","M","?","R","B",null,"M","?","?","M","M","R","E","R","T","$","M","M","M","M","R","B",null,"M","M","?","M","M","R","E","R","T","R","?","M","E"],"character_chosen":"IRONCLAD","items_purchased":["Shrug It Off","Peace Pipe","Shrug It Off"],"campfire_rested":1,"item_purchase_floors":[11,27,27],"current_hp_per_floor":[72,72,72,72,61,61,67,67,67,44,44,50,56,56,56,8,72,72,72,72,72,66,66,51,72,72,72,72,66,66,69,69,55,77,77,77,77,73,71,71,77,77,77,77,77,77,0],"gold":357,"neow_bonus":"REMOVE_TWO","is_prod":false,"is_daily":false,"chose_seed":false,"campfire_upgraded":4,"win_rate":0,"timestamp":1549407692,"path_taken":["M","M","?","?","?","R","M","R","T","E","$","M","M","?","R","BOSS","M","?","?","M","M","R","E","R","T","$","M","M","M","M","R","BOSS","M","M","?","M","?","R","E","R","T","R","?","M","E"],"build_version":"2019-01-23","purchased_purges":2,"victory":false,"max_hp_per_floor":[72,72,72,72,72,72,72,72,72,72,72,72,72,72,72,72,72,72,72,72,72,72,72,72,72,72,72,72,72,77,77,77,77,77,77,77,77,77,77,77,77,77,77,77,77,77,77],"card_choices":[{"not_picked":["Wild Strike","Iron Wave"],"picked":"Body Slam","floor":1},{"not_picked":["Anger","Infernal Blade","Clash"],"picked":"SKIP","floor":2},{"not_picked":["Thunderclap","Fire Breathing","Pommel Strike"],"picked":"SKIP","floor":4},{"not_picked":["Fire Breathing","Burning Pact","Perfected Strike"],"picked":"SKIP","floor":7},{"not_picked":["Rampage","Limit Break","Whirlwind"],"picked":"SKIP","floor":10},{"not_picked":["Wild Strike","Clothesline"],"picked":"Body Slam","floor":12},{"not_picked":["Havoc","Hemokinesis","Flex"],"picked":"SKIP","floor":13},{"not_picked":["Pommel Strike","Headbutt+1","Thunderclap"],"picked":"SKIP","floor":18},{"not_picked":["Pommel Strike","Headbutt+1","Thunderclap"],"picked":"SKIP","floor":18},{"not_picked":["Iron Wave","Second Wind","Havoc"],"picked":"SKIP","floor":21},{"not_picked":["Metallicize","Infernal Blade","Body Slam+1"],"picked":"SKIP","floor":22},{"not_picked":["Rage","Wild Strike+1","Cleave"],"picked":"SKIP","floor":24},{"not_picked":["Perfected Strike","Metallicize","Havoc"],"picked":"SKIP","floor":28},{"not_picked":["Warcry+1","Rupture","Shrug It Off"],"picked":"SKIP","floor":29},{"not_picked":["Warcry","Shockwave","Sever Soul"],"picked":"SKIP","floor":30},{"not_picked":["Flex+1","Feel No Pain+1","Perfected Strike"],"picked":"SKIP","floor":31},{"not_picked":["Flex+1","Inflame","Fire Breathing"],"picked":"SKIP","floor":35},{"not_picked":["Intimidate","Heavy Blade","Rage+1"],"picked":"SKIP","floor":36},{"not_picked":["Second Wind","Corruption","Intimidate+1"],"picked":"SKIP","floor":38},{"not_picked":["Body Slam+1","Flex","Sword Boomerang+1"],"picked":"SKIP","floor":39},{"not_picked":["Shrug It Off+1","Hemokinesis+1","Second Wind"],"picked":"SKIP","floor":41},{"not_picked":["Perfected Strike","Warcry+1","Combust+1"],"picked":"SKIP","floor":46}],"player_experience":1089038,"relics_obtained":[{"floor":9,"key":"Letter Opener"},{"floor":10,"key":"Bird Faced Urn"},{"floor":24,"key":"Matryoshka"},{"floor":26,"key":"Art of War"},{"floor":26,"key":"Meat on the Bone"},{"floor":41,"key":"Mummified Hand"},{"floor":43,"key":"Ornamental Fan"},{"floor":43,"key":"Kunai"}],"event_choices":[{"damage_healed":0,"gold_gain":0,"cards_transformed":["Strike_R"],"player_choice":"Transformed","damage_taken":0,"max_hp_gain":0,"max_hp_loss":0,"event_name":"Transmorgrifier","floor":3,"gold_loss":0,"cards_obtained":["True Grit"]},{"damage_healed":0,"gold_gain":75,"player_choice":"Gather Gold","damage_taken":11,"max_hp_gain":0,"max_hp_loss":0,"event_name":"World of Goop","floor":5,"gold_loss":0},{"cards_removed":["Strike_R"],"damage_healed":0,"gold_gain":0,"player_choice":"Took Card","damage_taken":0,"max_hp_gain":0,"max_hp_loss":0,"event_name":"NoteForYourself","floor":14,"gold_loss":0,"cards_obtained":["Iron Wave"]},{"damage_healed":0,"gold_gain":0,"player_choice":"Fought Bandits","damage_taken":0,"max_hp_gain":0,"max_hp_loss":0,"event_name":"Masked Bandits","floor":19,"gold_loss":0},{"damage_healed":0,"gold_gain":99,"player_choice":"Stole From Cult","damage_taken":0,"max_hp_gain":0,"max_hp_loss":0,"event_name":"Nest","floor":20,"gold_loss":0},{"damage_healed":0,"gold_gain":0,"player_choice":"Ignored","damage_taken":0,"max_hp_gain":0,"max_hp_loss":0,"event_name":"SecretPortal","floor":37,"gold_loss":0},{"cards_removed":["Body Slam"],"damage_healed":0,"gold_gain":0,"player_choice":"Removed Attack","damage_taken":0,"max_hp_gain":0,"max_hp_loss":0,"event_name":"Falling","floor":45,"gold_loss":0}],"is_beta":false,"boss_relics":[{"not_picked":["Snecko Eye","Black Star"],"picked":"White Beast Statue"},{"not_picked":["Pandora\u0027s Box","Cursed Key"],"picked":"Black Blood"}],"items_purged_floors":[11,27],"is_endless":false,"potions_floor_spawned":[2,13,18,19,21,22,24,28,29,30,31,33,35,36,38,39,41,46],"killed_by":"Giant Head","ascension_level":1}