{"gold_per_floor":[116,19,29,40,50,50,84,37,37,37,37,48,48,61,61,163,163,179,179,190,89,0,0,16,16,16,33,88,105,123,142,142,247,247,262,281,281,181,281,281,281],"floor_reached":41,"playtime":960,"items_purged":["Strike_R","Strike_R"],"score":420,"play_id":"210d4340-16b5-4778-8f80-d901290ba0bd","local_time":"20190209132153","is_ascension_mode":false,"campfire_choices":[{"data":"Bash","floor":6,"key":"SMITH"},{"data":"Flex","floor":10,"key":"SMITH"},{"data":"Sword Boomerang","floor":13,"key":"SMITH"},{"data":"Twin Strike","floor":15,"key":"SMITH"},{"floor":23,"key":"REST"},{"floor":25,"key":"REST"},{"floor":32,"key":"REST"},{"data":"1","floor":40,"key":"LIFT"}],"neow_cost":"NONE","seed_source_timestamp":670778652005007,"circlet_count":0,"master_deck":["Strike_R","Strike_R","Strike_R","Defend_R","Defend_R","Defend_R","Defend_R","Bash+1","Twin Strike+1","Shrug It Off","Clothesline","Shrug It Off","Sword Boomerang+1","Pommel Strike","Battle Trance","Flex+1","Limit Break+1","Heavy Blade","Spot Weakness","Uppercut+1","Shockwave","Flame Barrier+1"],"relics":["Burning Blood","Pear","Kunai","Fusion Hammer","Mummified Hand","Regal Pillow","Philosopher\u0027s Stone","Girya"],"potions_floor_usage":[12,16,33,33,35,36],"damage_taken":[{"damage":6,"enemies":"Cultist","floor":1,"turns":3},{"damage":1,"enemies":"2 Louse","floor":3,"turns":3},{"damage":8,"enemies":"Jaw Worm","floor":4,"turns":3},{"damage":25,"enemies":"Exordium Wildlife","floor":5,"turns":5},{"damage":41,"enemies":"Lagavulin","floor":7,"turns":7},{"damage":7,"enemies":"Looter","floor":12,"turns":3},{"damage":0,"enemies":"3 Louse","floor":14,"turns":1},{"damage":44,"enemies":"The Guardian","floor":16,"turns":7},{"damage":10,"enemies":"Spheric Guardian","floor":18,"turns":3},{"damage":0,"enemies":"Chosen","floor":20,"turns":3},{"damage":20,"enemies":"Centurion and Healer","floor":24,"turns":3},{"damage":0,"enemies":"Snecko","floor":27,"turns":3},{"damage":10,"enemies":"Cultist and Chosen","floor":29,"turns":4},{"damage":26,"enemies":"Shelled Parasite and Fungi","floor":30,"turns":5},{"damage":12,"enemies":"Centurion and Healer","floor":31,"turns":6},{"damage":35,"enemies":"Automaton","floor":33,"turns":6},{"damage":45,"enemies":"3 Shapes","floor":35,"turns":5},{"damage":15,"enemies":"Orb Walker","floor":36,"turns":4},{"damage":1,"enemies":"Mind Bloom Boss Battle","floor":39,"turns":4},{"damage":89,"enemies":"Nemesis","floor":41,"turns":5}],"seed_played":"8531946422421806089","potions_obtained":[{"floor":5,"key":"BloodPotion"},{"floor":12,"key":"BloodPotion"},{"floor":14,"key":"AttackPotion"},{"floor":18,"key":"LiquidBronze"},{"floor":27,"key":"Regen Potion"},{"floor":33,"key":"EntropicBrew"}],"is_trial":false,"path_per_floor":["M","$","M","M","M","R","E","$","T","R","?","M","R","M","R","B",null,"M","?","M","$","?","R","M","R","T","M","T","M","M","M","R","B",null,"M","M","?","$","?","R","E"],"character_chosen":"IRONCLAD","items_purchased":["Shrug It Off","Clothesline","Flex","Heavy Blade"],"campfire_rested":3,"item_purchase_floors":[2,2,8,21],"current_hp_per_floor":[88,88,88,86,67,67,42,42,42,42,47,56,56,62,62,24,103,99,99,103,103,103,103,89,103,103,103,103,99,79,73,103,86,103,74,65,65,65,70,70,0],"gold":281,"neow_bonus":"TEN_PERCENT_HP_BONUS","is_prod":false,"is_daily":false,"chose_seed":false,"campfire_upgraded":4,"win_rate":0,"timestamp":1549718513,"path_taken":["M","$","M","?","M","R","E","$","T","R","?","M","R","M","R","BOSS","M","?","M","$","?","R","M","R","T","M","?","M","M","?","R","BOSS","M","M","?","$","?","R","E"],"build_version":"2019-01-23","purchased_purges":2,"victory":false,"max_hp_per_floor":[88,88,88,88,88,88,98,98,98,98,103,103,103,103,103,103,103,103,103,103,103,103,103,103,103,103,103,103,103,103,103,103,103,103,103,103,103,103,103,103,103],"card_choices":[{"not_picked":["Warcry","Thunderclap"],"picked":"Twin Strike","floor":1},{"not_picked":["Blood for Blood","True Grit"],"picked":"Shrug It Off","floor":3},{"not_picked":["Shrug It Off","Wild Strike"],"picked":"Sword Boomerang","floor":4},{"not_picked":["Hemokinesis","Havoc"],"picked":"Pommel Strike","floor":5},{"not_picked":["Armaments","Headbutt"],"picked":"Battle Trance","floor":7},{"not_picked":["Intimidate","Clash","Burning Pact"],"picked":"SKIP","floor":12},{"not_picked":["Rage","Searing Blow","Clash"],"picked":"SKIP","floor":14},{"not_picked":["Juggernaut","Bludgeon"],"picked":"Limit Break","floor":16},{"not_picked":["Havoc","Headbutt","Uppercut"],"picked":"SKIP","floor":18},{"not_picked":["Havoc+1","Iron Wave+1","Wild Strike+1"],"picked":"SKIP","floor":20},{"not_picked":["Berserk","Cleave"],"picked":"Spot Weakness","floor":24},{"not_picked":["Dropkick","Sword Boomerang+1"],"picked":"Uppercut+1","floor":27},{"not_picked":["Hemokinesis+1","Warcry"],"picked":"Shockwave","floor":29},{"not_picked":["Wild Strike","Anger","Warcry"],"picked":"SKIP","floor":30},{"not_picked":["Pommel Strike","Body Slam","Anger+1"],"picked":"SKIP","floor":31},{"not_picked":["Feel No Pain","Warcry","Twin Strike+1"],"picked":"SKIP","floor":35},{"not_picked":["Anger","Cleave+1","Havoc+1"],"picked":"SKIP","floor":36},{"not_picked":["Clothesline","Corruption+1"],"picked":"Flame Barrier+1","floor":39}],"player_experience":1112416,"relics_obtained":[{"floor":7,"key":"Pear"},{"floor":9,"key":"Kunai"},{"floor":26,"key":"Mummified Hand"},{"floor":28,"key":"Regal Pillow"},{"floor":39,"key":"Girya"}],"event_choices":[{"damage_healed":0,"gold_gain":0,"player_choice":"Donut","damage_taken":0,"max_hp_gain":5,"max_hp_loss":0,"event_name":"Big Fish","floor":11,"gold_loss":0},{"damage_healed":0,"gold_gain":0,"player_choice":"Forge","damage_taken":0,"max_hp_gain":0,"max_hp_loss":0,"event_name":"Accursed Blacksmith","floor":19,"gold_loss":0,"cards_upgraded":["Limit Break"]},{"damage_healed":0,"gold_gain":0,"player_choice":"Paid Fearfully","damage_taken":0,"max_hp_gain":0,"max_hp_loss":0,"event_name":"Masked Bandits","floor":22,"gold_loss":89},{"damage_healed":0,"gold_gain":0,"player_choice":"Ignored","damage_taken":0,"max_hp_gain":0,"max_hp_loss":0,"event_name":"Mysterious Sphere","floor":37,"gold_loss":0},{"damage_healed":0,"gold_gain":0,"player_choice":"Fight","damage_taken":0,"max_hp_gain":0,"max_hp_loss":0,"event_name":"MindBloom","floor":39,"gold_loss":0}],"is_beta":false,"boss_relics":[{"not_picked":["Calling Bell","Runic Cube"],"picked":"Fusion Hammer"},{"not_picked":["Runic Dome","Astrolabe"],"picked":"Philosopher\u0027s Stone"}],"items_purged_floors":[21,38],"is_endless":false,"potions_floor_spawned":[5,12,14,18,27,31,33],"killed_by":"Nemesis","ascension_level":0}