{"gold_per_floor":[109,34,34,34,45,45,45,70,70,94,94,119,119,188,188,308,308,324,324,224,224,224,259,279,279,302,323,364,382,406,281,281,409,472,495,509,842,858,708,737,749,586,610,610,638,438,464,479,479,479],"floor_reached":51,"playtime":1920,"items_purged":["Strike_R","Juggernaut","Barricade","Bash+1","Thunderclap+1","Iron Wave+1"],"score":984,"play_id":"8c17f9d6-7faa-4706-a151-f77c4160db82","local_time":"20190206235345","is_ascension_mode":true,"campfire_choices":[{"data":"Bash","floor":6,"key":"SMITH"},{"data":"Thunderclap","floor":13,"key":"SMITH"},{"floor":15,"key":"REST"},{"floor":25,"key":"REST"},{"floor":32,"key":"REST"},{"floor":41,"key":"REST"},{"floor":49,"key":"REST"}],"neow_cost":"NONE","seed_source_timestamp":448519506118798,"circlet_count":0,"master_deck":["Feed+1","Flex+1","Dropkick+1","Uppercut+1","Dropkick+1"],"relics":["Burning Blood","Boot","Pear","Dream Catcher","Meat on the Bone","Pandora\u0027s Box","PreservedInsect","Whetstone","Centennial Puzzle","Tiny House","MawBank","Art of War","Mango","Omamori"],"potions_floor_usage":[16,23,33,33,48,50],"damage_taken":[{"damage":6,"enemies":"Jaw Worm","floor":1,"turns":3},{"damage":2,"enemies":"Small Slimes","floor":5,"turns":3},{"damage":20,"enemies":"Gremlin Nob","floor":8,"turns":4},{"damage":7,"enemies":"2 Louse","floor":12,"turns":3},{"damage":62,"enemies":"The Guardian","floor":16,"turns":12},{"damage":5,"enemies":"Chosen","floor":18,"turns":4},{"damage":35,"enemies":"Gremlin Leader","floor":23,"turns":5},{"damage":10,"enemies":"3 Byrds","floor":24,"turns":3},{"damage":15,"enemies":"Snecko","floor":27,"turns":4},{"damage":12,"enemies":"Slavers","floor":28,"turns":3},{"damage":19,"enemies":"Sentry and Sphere","floor":29,"turns":4},{"damage":15,"enemies":"Snake Plant","floor":30,"turns":2},{"damage":72,"enemies":"Automaton","floor":33,"turns":9},{"damage":34,"enemies":"3 Shapes","floor":35,"turns":3},{"damage":4,"enemies":"Orb Walker","floor":36,"turns":2},{"damage":45,"enemies":"4 Shapes","floor":38,"turns":5},{"damage":47,"enemies":"Giant Head","floor":40,"turns":7},{"damage":11,"enemies":"Reptomancer","floor":45,"turns":2},{"damage":9,"enemies":"Giant Head","floor":47,"turns":2},{"damage":16,"enemies":"3 Darklings","floor":48,"turns":3},{"damage":0,"enemies":"Awakened One","floor":50,"turns":2}],"seed_played":"-742562677677054741","potions_obtained":[{"floor":1,"key":"FearPotion"},{"floor":5,"key":"Block Potion"},{"floor":12,"key":"Fire Potion"},{"floor":18,"key":"Strength Potion"},{"floor":27,"key":"Block Potion"},{"floor":34,"key":"Weak Potion"},{"floor":40,"key":"SteroidPotion"}],"is_trial":false,"path_per_floor":["M","$","?","?","M","R","$","E","T","T","?","M","R","T","R","B",null,"M","?","$","?","?","E","M","R","T","M","E","M","M","$","R","B",null,"M","M","?","M","$","E","R","$","T","?","E","$","E","M","R","B",null],"character_chosen":"IRONCLAD","items_purchased":[],"campfire_rested":5,"item_purchase_floors":[],"current_hp_per_floor":[80,80,64,64,68,68,68,54,64,64,42,41,41,41,68,24,90,93,93,93,93,93,67,63,91,91,86,84,75,70,70,103,53,121,97,99,99,76,76,51,90,90,90,90,99,99,96,90,135,141],"gold":479,"neow_bonus":"REMOVE_CARD","is_prod":false,"is_daily":false,"chose_seed":false,"campfire_upgraded":2,"win_rate":0,"timestamp":1549497225,"path_taken":["M","$","?","?","M","R","?","E","T","?","?","M","R","?","R","BOSS","M","?","?","?","?","E","M","R","T","M","E","?","M","$","R","BOSS","M","?","?","M","?","E","R","$","T","?","E","$","E","M","R","BOSS"],"build_version":"2019-01-23","purchased_purges":6,"victory":true,"max_hp_per_floor":[80,80,80,80,80,80,80,80,90,90,90,90,90,90,90,90,90,93,93,93,93,93,96,96,96,96,100,104,108,112,112,112,116,121,125,125,125,129,129,133,133,133,133,133,147,147,147,151,151,151],"card_choices":[{"not_picked":["Havoc","Pommel Strike"],"picked":"Thunderclap","floor":1},{"not_picked":["Metallicize","Twin Strike","Power Through"],"picked":"SKIP","floor":5},{"not_picked":["Body Slam","Headbutt","Feed"],"picked":"SKIP","floor":8},{"not_picked":["Twin Strike","Blood for Blood","Shrug It Off"],"picked":"SKIP","floor":12},{"not_picked":["Thunderclap","Wild Strike"],"picked":"Dropkick","floor":18},{"not_picked":["Intimidate","Impervious","Body Slam+1"],"picked":"SKIP","floor":23},{"not_picked":["Perfected Strike+1","Metallicize","Seeing Red+1"],"picked":"SKIP","floor":24},{"not_picked":["Sever Soul+1","Cleave+1","Clothesline"],"picked":"SKIP","floor":27},{"not_picked":["Perfected Strike","Pummel","Rampage"],"picked":"SKIP","floor":28},{"not_picked":["Headbutt","Thunderclap+1","Infernal Blade"],"picked":"SKIP","floor":29},{"not_picked":["Wild Strike+1","Shrug It Off","Flex"],"picked":"SKIP","floor":30},{"not_picked":["Power Through","Perfected Strike+1","Clash+1"],"picked":"SKIP","floor":35},{"not_picked":["Havoc","Headbutt","Wild Strike"],"picked":"SKIP","floor":36},{"not_picked":["Armaments+1","Twin Strike+1","Inflame"],"picked":"SKIP","floor":38},{"not_picked":["Pommel Strike+1","Warcry","Fire Breathing"],"picked":"SKIP","floor":40},{"not_picked":["Carnage","Heavy Blade","Combust"],"picked":"SKIP","floor":45},{"not_picked":["Sentinel","Iron Wave","Ghostly Armor"],"picked":"SKIP","floor":47},{"not_picked":["Havoc","Inflame+1","Wild Strike+1"],"picked":"SKIP","floor":48}],"player_experience":1097026,"relics_obtained":[{"floor":8,"key":"Boot"},{"floor":9,"key":"Pear"},{"floor":10,"key":"Dream Catcher"},{"floor":14,"key":"Meat on the Bone"},{"floor":23,"key":"PreservedInsect"},{"floor":26,"key":"Whetstone"},{"floor":28,"key":"Centennial Puzzle"},{"floor":40,"key":"MawBank"},{"floor":43,"key":"Art of War"},{"floor":45,"key":"Mango"},{"floor":47,"key":"Omamori"}],"event_choices":[{"damage_healed":0,"gold_gain":0,"player_choice":"Entered Light","damage_taken":16,"max_hp_gain":0,"max_hp_loss":0,"event_name":"Shining Light","floor":3,"gold_loss":0,"cards_upgraded":["Defend_R","Strike_R"]},{"cards_removed":["Strike_R"],"damage_healed":0,"gold_gain":0,"player_choice":"Forget","damage_taken":0,"max_hp_gain":0,"max_hp_loss":0,"event_name":"Living Wall","floor":4,"gold_loss":0},{"damage_healed":0,"gold_gain":0,"player_choice":"Take Damage","damage_taken":22,"relics_obtained":["Golden Idol"],"max_hp_gain":0,"max_hp_loss":0,"event_name":"Golden Idol","floor":11,"gold_loss":0},{"damage_healed":0,"gold_gain":0,"player_choice":"Forge","damage_taken":0,"max_hp_gain":0,"max_hp_loss":0,"event_name":"Accursed Blacksmith","floor":19,"gold_loss":0,"cards_upgraded":["Dropkick"]},{"damage_healed":0,"gold_gain":0,"cards_transformed":["Double Tap","Wild Strike"],"player_choice":"Became Test Subject","damage_taken":0,"max_hp_gain":0,"max_hp_loss":0,"event_name":"Drug Dealer","floor":21,"gold_loss":0,"cards_obtained":["Barricade","Uppercut"]},{"damage_healed":0,"gold_gain":0,"player_choice":"Upgraded","damage_taken":0,"max_hp_gain":0,"max_hp_loss":0,"event_name":"Upgrade Shrine","floor":22,"gold_loss":0,"cards_upgraded":["Uppercut"]},{"damage_healed":0,"gold_gain":333,"player_choice":"Gave Idol","damage_taken":0,"max_hp_gain":0,"max_hp_loss":0,"event_name":"The Moai Head","floor":37,"relics_lost":["Golden Idol"],"gold_loss":0},{"damage_healed":0,"gold_gain":0,"player_choice":"Copied","damage_taken":0,"max_hp_gain":0,"max_hp_loss":0,"event_name":"Duplicator","floor":44,"gold_loss":0,"cards_obtained":["Dropkick"]}],"is_beta":false,"boss_relics":[{"not_picked":["Busted Crown","Snecko Eye"],"picked":"Pandora\u0027s Box"},{"not_picked":["Runic Cube","Velvet Choker"],"picked":"Tiny House"}],"items_purged_floors":[2,20,31,39,42,46],"is_endless":false,"potions_floor_spawned":[1,5,12,18,27,29,30,40,45],"ascension_level":1}