{"gold_per_floor":[118,136,156,156,170,503,503,503,577,593,593,603,617,650,650,754,754,770,253,266,281,136,136,36,36,62,88,88,88,108,126,126,126],"floor_reached":33,"playtime":818,"items_purged":["Strike_R","Strike_R"],"score":304,"play_id":"3decbef6-33ab-4df8-993f-cb353e30be19","local_time":"20190209205741","is_ascension_mode":false,"campfire_choices":[{"data":"Searing Blow","floor":7,"key":"SMITH"},{"floor":15,"key":"REST"},{"data":"Searing Blow+2","floor":23,"key":"SMITH"},{"data":"Searing Blow+3","floor":25,"key":"SMITH"},{"data":"Searing Blow+4","floor":28,"key":"SMITH"},{"data":"Searing Blow+6","floor":32,"key":"SMITH"}],"neow_cost":"NONE","seed_source_timestamp":698269348447939,"circlet_count":0,"master_deck":["Strike_R","Strike_R","Strike_R+1","Defend_R","Defend_R","Defend_R","Defend_R","Bash","Twin Strike","Searing Blow+7","Spot Weakness","Disarm","Clothesline+1","Shrug It Off","Immolate","Reaper","Whirlwind","Flame Barrier","Shrug It Off"],"relics":["Burning Blood","Bronze Scales","Old Coin","Kunai","Potion Belt","Sozu","Turnip","Centennial Puzzle","Vajra","PreservedInsect","Molten Egg 2"],"potions_floor_usage":[6,14,33,33,33],"damage_taken":[{"damage":1,"enemies":"Jaw Worm","floor":1,"turns":3},{"damage":0,"enemies":"2 Louse","floor":2,"turns":3},{"damage":6,"enemies":"Cultist","floor":3,"turns":3},{"damage":15,"enemies":"Looter","floor":5,"turns":2},{"damage":16,"enemies":"Gremlin Nob","floor":6,"turns":4},{"damage":11,"enemies":"Lots of Slimes","floor":10,"turns":4},{"damage":12,"enemies":"Gremlin Gang","floor":12,"turns":4},{"damage":0,"enemies":"Exordium Wildlife","floor":13,"turns":2},{"damage":7,"enemies":"3 Sentries","floor":14,"turns":6},{"damage":39,"enemies":"The Guardian","floor":16,"turns":9},{"damage":30,"enemies":"Shell Parasite","floor":18,"turns":5},{"damage":17,"enemies":"Spheric Guardian","floor":20,"turns":4},{"damage":5,"enemies":"Snecko","floor":21,"turns":4},{"damage":0,"enemies":"Gremlin Leader","floor":27,"turns":4},{"damage":16,"enemies":"Shelled Parasite and Fungi","floor":30,"turns":4},{"damage":11,"enemies":"Chosen and Byrds","floor":31,"turns":4},{"damage":71,"enemies":"Collector","floor":33,"turns":6}],"seed_played":"-5712664653563270908","potions_obtained":[{"floor":1,"key":"Ancient Potion"},{"floor":5,"key":"LiquidBronze"},{"floor":6,"key":"Energy Potion"},{"floor":10,"key":"EssenceOfSteel"},{"floor":14,"key":"Weak Potion"}],"is_trial":false,"path_per_floor":["M","M","M","$","M","E","R","?","T","M","?","M","M","E","R","B",null,"M","$","M","M","$","R","$","R","T","E","R","?","M","M","R","B"],"character_chosen":"IRONCLAD","items_purchased":["Turnip","Centennial Puzzle","Vajra"],"campfire_rested":1,"item_purchase_floors":[19,19,22],"current_hp_per_floor":[80,80,80,80,71,61,61,45,45,40,40,34,40,39,63,30,80,56,56,45,52,52,52,52,52,52,58,58,58,48,51,51,0],"gold":126,"neow_bonus":"RANDOM_COMMON_RELIC","is_prod":false,"is_daily":false,"chose_seed":false,"campfire_upgraded":5,"win_rate":0,"timestamp":1549745861,"path_taken":["M","M","M","$","M","E","R","?","T","M","?","M","?","E","R","BOSS","M","$","M","M","$","R","$","R","T","E","R","?","?","M","R","BOSS"],"build_version":"2019-01-23","purchased_purges":2,"victory":false,"max_hp_per_floor":[80,80,80,80,80,80,80,80,80,80,80,80,80,80,80,80,80,80,80,80,80,80,80,80,80,80,80,80,80,80,80,80,80],"card_choices":[{"not_picked":["Burning Pact","Sword Boomerang"],"picked":"Twin Strike","floor":1},{"not_picked":["Thunderclap","Reckless Charge"],"picked":"Searing Blow","floor":2},{"not_picked":["Uppercut","Thunderclap"],"picked":"Spot Weakness","floor":3},{"not_picked":["Iron Wave","Wild Strike"],"picked":"Disarm","floor":5},{"not_picked":["Cleave","Body Slam"],"picked":"Clothesline","floor":6},{"not_picked":["Dark Embrace","Clothesline"],"picked":"Shrug It Off","floor":10},{"not_picked":["Thunderclap","Feel No Pain"],"picked":"Immolate","floor":12},{"not_picked":["Combust","Flex","Pummel"],"picked":"SKIP","floor":13},{"not_picked":["Warcry","Dark Embrace","Fire Breathing"],"picked":"SKIP","floor":14},{"not_picked":["Dark Embrace","Fiend Fire"],"picked":"Reaper","floor":16},{"not_picked":["Pommel Strike","Cleave","Twin Strike"],"picked":"SKIP","floor":18},{"not_picked":["Sword Boomerang","Body Slam+1"],"picked":"Whirlwind","floor":20},{"not_picked":["Double Tap","Warcry"],"picked":"Flame Barrier","floor":21},{"not_picked":["Wild Strike","Power Through"],"picked":"Shrug It Off","floor":27},{"not_picked":["True Grit","Perfected Strike+1","Wild Strike+1"],"picked":"SKIP","floor":30},{"not_picked":["Whirlwind+1","Armaments","Havoc"],"picked":"SKIP","floor":31}],"player_experience":1117611,"relics_obtained":[{"floor":6,"key":"Old Coin"},{"floor":9,"key":"Kunai"},{"floor":14,"key":"Potion Belt"},{"floor":26,"key":"PreservedInsect"},{"floor":27,"key":"Molten Egg 2"}],"event_choices":[{"damage_healed":0,"gold_gain":0,"player_choice":"Entered Light","damage_taken":16,"max_hp_gain":0,"max_hp_loss":0,"event_name":"Shining Light","floor":8,"gold_loss":0,"cards_upgraded":["Strike_R","Clothesline"]},{"damage_healed":0,"gold_gain":0,"player_choice":"Upgraded","damage_taken":0,"max_hp_gain":0,"max_hp_loss":0,"event_name":"Upgrade Shrine","floor":11,"gold_loss":0,"cards_upgraded":["Searing Blow"]},{"damage_healed":0,"gold_gain":0,"player_choice":"Upgraded","damage_taken":0,"max_hp_gain":0,"max_hp_loss":0,"event_name":"Upgrade Shrine","floor":29,"gold_loss":0,"cards_upgraded":["Searing Blow"]}],"is_beta":false,"boss_relics":[{"not_picked":["Runic Cube","Runic Dome"],"picked":"Sozu"}],"items_purged_floors":[19,24],"is_endless":false,"potions_floor_spawned":[1,5,6,10,14,20,21],"killed_by":"Collector","ascension_level":0}