{"gold_per_floor":[113,38,57,57,73,401,401,420,420,447,447,447,367,367,367,367],"floor_reached":16,"playtime":600,"items_purged":["Doubt","Strike_R"],"score":113,"play_id":"bf4b15f9-5353-4ff4-90bc-596c9f0d2a31","local_time":"20190205162014","is_ascension_mode":true,"campfire_choices":[{"floor":7,"key":"REST"},{"data":"Thunderclap","floor":11,"key":"SMITH"},{"data":"Bash","floor":15,"key":"SMITH"}],"neow_cost":"CURSE","seed_source_timestamp":336240427903117,"circlet_count":0,"master_deck":["Strike_R","Strike_R","Strike_R","Strike_R","Defend_R","Defend_R","Defend_R","Defend_R","Bash+1","Thunderclap+1"],"relics":["Burning Blood","Ice Cream","Regal Pillow","Old Coin","Ornamental Fan","The Courier","Boot"],"potions_floor_usage":[16],"damage_taken":[{"damage":18,"enemies":"Jaw Worm","floor":1,"turns":8},{"damage":1,"enemies":"Cultist","floor":3,"turns":4},{"damage":5,"enemies":"2 Louse","floor":5,"turns":2},{"damage":44,"enemies":"3 Sentries","floor":6,"turns":8},{"damage":9,"enemies":"2 Fungi Beasts","floor":8,"turns":4},{"damage":25,"enemies":"Gremlin Nob","floor":10,"turns":5},{"damage":59,"enemies":"Slime Boss","floor":16,"turns":7}],"seed_played":"7473268741439127560","potions_obtained":[{"floor":3,"key":"GamblersBrew"},{"floor":5,"key":"SpeedPotion"},{"floor":10,"key":"SteroidPotion"}],"is_trial":false,"path_per_floor":["M","$","M","?","M","E","R","M","T","E","R","?","$","?","R","B"],"character_chosen":"IRONCLAD","items_purchased":[],"campfire_rested":1,"item_purchase_floors":[],"current_hp_per_floor":[68,68,73,73,74,36,75,72,72,53,53,50,50,55,55,0],"gold":367,"neow_bonus":"ONE_RARE_RELIC","is_prod":false,"is_daily":false,"chose_seed":false,"campfire_upgraded":2,"win_rate":0,"timestamp":1549383614,"path_taken":["M","$","M","?","?","E","R","M","T","E","R","?","$","?","R","BOSS"],"build_version":"2019-01-23","purchased_purges":2,"victory":false,"max_hp_per_floor":[80,80,80,80,80,80,80,80,80,80,80,80,80,85,85,85],"card_choices":[{"not_picked":["Havoc","Clothesline","Hemokinesis"],"picked":"SKIP","floor":1},{"not_picked":["Combust","Rampage"],"picked":"Thunderclap","floor":3},{"not_picked":["True Grit","Thunderclap","Infernal Blade"],"picked":"SKIP","floor":5},{"not_picked":["Twin Strike","Cleave","Rampage"],"picked":"SKIP","floor":6},{"not_picked":["Body Slam","Wild Strike","Metallicize"],"picked":"SKIP","floor":8},{"not_picked":["Warcry","Twin Strike","Dark Embrace"],"picked":"SKIP","floor":10}],"player_experience":1079085,"relics_obtained":[{"floor":6,"key":"Old Coin"},{"floor":9,"key":"Ornamental Fan"},{"floor":10,"key":"The Courier"}],"event_choices":[{"damage_healed":0,"gold_gain":0,"player_choice":"Gave Potion","damage_taken":0,"relics_obtained":["Regal Pillow"],"max_hp_gain":0,"max_hp_loss":0,"event_name":"WeMeetAgain","floor":4,"gold_loss":0},{"damage_healed":0,"gold_gain":0,"player_choice":"Success","damage_taken":3,"relics_obtained":["Boot"],"max_hp_gain":0,"max_hp_loss":0,"event_name":"Scrap Ooze","floor":12,"gold_loss":0},{"damage_healed":0,"gold_gain":0,"player_choice":"Donut","damage_taken":0,"max_hp_gain":5,"max_hp_loss":0,"event_name":"Big Fish","floor":14,"gold_loss":0}],"is_beta":false,"boss_relics":[],"items_purged_floors":[2,13],"is_endless":false,"potions_floor_spawned":[3,5,10],"killed_by":"Slime Boss","ascension_level":1}