{"gold_per_floor":[115,134,60,78,78,78,95,95,95,46,46,76,90,107,107,207,207,224,236,27,27,27,27,61,61,135,152,167,184,184,214,214,309,309,320,320,336,80,80,80,105,205,205,205,217,217,240,251,251,251],"floor_reached":51,"playtime":1464,"items_purged":[],"score":815,"play_id":"7776b133-3ebe-49be-825e-b7b643032f8c","local_time":"20190210204319","is_ascension_mode":false,"campfire_choices":[{"data":"Inflame","floor":6,"key":"SMITH"},{"data":"Inflame","floor":8,"key":"SMITH"},{"data":"Disarm","floor":11,"key":"SMITH"},{"data":"Disarm","floor":15,"key":"SMITH"},{"data":"Limit Break","floor":23,"key":"SMITH"},{"floor":25,"key":"REST"},{"data":"Disarm","floor":32,"key":"SMITH"},{"floor":40,"key":"REST"},{"floor":46,"key":"REST"},{"data":"Disarm","floor":49,"key":"SMITH"}],"neow_cost":"NONE","seed_source_timestamp":783153317087958,"circlet_count":0,"master_deck":["Strike_R","Strike_R","Strike_R","Strike_R","Strike_R","Defend_R","Defend_R","Defend_R","Defend_R","Bash","Disarm+1","Inflame+1","Inflame+1","Offering","Shrug It Off","Pummel","Disarm+1","Disarm+1","Limit Break+1","Shrug It Off","Disarm+1","Heavy Blade+1","Disarm+1","Shrug It Off+1"],"relics":["Burning Blood","Dead Branch","Bottled Tornado","Dodecahedron","Busted Crown","Medical Kit","FossilizedHelix","Meat on the Bone","Nilry\u0027s Codex","Molten Egg 2","Sozu","Shuriken","Ornamental Fan","Pocketwatch","Pantograph","Lantern"],"potions_floor_usage":[24,31,33],"damage_taken":[{"damage":6,"enemies":"Cultist","floor":1,"turns":3},{"damage":12,"enemies":"Jaw Worm","floor":2,"turns":4},{"damage":2,"enemies":"2 Louse","floor":4,"turns":2},{"damage":10,"enemies":"Blue Slaver","floor":7,"turns":4},{"damage":16,"enemies":"3 Sentries","floor":12,"turns":6},{"damage":6,"enemies":"2 Fungi Beasts","floor":13,"turns":2},{"damage":6,"enemies":"Looter","floor":14,"turns":2},{"damage":18,"enemies":"The Guardian","floor":16,"turns":8},{"damage":0,"enemies":"Spheric Guardian","floor":18,"turns":3},{"damage":23,"enemies":"2 Thieves","floor":19,"turns":3},{"damage":26,"enemies":"Slavers","floor":24,"turns":4},{"damage":6,"enemies":"Sentry and Sphere","floor":27,"turns":4},{"damage":5,"enemies":"Snake Plant","floor":28,"turns":4},{"damage":0,"enemies":"Snecko","floor":29,"turns":3},{"damage":4,"enemies":"Book of Stabbing","floor":31,"turns":5},{"damage":15,"enemies":"Collector","floor":33,"turns":5},{"damage":9,"enemies":"3 Darklings","floor":35,"turns":4},{"damage":0,"enemies":"3 Shapes","floor":37,"turns":3},{"damage":33,"enemies":"Nemesis","floor":41,"turns":7},{"damage":0,"enemies":"Mind Bloom Boss Battle","floor":42,"turns":4},{"damage":6,"enemies":"Writhing Mass","floor":45,"turns":6},{"damage":6,"enemies":"Jaw Worm Horde","floor":48,"turns":3},{"damage":0,"enemies":"Time Eater","floor":50,"turns":5}],"seed_played":"8675654130114777756","potions_obtained":[{"floor":0,"key":"PowerPotion"},{"floor":0,"key":"SkillPotion"},{"floor":0,"key":"Ancient Potion"},{"floor":7,"key":"Strength Potion"},{"floor":13,"key":"AttackPotion"},{"floor":29,"key":"Fire Potion"},{"floor":33,"key":"Swift Potion"}],"is_trial":false,"path_per_floor":["M","M","$","M","T","R","M","R","T","$","R","E","M","M","R","B",null,"M","M","$","?","?","R","E","R","T","M","M","M","?","E","R","B",null,"M","?","M","$","?","R","E","?","T","?","M","R","T","M","R","B",null],"character_chosen":"IRONCLAD","items_purchased":["Inflame","Shrug It Off","Medical Kit","Shuriken"],"campfire_rested":3,"item_purchase_floors":[3,10,20,38],"current_hp_per_floor":[80,74,74,78,78,78,74,74,74,74,74,64,64,64,64,52,80,80,63,63,80,65,65,45,70,70,70,71,77,61,63,63,54,85,82,82,85,85,85,85,58,64,64,64,64,81,81,81,81,81],"gold":251,"neow_bonus":"THREE_SMALL_POTIONS","is_prod":false,"is_daily":false,"chose_seed":false,"campfire_upgraded":7,"win_rate":0,"timestamp":1549831399,"path_taken":["M","M","?","M","?","R","M","R","T","?","R","E","M","M","R","BOSS","M","M","$","?","?","R","E","R","T","M","M","M","?","E","R","BOSS","M","?","?","$","?","R","E","?","T","?","M","R","?","M","R","BOSS"],"build_version":"2019-01-23","purchased_purges":0,"victory":true,"max_hp_per_floor":[80,80,80,80,80,80,80,80,80,80,80,80,80,80,80,80,80,80,80,80,80,85,85,85,85,85,85,85,85,85,85,85,85,85,85,85,85,85,85,85,85,85,85,81,81,81,81,81,81,81],"card_choices":[{"not_picked":["Clothesline","Second Wind"],"picked":"Disarm","floor":1},{"not_picked":["True Grit","Twin Strike","Warcry"],"picked":"SKIP","floor":2},{"not_picked":["Havoc","Pommel Strike"],"picked":"Inflame","floor":4},{"not_picked":["Second Wind","Iron Wave"],"picked":"Offering","floor":7},{"not_picked":["Demon Form","Searing Blow"],"picked":"Pummel","floor":12},{"not_picked":["Wild Strike","Fire Breathing"],"picked":"Disarm","floor":13},{"not_picked":["Sever Soul","Shrug It Off"],"picked":"Disarm","floor":14},{"not_picked":["Impervious","Feed"],"picked":"Limit Break","floor":16},{"not_picked":["Anger"],"picked":"SKIP","floor":18},{"not_picked":[],"picked":"Shrug It Off","floor":19},{"not_picked":["Second Wind"],"picked":"SKIP","floor":24},{"not_picked":["Twin Strike"],"picked":"SKIP","floor":27},{"not_picked":["Shrug It Off"],"picked":"SKIP","floor":28},{"not_picked":[],"picked":"Disarm","floor":29},{"not_picked":["Uppercut"],"picked":"SKIP","floor":31},{"not_picked":[],"picked":"Heavy Blade+1","floor":35},{"not_picked":["Armaments"],"picked":"SKIP","floor":37},{"not_picked":[],"picked":"Disarm","floor":41},{"not_picked":[],"picked":"Shrug It Off+1","floor":45},{"not_picked":["Bloodletting"],"picked":"SKIP","floor":48}],"player_experience":1127435,"relics_obtained":[{"floor":5,"key":"Dead Branch"},{"floor":9,"key":"Bottled Tornado"},{"floor":12,"key":"Dodecahedron"},{"floor":24,"key":"FossilizedHelix"},{"floor":26,"key":"Meat on the Bone"},{"floor":30,"key":"Nilry\u0027s Codex"},{"floor":31,"key":"Molten Egg 2"},{"floor":41,"key":"Ornamental Fan"},{"floor":42,"key":"Pocketwatch"},{"floor":43,"key":"Pantograph"},{"floor":47,"key":"Lantern"}],"event_choices":[{"damage_healed":26,"gold_gain":0,"player_choice":"Heal","damage_taken":0,"max_hp_gain":0,"max_hp_loss":0,"event_name":"The Library","floor":21,"gold_loss":0},{"damage_healed":0,"gold_gain":0,"player_choice":"Shed Blood","damage_taken":20,"max_hp_gain":5,"max_hp_loss":0,"event_name":"Forgotten Altar","floor":22,"gold_loss":0},{"damage_healed":0,"gold_gain":0,"player_choice":"Obtained Book","damage_taken":16,"max_hp_gain":0,"max_hp_loss":0,"event_name":"Cursed Tome","floor":30,"gold_loss":0},{"damage_healed":0,"gold_gain":0,"player_choice":"Forge","damage_taken":0,"max_hp_gain":0,"max_hp_loss":0,"event_name":"Accursed Blacksmith","floor":36,"gold_loss":0,"cards_upgraded":["Disarm"]},{"damage_healed":0,"gold_gain":0,"player_choice":"Ignored","damage_taken":0,"max_hp_gain":0,"max_hp_loss":0,"event_name":"Mysterious Sphere","floor":39,"gold_loss":0},{"damage_healed":0,"gold_gain":0,"player_choice":"Fight","damage_taken":0,"max_hp_gain":0,"max_hp_loss":0,"event_name":"MindBloom","floor":42,"gold_loss":0},{"damage_healed":0,"gold_gain":0,"player_choice":"Max HP","damage_taken":0,"max_hp_gain":0,"max_hp_loss":4,"event_name":"Winding Halls","floor":44,"gold_loss":0}],"is_beta":false,"boss_relics":[{"not_picked":["Runic Pyramid","Astrolabe"],"picked":"Busted Crown"},{"not_picked":["Pandora\u0027s Box","White Beast Statue"],"picked":"Sozu"}],"items_purged_floors":[],"is_endless":false,"potions_floor_spawned":[4,7,13,14,16,18,29,33,37,42,45,48],"ascension_level":0}