{"gold_per_floor":[110,110,60,33,33,33,43,118,169,17,17,31,31,61,61,162,162,176,126,137,148,2,30,40,40,90,107,107,135,135,164,164,268,268,283,302,302,321,332,332,342,358,381,414,414,170,186,200,200,200],"floor_reached":51,"playtime":1752,"items_purged":["Defend_R","Strike_R"],"score":812,"play_id":"f4c0bc88-7775-4407-826e-231a38dac10c","local_time":"20190209151927","is_ascension_mode":false,"campfire_choices":[{"data":"Rampage","floor":6,"key":"SMITH"},{"data":"Bash","floor":11,"key":"SMITH"},{"data":"Shrug It Off","floor":15,"key":"SMITH"},{"floor":28,"key":"REST"},{"floor":30,"key":"REST"},{"floor":32,"key":"REST"},{"data":"Demon Form","floor":40,"key":"SMITH"},{"data":"Metallicize","floor":45,"key":"SMITH"},{"floor":49,"key":"REST"}],"neow_cost":"NONE","seed_source_timestamp":677033697222370,"circlet_count":0,"master_deck":["Strike_R","Defend_R","Defend_R","Bash+1","Rampage+1","Pommel Strike","Shrug It Off+1","Impervious","Metallicize+1","Demon Form+1","Rampage+1","Reaper","Shrug It Off","Offering","Disarm+1","Shrug It Off+1","Metallicize+1","Disarm+1","Clothesline+1"],"relics":["Burning Blood","FaceOfCleric","Vajra","PreservedInsect","Runic Pyramid","Art of War","Omamori","Bottled Flame","Dream Catcher","Velvet Choker","Happy Flower","FossilizedHelix","Bag of Marbles"],"potions_floor_usage":[20,20,29,29,29,33,50],"damage_taken":[{"damage":8,"enemies":"Small Slimes","floor":1,"turns":3},{"damage":7,"enemies":"2 Louse","floor":7,"turns":2},{"damage":0,"enemies":"Cultist","floor":12,"turns":2},{"damage":6,"enemies":"Gremlin Nob","floor":14,"turns":3},{"damage":34,"enemies":"Hexaghost","floor":16,"turns":8},{"damage":28,"enemies":"3 Byrds","floor":18,"turns":6},{"damage":10,"enemies":"2 Thieves","floor":20,"turns":3},{"damage":0,"enemies":"Snake Plant","floor":21,"turns":4},{"damage":18,"enemies":"Gremlin Leader","floor":23,"turns":4},{"damage":11,"enemies":"3 Cultists","floor":24,"turns":5},{"damage":10,"enemies":"Cultist and Chosen","floor":27,"turns":4},{"damage":69,"enemies":"Slavers","floor":29,"turns":7},{"damage":16,"enemies":"Gremlin Leader","floor":31,"turns":5},{"damage":45,"enemies":"Collector","floor":33,"turns":8},{"damage":10,"enemies":"Orb Walker","floor":35,"turns":4},{"damage":13,"enemies":"3 Darklings","floor":36,"turns":8},{"damage":27,"enemies":"Transient","floor":38,"turns":5},{"damage":26,"enemies":"Writhing Mass","floor":39,"turns":6},{"damage":47,"enemies":"4 Shapes","floor":41,"turns":7},{"damage":27,"enemies":"Sphere and 2 Shapes","floor":42,"turns":6},{"damage":10,"enemies":"Giant Head","floor":44,"turns":6},{"damage":7,"enemies":"Spire Growth","floor":47,"turns":5},{"damage":4,"enemies":"3 Darklings","floor":48,"turns":7},{"damage":0,"enemies":"Time Eater","floor":50,"turns":10}],"seed_played":"5484288103847877154","potions_obtained":[{"floor":0,"key":"Fire Potion"},{"floor":0,"key":"SteroidPotion"},{"floor":0,"key":"SneckoOil"},{"floor":1,"key":"EssenceOfSteel"},{"floor":16,"key":"Fire Potion"},{"floor":20,"key":"SteroidPotion"},{"floor":24,"key":"Explosive Potion"},{"floor":31,"key":"EssenceOfSteel"},{"floor":39,"key":"Dexterity Potion"},{"floor":41,"key":"Swift Potion"},{"floor":44,"key":"FairyPotion"}],"is_trial":false,"path_per_floor":["M","?","?","$","?","R","M","?","T","$","R","M","?","E","R","B",null,"M","?","M","M","$","E","M","$","T","M","R","E","R","E","R","B",null,"M","M","?","M","M","R","M","M","T","E","R","$","M","M","R","B",null],"character_chosen":"IRONCLAD","items_purchased":["Pommel Strike","PreservedInsect","Metallicize","Bag of Marbles"],"campfire_rested":4,"item_purchase_floors":[4,10,22,46],"current_hp_per_floor":[78,71,71,71,71,71,71,60,60,60,60,67,67,68,68,41,84,63,63,60,67,67,56,52,52,52,49,76,14,41,32,59,21,93,94,95,95,94,75,75,64,58,58,83,83,83,83,102,102,103],"gold":200,"neow_bonus":"THREE_SMALL_POTIONS","is_prod":false,"is_daily":false,"chose_seed":false,"campfire_upgraded":5,"win_rate":0,"timestamp":1549725567,"path_taken":["M","?","?","$","?","R","?","?","T","$","R","M","?","E","R","BOSS","M","?","M","M","$","E","M","?","T","M","R","E","R","E","R","BOSS","M","?","?","M","?","R","M","M","T","E","R","$","M","M","R","BOSS"],"build_version":"2019-01-23","purchased_purges":2,"victory":true,"max_hp_per_floor":[80,80,80,80,80,80,81,81,81,81,81,82,82,83,83,84,84,85,85,86,87,87,88,89,89,89,90,90,91,91,92,92,93,93,94,95,95,96,97,97,98,99,99,100,100,100,101,102,102,103],"card_choices":[{"not_picked":["Cleave","Disarm"],"picked":"Rampage","floor":1},{"not_picked":["Burning Pact","Havoc","Heavy Blade"],"picked":"SKIP","floor":7},{"not_picked":["Sever Soul","Warcry","Havoc"],"picked":"SKIP","floor":12},{"not_picked":["Sever Soul","Wild Strike"],"picked":"Shrug It Off","floor":14},{"not_picked":["Barricade","Bludgeon"],"picked":"Impervious","floor":16},{"not_picked":["Anger+1","Heavy Blade","Reckless Charge+1"],"picked":"SKIP","floor":18},{"not_picked":["Dropkick","Carnage","Entrench"],"picked":"SKIP","floor":20},{"not_picked":["Dropkick","Warcry","Iron Wave"],"picked":"SKIP","floor":21},{"not_picked":["Combust","Blood for Blood"],"picked":"Demon Form","floor":23},{"not_picked":["Reckless Charge+1","Thunderclap","Clash"],"picked":"SKIP","floor":24},{"not_picked":["Anger","Clash+1","Twin Strike"],"picked":"SKIP","floor":27},{"not_picked":["Blood for Blood","Immolate"],"picked":"Rampage+1","floor":29},{"not_picked":["Perfected Strike+1","Anger","Reckless Charge"],"picked":"SKIP","floor":31},{"not_picked":["Limit Break","Offering"],"picked":"Reaper","floor":33},{"not_picked":["Carnage+1","Twin Strike+1"],"picked":"Shrug It Off","floor":35},{"not_picked":["Pummel+1","Dropkick+1","Sword Boomerang+1"],"picked":"SKIP","floor":36},{"not_picked":["Heavy Blade","Feel No Pain","Sentinel"],"picked":"SKIP","floor":38},{"not_picked":["Pommel Strike","Ghostly Armor+1"],"picked":"Disarm+1","floor":39},{"not_picked":["Fire Breathing","Flex+1"],"picked":"Shrug It Off+1","floor":41},{"not_picked":["Pummel","Fire Breathing","Wild Strike+1"],"picked":"SKIP","floor":42},{"not_picked":["Rupture","Infernal Blade+1"],"picked":"Metallicize+1","floor":44},{"not_picked":["True Grit+1","Power Through+1"],"picked":"Disarm+1","floor":47},{"not_picked":["Bloodletting+1","Havoc"],"picked":"Clothesline+1","floor":48}],"player_experience":1115859,"relics_obtained":[{"floor":9,"key":"Vajra"},{"floor":23,"key":"Art of War"},{"floor":26,"key":"Omamori"},{"floor":29,"key":"Bottled Flame"},{"floor":31,"key":"Dream Catcher"},{"floor":43,"key":"Happy Flower"},{"floor":44,"key":"FossilizedHelix"}],"event_choices":[{"cards_removed":["Strike_R"],"damage_healed":0,"gold_gain":0,"player_choice":"Card Removal","damage_taken":7,"max_hp_gain":0,"max_hp_loss":0,"event_name":"Golden Wing","floor":2,"gold_loss":0},{"cards_removed":["Defend_R"],"damage_healed":0,"gold_gain":0,"player_choice":"Card Removal","damage_taken":0,"max_hp_gain":0,"max_hp_loss":0,"event_name":"The Cleric","floor":3,"gold_loss":50},{"damage_healed":0,"gold_gain":0,"player_choice":"Trade","damage_taken":0,"relics_obtained":["FaceOfCleric"],"max_hp_gain":0,"max_hp_loss":0,"event_name":"FaceTrader","floor":5,"gold_loss":0},{"damage_healed":0,"gold_gain":75,"player_choice":"Gather Gold","damage_taken":11,"max_hp_gain":0,"max_hp_loss":0,"event_name":"World of Goop","floor":8,"gold_loss":0},{"cards_removed":["Strike_R"],"damage_healed":0,"gold_gain":0,"player_choice":"Forget","damage_taken":0,"max_hp_gain":0,"max_hp_loss":0,"event_name":"Living Wall","floor":13,"gold_loss":0},{"damage_healed":0,"gold_gain":0,"player_choice":"Bet on Owner","damage_taken":0,"max_hp_gain":0,"max_hp_loss":0,"event_name":"The Joust","floor":19,"gold_loss":50},{"damage_healed":0,"gold_gain":0,"cards_transformed":["Strike_R"],"player_choice":"Transformed","damage_taken":0,"max_hp_gain":0,"max_hp_loss":0,"event_name":"Transmorgrifier","floor":37,"gold_loss":0,"cards_obtained":["Offering"]}],"is_beta":false,"boss_relics":[{"not_picked":["Lizard Tail","Calling Bell"],"picked":"Runic Pyramid"},{"not_picked":["Tiny House","Sozu"],"picked":"Velvet Choker"}],"items_purged_floors":[22,46],"is_endless":false,"potions_floor_spawned":[1,16,20,24,27,31,39,41,44,47],"ascension_level":0}