{"gold_per_floor":[116,135,135,38,51,76,86,86,113,113,126,126,126,140,140,245,245,260,160,260,279,104,104,133,133,133,152,152,178,195,110,110,212,212,222,222,72,91,173,185,198,198,225,260,270,370,395,395,395,395],"floor_reached":51,"playtime":2528,"items_purged":["Strike_R","Pain","Strike_R","Strike_R"],"score":1014,"play_id":"4f0891e1-c442-45be-845b-371212c7f4af","local_time":"20190203231155","is_ascension_mode":true,"campfire_choices":[{"data":"Body Slam","floor":8,"key":"SMITH"},{"data":"Shrug It Off","floor":10,"key":"SMITH"},{"data":"Bash","floor":13,"key":"SMITH"},{"data":"Shrug It Off","floor":15,"key":"SMITH"},{"data":"Defend_R","floor":23,"key":"SMITH"},{"data":"Battle Trance","floor":28,"key":"SMITH"},{"data":"Strike_R","floor":32,"key":"SMITH"},{"floor":42,"key":"RECALL"},{"floor":49,"key":"REST"}],"neow_cost":"NONE","seed_source_timestamp":186201251867670,"circlet_count":0,"master_deck":["Defend_R+1","Defend_R+1","Defend_R+1","Bash+1","Shrug It Off+1","Body Slam+1","Shrug It Off+1","Battle Trance+1","Body Slam+1"],"relics":["Burning Blood","Pen Nib","Strawberry","Omamori","Calling Bell","Happy Flower","Dodecahedron","Turnip","Magic Flower","Matryoshka","Toxic Egg 2","Sundial","War Paint","Centennial Puzzle","Paper Frog","Oddly Smooth Stone","Velvet Choker","Kunai","Smiling Mask","Bird Faced Urn","Charon\u0027s Ashes","Molten Egg 2"],"potions_floor_usage":[20,40,50,50],"damage_taken":[{"damage":4,"enemies":"Jaw Worm","floor":1,"turns":5},{"damage":1,"enemies":"Cultist","floor":2,"turns":3},{"damage":5,"enemies":"Small Slimes","floor":5,"turns":4},{"damage":53,"enemies":"Lagavulin","floor":6,"turns":7},{"damage":2,"enemies":"Blue Slaver","floor":7,"turns":6},{"damage":1,"enemies":"Exordium Thugs","floor":11,"turns":4},{"damage":7,"enemies":"Lots of Slimes","floor":14,"turns":5},{"damage":17,"enemies":"Hexaghost","floor":16,"turns":9},{"damage":11,"enemies":"Shell Parasite","floor":18,"turns":8},{"damage":4,"enemies":"Colosseum Slavers","floor":20,"turns":4},{"damage":10,"enemies":"Colosseum Nobs","floor":20,"turns":8},{"damage":1,"enemies":"3 Byrds","floor":21,"turns":6},{"damage":0,"enemies":"Gremlin Leader","floor":24,"turns":3},{"damage":0,"enemies":"Centurion and Healer","floor":27,"turns":4},{"damage":13,"enemies":"Slavers","floor":29,"turns":4},{"damage":0,"enemies":"3 Cultists","floor":30,"turns":5},{"damage":0,"enemies":"Champ","floor":33,"turns":4},{"damage":0,"enemies":"3 Darklings","floor":35,"turns":3},{"damage":0,"enemies":"Orb Walker","floor":38,"turns":2},{"damage":0,"enemies":"4 Shapes","floor":40,"turns":6},{"damage":0,"enemies":"Writhing Mass","floor":41,"turns":2},{"damage":9,"enemies":"Nemesis","floor":44,"turns":5},{"damage":0,"enemies":"3 Darklings","floor":45,"turns":4},{"damage":0,"enemies":"Mind Bloom Boss Battle","floor":46,"turns":4},{"damage":0,"enemies":"Giant Head","floor":47,"turns":4},{"damage":0,"enemies":"Awakened One","floor":50,"turns":7}],"seed_played":"-1921938701759075327","potions_obtained":[{"floor":2,"key":"EssenceOfSteel"},{"floor":11,"key":"EssenceOfSteel"},{"floor":16,"key":"BloodPotion"},{"floor":20,"key":"LiquidBronze"},{"floor":29,"key":"Block Potion"},{"floor":41,"key":"Explosive Potion"},{"floor":44,"key":"Dexterity Potion"}],"is_trial":false,"path_per_floor":["M","M","?","$","M","E","M","R","T","R","M","?","R","M","R","B",null,"M","$","?","M","$","R","E","T","T","M","R","E","M","?","R","B",null,"M","?","$","M","T","M","M","R","T","E","M","?","E","?","R","B",null],"character_chosen":"IRONCLAD","items_purchased":["Body Slam","Dexterity Potion"],"campfire_rested":1,"item_purchase_floors":[4,22],"current_hp_per_floor":[80,80,80,80,80,40,44,44,44,44,49,49,49,48,48,37,87,82,82,80,87,87,87,87,87,87,87,87,83,87,87,87,87,87,87,87,87,87,87,87,87,87,87,87,87,87,87,87,87,87],"gold":395,"neow_bonus":"REMOVE_CARD","is_prod":false,"is_daily":false,"chose_seed":false,"campfire_upgraded":7,"win_rate":0,"timestamp":1549235515,"path_taken":["M","M","?","$","?","E","M","R","T","R","M","?","R","?","R","BOSS","M","?","?","M","$","R","E","?","T","M","R","E","M","?","R","BOSS","M","?","$","M","?","M","M","R","T","E","?","?","E","?","R","BOSS"],"build_version":"2019-01-23","purchased_purges":4,"victory":true,"max_hp_per_floor":[80,80,80,80,80,87,87,87,87,87,87,87,87,87,87,87,87,87,87,87,87,87,87,87,87,87,87,87,87,87,87,87,87,87,87,87,87,87,87,87,87,87,87,87,87,87,87,87,87,87],"card_choices":[{"not_picked":["Perfected Strike","Battle Trance"],"picked":"Shrug It Off","floor":1},{"not_picked":["Rage","Second Wind","Iron Wave"],"picked":"SKIP","floor":2},{"not_picked":["Perfected Strike","Heavy Blade","Thunderclap"],"picked":"SKIP","floor":5},{"not_picked":["True Grit","Wild Strike","Twin Strike"],"picked":"SKIP","floor":6},{"not_picked":["Offering","Body Slam"],"picked":"Shrug It Off","floor":7},{"not_picked":["Warcry","Cleave","Wild Strike"],"picked":"SKIP","floor":11},{"not_picked":["Battle Trance","Shrug It Off","Disarm"],"picked":"SKIP","floor":14},{"not_picked":["Pommel Strike","Clash+1","Evolve+1"],"picked":"SKIP","floor":18},{"not_picked":["Juggernaut","Combust","Iron Wave"],"picked":"SKIP","floor":21},{"not_picked":["Thunderclap","Rage","Heavy Blade"],"picked":"SKIP","floor":24},{"not_picked":["Blood for Blood","Shrug It Off+1","Armaments+1"],"picked":"SKIP","floor":27},{"not_picked":["Clash","Thunderclap+1","Infernal Blade+1"],"picked":"SKIP","floor":29},{"not_picked":["Perfected Strike+1","Rampage"],"picked":"Body Slam+1","floor":30},{"not_picked":["Shrug It Off+1","Twin Strike","Heavy Blade"],"picked":"SKIP","floor":35},{"not_picked":["Anger+1","Inflame+1","Cleave+1"],"picked":"SKIP","floor":38},{"not_picked":["Cleave+1","Flex+1","Carnage"],"picked":"SKIP","floor":40},{"not_picked":["Iron Wave+1","Feel No Pain","Perfected Strike"],"picked":"SKIP","floor":41},{"not_picked":["Iron Wave+1","Feel No Pain","Perfected Strike"],"picked":"SKIP","floor":41},{"not_picked":["Dual Wield+1","Anger+1","Berserk"],"picked":"SKIP","floor":44},{"not_picked":["Pommel Strike","True Grit+1","Rage+1"],"picked":"SKIP","floor":45},{"not_picked":["Heavy Blade+1","Anger","Shockwave+1"],"picked":"SKIP","floor":47}],"player_experience":1076557,"relics_obtained":[{"floor":6,"key":"Strawberry"},{"floor":9,"key":"Omamori"},{"floor":17,"key":"Happy Flower"},{"floor":17,"key":"Dodecahedron"},{"floor":17,"key":"Turnip"},{"floor":20,"key":"Magic Flower"},{"floor":20,"key":"Matryoshka"},{"floor":24,"key":"Toxic Egg 2"},{"floor":25,"key":"Sundial"},{"floor":25,"key":"War Paint"},{"floor":26,"key":"Centennial Puzzle"},{"floor":26,"key":"Paper Frog"},{"floor":39,"key":"Kunai"},{"floor":43,"key":"Smiling Mask"},{"floor":44,"key":"Bird Faced Urn"},{"floor":46,"key":"Charon\u0027s Ashes"},{"floor":47,"key":"Molten Egg 2"}],"event_choices":[{"damage_healed":0,"gold_gain":0,"player_choice":"Gave Potion","damage_taken":0,"relics_obtained":["Pen Nib"],"max_hp_gain":0,"max_hp_loss":0,"event_name":"WeMeetAgain","floor":3,"gold_loss":0},{"damage_healed":0,"gold_gain":0,"cards_transformed":["Defend_R"],"player_choice":"Transformed","damage_taken":0,"max_hp_gain":0,"max_hp_loss":0,"event_name":"Transmorgrifier","floor":12,"gold_loss":0,"cards_obtained":["Battle Trance"]},{"damage_healed":0,"gold_gain":0,"player_choice":"Fight","damage_taken":0,"max_hp_gain":0,"max_hp_loss":0,"event_name":"Colosseum","floor":20,"gold_loss":0},{"damage_healed":0,"gold_gain":0,"player_choice":"Fought Nobs","damage_taken":0,"max_hp_gain":0,"max_hp_loss":0,"event_name":"Colosseum","floor":20,"gold_loss":0},{"damage_healed":0,"gold_gain":0,"player_choice":"Obtained Relic","damage_taken":0,"relics_obtained":["Oddly Smooth Stone"],"max_hp_gain":0,"max_hp_loss":0,"event_name":"Addict","floor":31,"gold_loss":85},{"damage_healed":0,"gold_gain":0,"player_choice":"Ignored","damage_taken":0,"max_hp_gain":0,"max_hp_loss":0,"event_name":"Tomb of Lord Red Mask","floor":36,"gold_loss":0},{"damage_healed":0,"gold_gain":0,"player_choice":"Fight","damage_taken":0,"max_hp_gain":0,"max_hp_loss":0,"event_name":"MindBloom","floor":46,"gold_loss":0},{"cards_removed":["Strike_R"],"damage_healed":0,"gold_gain":0,"player_choice":"Purged","damage_taken":0,"max_hp_gain":0,"max_hp_loss":0,"event_name":"Purifier","floor":48,"gold_loss":0}],"is_beta":false,"boss_relics":[{"not_picked":["Philosopher\u0027s Stone","Astrolabe"],"picked":"Calling Bell"},{"not_picked":["Coffee Dripper","Eternal Feather"],"picked":"Velvet Choker"}],"items_purged_floors":[4,19,22,37],"is_endless":false,"potions_floor_spawned":[2,11,16,20,24,29,33,41,44,47],"ascension_level":1}