{"gold_per_floor":[118,118,134,134,134,165,165,183,235,235,235,235,250,268,268,392,392,405,426,162,181,181],"floor_reached":22,"playtime":503,"items_purged":[],"score":211,"play_id":"f260ff6a-377b-4db2-baf2-2956b84d7ff3","local_time":"20190209221546","is_ascension_mode":false,"campfire_choices":[{"floor":7,"key":"DIG"},{"data":"Bash","floor":10,"key":"SMITH"},{"data":"Inflame","floor":15,"key":"SMITH"}],"neow_cost":"NONE","seed_source_timestamp":703269142878211,"circlet_count":0,"master_deck":["Strike_R+1","Strike_R","Strike_R","Strike_R","Defend_R","Defend_R","Defend_R","Bash+1","Pommel Strike+1","Headbutt","Cleave","Inflame+1","Brutality","Shockwave+1","Battle Trance"],"relics":["Burning Blood","NeowsBlessing","Singing Bowl","Shovel","Pantograph","Strawberry","Regal Pillow","Golden Idol","Empty Cage","Whetstone"],"potions_floor_usage":[16,16,21,22],"damage_taken":[{"damage":0,"enemies":"Small Slimes","floor":1,"turns":1},{"damage":0,"enemies":"Jaw Worm","floor":3,"turns":1},{"damage":4,"enemies":"3 Sentries","floor":6,"turns":2},{"damage":6,"enemies":"Cultist","floor":8,"turns":3},{"damage":17,"enemies":"Large Slime","floor":13,"turns":7},{"damage":0,"enemies":"3 Louse","floor":14,"turns":3},{"damage":64,"enemies":"Hexaghost","floor":16,"turns":9},{"damage":13,"enemies":"Chosen","floor":18,"turns":4},{"damage":44,"enemies":"2 Thieves","floor":19,"turns":4},{"damage":42,"enemies":"Sentry and Sphere","floor":21,"turns":5},{"damage":39,"enemies":"Chosen and Byrds","floor":22,"turns":4}],"seed_played":"7721822557169716421","potions_obtained":[{"floor":6,"key":"Dexterity Potion"},{"floor":13,"key":"LiquidBronze"},{"floor":14,"key":"Block Potion"},{"floor":21,"key":"GamblersBrew"}],"is_trial":false,"path_per_floor":["M","?","M","T","$","E","R","M","T","R","?","?","M","M","R","B",null,"M","M","$","M","M"],"character_chosen":"IRONCLAD","items_purchased":["Battle Trance","Whetstone","Regen Potion"],"campfire_rested":0,"item_purchase_floors":[20,20,20],"current_hp_per_floor":[80,85,85,85,85,87,87,89,96,96,89,65,54,60,60,27,96,89,53,53,19,0],"gold":181,"neow_bonus":"THREE_ENEMY_KILL","is_prod":false,"is_daily":false,"chose_seed":false,"campfire_upgraded":2,"win_rate":0,"timestamp":1549750546,"path_taken":["M","?","M","?","$","E","R","?","T","R","?","?","M","M","R","BOSS","M","M","$","M","M"],"build_version":"2019-01-23","purchased_purges":0,"victory":false,"max_hp_per_floor":[80,85,85,85,85,87,87,89,96,96,96,96,96,96,96,96,96,96,98,98,100,100],"card_choices":[{"not_picked":["Perfected Strike","Heavy Blade"],"picked":"Pommel Strike","floor":1},{"not_picked":["True Grit","Flex"],"picked":"Headbutt","floor":3},{"not_picked":["Body Slam","Cleave","Headbutt"],"picked":"Singing Bowl","floor":6},{"not_picked":["Evolve","Flex","Twin Strike"],"picked":"Singing Bowl","floor":8},{"not_picked":["Evolve","Rage"],"picked":"Cleave","floor":13},{"not_picked":["Clothesline","Wild Strike"],"picked":"Inflame","floor":14},{"not_picked":["Berserk","Barricade"],"picked":"Brutality","floor":16},{"not_picked":["Perfected Strike+1","Sever Soul"],"picked":"Shockwave+1","floor":18},{"not_picked":["Pommel Strike","Perfected Strike","Flex+1"],"picked":"Singing Bowl","floor":19},{"not_picked":["Havoc","Whirlwind","Dual Wield"],"picked":"Singing Bowl","floor":21}],"player_experience":1119573,"relics_obtained":[{"floor":4,"key":"Singing Bowl"},{"floor":6,"key":"Shovel"},{"floor":7,"key":"Pantograph"},{"floor":9,"key":"Strawberry"}],"event_choices":[{"damage_healed":0,"gold_gain":0,"player_choice":"Donut","damage_taken":0,"max_hp_gain":5,"max_hp_loss":0,"event_name":"Big Fish","floor":2,"gold_loss":0},{"damage_healed":0,"gold_gain":0,"player_choice":"Success","damage_taken":7,"relics_obtained":["Regal Pillow"],"max_hp_gain":0,"max_hp_loss":0,"event_name":"Scrap Ooze","floor":11,"gold_loss":0},{"damage_healed":0,"gold_gain":0,"player_choice":"Take Damage","damage_taken":24,"relics_obtained":["Golden Idol"],"max_hp_gain":0,"max_hp_loss":0,"event_name":"Golden Idol","floor":12,"gold_loss":0}],"is_beta":false,"boss_relics":[{"not_picked":["Busted Crown","Eternal Feather"],"picked":"Empty Cage"}],"items_purged_floors":[],"is_endless":false,"potions_floor_spawned":[6,13,14,21],"killed_by":"Chosen and Byrds","ascension_level":0}