{"gold_per_floor":[118,128,4,18,31,31,42,42,42,42,58,58,73,73,73,169,169,183,2,16,34,34,61,61,71,71,71,83,98,98,118,118,217,217,233,333,333,344,7,32,32,51,51,64,64,76,92,106,106,106],"floor_reached":51,"playtime":1959,"items_purged":["Strike_R","Strike_R"],"score":747,"play_id":"d555c95c-e0e1-4ac7-bc9d-20a2bda346f7","local_time":"20190210105340","is_ascension_mode":false,"campfire_choices":[{"data":"Cleave","floor":6,"key":"SMITH"},{"data":"Flex","floor":8,"key":"SMITH"},{"data":"Feed","floor":10,"key":"SMITH"},{"data":"Bash","floor":12,"key":"SMITH"},{"data":"Shrug It Off","floor":15,"key":"SMITH"},{"data":"Strike_R","floor":24,"key":"PURGE"},{"data":"Decay","floor":27,"key":"PURGE"},{"data":"Injury","floor":30,"key":"PURGE"},{"data":"Strike_R","floor":32,"key":"PURGE"},{"data":"Inflame","floor":41,"key":"SMITH"},{"data":"Regret","floor":45,"key":"PURGE"},{"data":"Defend_R","floor":49,"key":"PURGE"}],"neow_cost":"NONE","seed_source_timestamp":747277340821740,"circlet_count":0,"master_deck":["Strike_R","Defend_R","Defend_R","Defend_R","Bash+1","Offering","Cleave+1","Battle Trance","Flex+1","Twin Strike","Shrug It Off+1","Feed+1","Reaper","Inflame+1","Inflame+1","True Grit+1","Sword Boomerang+1","Flame Barrier","Reaper"],"relics":["Black Blood","Shuriken","Cursed Key","Peace Pipe","Self Forming Clay","Du-Vu Doll","Brimstone","Blood Vial","Paper Frog","Pear"],"potions_floor_usage":[16,23,25,33,36,40,40,46,50],"damage_taken":[{"damage":0,"enemies":"Small Slimes","floor":1,"turns":3},{"damage":1,"enemies":"Cultist","floor":2,"turns":3},{"damage":7,"enemies":"Jaw Worm","floor":4,"turns":2},{"damage":15,"enemies":"Exordium Wildlife","floor":5,"turns":3},{"damage":6,"enemies":"3 Louse","floor":7,"turns":1},{"damage":7,"enemies":"Large Slime","floor":11,"turns":3},{"damage":9,"enemies":"2 Fungi Beasts","floor":13,"turns":3},{"damage":64,"enemies":"The Guardian","floor":16,"turns":12},{"damage":15,"enemies":"3 Byrds","floor":18,"turns":5},{"damage":33,"enemies":"Shell Parasite","floor":20,"turns":5},{"damage":20,"enemies":"3 Cultists","floor":21,"turns":4},{"damage":8,"enemies":"Gremlin Leader","floor":23,"turns":3},{"damage":19,"enemies":"Sentry and Sphere","floor":25,"turns":4},{"damage":12,"enemies":"Shelled Parasite and Fungi","floor":28,"turns":4},{"damage":24,"enemies":"Snake Plant","floor":29,"turns":3},{"damage":18,"enemies":"3 Cultists","floor":31,"turns":3},{"damage":62,"enemies":"Champ","floor":33,"turns":8},{"damage":7,"enemies":"3 Shapes","floor":35,"turns":4},{"damage":52,"enemies":"Mind Bloom Boss Battle","floor":36,"turns":8},{"damage":16,"enemies":"Orb Walker","floor":38,"turns":3},{"damage":51,"enemies":"Reptomancer","floor":40,"turns":6},{"damage":22,"enemies":"Sphere and 2 Shapes","floor":42,"turns":4},{"damage":28,"enemies":"Jaw Worm Horde","floor":44,"turns":4},{"damage":25,"enemies":"3 Darklings","floor":46,"turns":3},{"damage":6,"enemies":"Spire Growth","floor":47,"turns":3},{"damage":24,"enemies":"Maw","floor":48,"turns":5},{"damage":128,"enemies":"Awakened One","floor":50,"turns":8}],"seed_played":"5751802652344009101","potions_obtained":[{"floor":1,"key":"FairyPotion"},{"floor":7,"key":"LiquidBronze"},{"floor":13,"key":"SpeedPotion"},{"floor":16,"key":"Ancient Potion"},{"floor":20,"key":"SteroidPotion"},{"floor":25,"key":"Fruit Juice"},{"floor":28,"key":"Dexterity Potion"},{"floor":35,"key":"Weak Potion"},{"floor":38,"key":"Explosive Potion"},{"floor":42,"key":"Block Potion"},{"floor":44,"key":"AttackPotion"}],"is_trial":false,"path_per_floor":["M","M","$","M","M","R","M","R","T","R","M","R","M","?","R","B",null,"M","$","M","M","$","E","R","M","T","R","M","M","R","M","R","B",null,"M","?","?","M","$","E","R","M","T","M","R","M","M","M","R","B",null],"character_chosen":"IRONCLAD","items_purchased":["Flex","Inflame","Brimstone","Blood Vial"],"campfire_rested":0,"item_purchase_floors":[3,19,39,39],"current_hp_per_floor":[80,80,80,79,70,70,70,70,70,70,73,73,74,74,74,16,88,83,83,71,85,85,102,102,106,106,106,117,103,103,119,119,73,125,129,87,87,104,104,92,92,97,107,122,122,147,155,155,155,101],"gold":106,"neow_bonus":"ONE_RANDOM_RARE_CARD","is_prod":false,"is_daily":false,"chose_seed":false,"campfire_upgraded":6,"win_rate":0,"timestamp":1549796020,"path_taken":["M","M","$","M","M","R","M","R","T","R","M","R","M","?","R","BOSS","M","$","?","M","$","E","R","M","T","R","M","M","R","M","R","BOSS","M","?","?","M","$","E","R","M","T","M","R","M","M","M","R","BOSS"],"build_version":"2019-01-23","purchased_purges":2,"victory":true,"max_hp_per_floor":[80,80,80,80,80,80,80,80,80,80,84,84,88,88,88,88,88,92,92,96,100,100,104,104,113,113,113,117,121,121,125,125,125,125,129,129,129,133,133,133,133,137,147,151,151,151,155,155,155,159],"card_choices":[{"not_picked":["Perfected Strike","Wild Strike"],"picked":"Cleave","floor":1},{"not_picked":["Twin Strike","Pummel"],"picked":"Battle Trance","floor":2},{"not_picked":["Cleave","Battle Trance"],"picked":"Twin Strike","floor":4},{"not_picked":["Sentinel","Clash"],"picked":"Shrug It Off","floor":5},{"not_picked":["Infernal Blade","Hemokinesis"],"picked":"Feed","floor":7},{"not_picked":["Power Through","Searing Blow","Heavy Blade"],"picked":"SKIP","floor":11},{"not_picked":["Heavy Blade","Second Wind","Havoc"],"picked":"SKIP","floor":13},{"not_picked":["Exhume","Bludgeon"],"picked":"Reaper","floor":16},{"not_picked":["Armaments","Evolve","Clash+1"],"picked":"SKIP","floor":18},{"not_picked":["Rupture","Fire Breathing","Burning Pact"],"picked":"SKIP","floor":20},{"not_picked":["Thunderclap","Burning Pact"],"picked":"Inflame+1","floor":21},{"not_picked":["Heavy Blade","Flex+1","Battle Trance"],"picked":"SKIP","floor":23},{"not_picked":["Armaments","Immolate"],"picked":"True Grit+1","floor":25},{"not_picked":["Sever Soul","Headbutt","Rampage"],"picked":"SKIP","floor":28},{"not_picked":["Anger","Heavy Blade","Rage"],"picked":"SKIP","floor":29},{"not_picked":["Twin Strike","Clothesline","Thunderclap"],"picked":"SKIP","floor":31},{"not_picked":["Thunderclap+1","Pommel Strike+1","Wild Strike+1"],"picked":"SKIP","floor":35},{"not_picked":["Cleave+1","Warcry+1"],"picked":"Sword Boomerang+1","floor":36},{"not_picked":["Rupture","Corruption+1","Reckless Charge"],"picked":"SKIP","floor":38},{"not_picked":["Reckless Charge+1","Pommel Strike","Dropkick+1"],"picked":"SKIP","floor":40},{"not_picked":["Twin Strike+1","Anger"],"picked":"Flame Barrier","floor":42},{"not_picked":["Cleave+1","Searing Blow","Clothesline"],"picked":"SKIP","floor":44},{"not_picked":["Blood for Blood","Perfected Strike+1"],"picked":"Reaper","floor":46},{"not_picked":["Iron Wave","Carnage","Rupture+1"],"picked":"SKIP","floor":47},{"not_picked":["Warcry+1","Iron Wave+1","Havoc"],"picked":"SKIP","floor":48}],"player_experience":1122610,"relics_obtained":[{"floor":9,"key":"Shuriken"},{"floor":23,"key":"Peace Pipe"},{"floor":26,"key":"Self Forming Clay"},{"floor":36,"key":"Du-Vu Doll"},{"floor":40,"key":"Paper Frog"},{"floor":43,"key":"Pear"}],"event_choices":[{"damage_healed":0,"gold_gain":0,"player_choice":"Cursed","damage_taken":0,"max_hp_gain":0,"max_hp_loss":0,"event_name":"Wheel of Change","floor":14,"gold_loss":0,"cards_obtained":["Decay"]},{"damage_healed":0,"gold_gain":0,"player_choice":"Fight","damage_taken":0,"max_hp_gain":0,"max_hp_loss":0,"event_name":"MindBloom","floor":36,"gold_loss":0},{"damage_healed":0,"gold_gain":0,"player_choice":"Ignored","damage_taken":0,"max_hp_gain":0,"max_hp_loss":0,"event_name":"Tomb of Lord Red Mask","floor":37,"gold_loss":0}],"is_beta":false,"boss_relics":[{"not_picked":["Fusion Hammer","Velvet Choker"],"picked":"Cursed Key"},{"not_picked":["Philosopher\u0027s Stone","Mark of Pain"],"picked":"Black Blood"}],"items_purged_floors":[3,19],"is_endless":false,"potions_floor_spawned":[1,7,13,16,20,21,25,28,31,35,38,42,44],"ascension_level":0}