{"gold_per_floor":[113,131,143,143,68,101,101,127,151,184,184,198,198,223,223,296,296,309,328,339,357,62,93,93,93,93,93,93,127,145,163,163,235,235,251,251,48,59,59,114,114,130,211,261,261,69,82,82],"floor_reached":48,"playtime":3354,"items_purged":["Strike_R","Strike_R","Berserk","Barricade"],"score":1056,"play_id":"b6dee82c-a24d-4b54-8233-611bdb8a99d6","local_time":"20190217151328","is_ascension_mode":true,"campfire_choices":[{"floor":7,"key":"REST"},{"data":"Combust","floor":11,"key":"SMITH"},{"data":"Disarm","floor":13,"key":"SMITH"},{"data":"Flame Barrier","floor":15,"key":"SMITH"},{"floor":25,"key":"REST"},{"floor":28,"key":"REST"},{"data":"Limit Break","floor":32,"key":"SMITH"},{"floor":41,"key":"REST"},{"floor":45,"key":"REST"}],"neow_cost":"NONE","seed_source_timestamp":333370799009698,"circlet_count":0,"master_deck":["AscendersBane","Bash","Shrug It Off","Clothesline","Immolate+1","Combust+1","Disarm+1","Shrug It Off","Flame Barrier+1","Limit Break+1","Twin Strike+1","Battle Trance","J.A.X.","Sword Boomerang","Offering","Rupture","Infernal Blade","Impervious","Seeing Red","Corruption","Battle Trance+1","Metallicize","Disarm+1","Burning Pact"],"relics":["Burning Blood","Orichalcum","Juzu Bracelet","Strawberry","Torii","Lantern","Mark of Pain","Bottled Flame","Magic Flower","Red Skull","Pandora\u0027s Box","Turnip","Tiny Chest"],"potions_floor_usage":[10,16,18,23,23,23,23,30,47,47],"damage_taken":[{"damage":12,"enemies":"Small Slimes","floor":1,"turns":4},{"damage":2,"enemies":"2 Louse","floor":2,"turns":3},{"damage":14,"enemies":"Jaw Worm","floor":3,"turns":4},{"damage":15,"enemies":"3 Sentries","floor":6,"turns":4},{"damage":22,"enemies":"Gremlin Nob","floor":8,"turns":4},{"damage":17,"enemies":"3 Sentries","floor":10,"turns":4},{"damage":1,"enemies":"Lots of Slimes","floor":12,"turns":2},{"damage":15,"enemies":"Lagavulin","floor":14,"turns":7},{"damage":28,"enemies":"Slime Boss","floor":16,"turns":6},{"damage":19,"enemies":"3 Byrds","floor":18,"turns":4},{"damage":30,"enemies":"2 Thieves","floor":19,"turns":4},{"damage":17,"enemies":"Shelled Parasite and Fungi","floor":20,"turns":6},{"damage":15,"enemies":"Sentry and Sphere","floor":21,"turns":4},{"damage":15,"enemies":"Slavers","floor":23,"turns":4},{"damage":20,"enemies":"Book of Stabbing","floor":29,"turns":5},{"damage":2,"enemies":"Cultist and Chosen","floor":30,"turns":3},{"damage":2,"enemies":"3 Cultists","floor":31,"turns":3},{"damage":44,"enemies":"Champ","floor":33,"turns":10},{"damage":18,"enemies":"3 Darklings","floor":35,"turns":5},{"damage":18,"enemies":"Orb Walker","floor":38,"turns":3},{"damage":45,"enemies":"Giant Head","floor":40,"turns":7},{"damage":23,"enemies":"Sphere and 2 Shapes","floor":42,"turns":2},{"damage":39,"enemies":"Transient","floor":47,"turns":6},{"damage":39,"enemies":"Nemesis","floor":48,"turns":4}],"seed_played":"7537149790025984891","potions_obtained":[{"floor":2,"key":"SpeedPotion"},{"floor":3,"key":"LiquidBronze"},{"floor":10,"key":"Poison Potion"},{"floor":19,"key":"Dexterity Potion"},{"floor":23,"key":"Energy Potion"},{"floor":29,"key":"Fire Potion"},{"floor":30,"key":"GamblersBrew"},{"floor":33,"key":"Swift Potion"},{"floor":35,"key":"PowerPotion"}],"is_trial":false,"path_per_floor":["M","M","M","?","$","E","R","E","T","E","R","M","R","E","R","B",null,"M","M","M","M","$","E","?","R","T","?","R","E","M","M","R","B",null,"M","?","$","M","?","E","R","M","T","?","R","$","M","E"],"character_chosen":"IRONCLAD","items_purchased":["Battle Trance","EntropicBrew","Metallicize","Burning Pact"],"campfire_rested":5,"item_purchase_floors":[22,22,37,46],"current_hp_per_floor":[69,73,65,65,65,56,80,64,71,60,60,65,65,56,56,34,75,62,38,27,18,18,17,17,43,43,43,69,58,65,72,72,37,76,67,67,67,58,58,22,48,34,34,34,60,60,30,0],"gold":82,"neow_bonus":"TEN_PERCENT_HP_BONUS","is_prod":false,"is_daily":false,"chose_seed":false,"campfire_upgraded":4,"win_rate":0,"timestamp":1550416408,"path_taken":["M","M","M","?","$","E","R","E","T","E","R","M","R","E","R","BOSS","M","M","M","M","$","E","?","R","T","?","R","E","M","M","R","BOSS","M","?","$","M","?","E","R","M","T","?","R","$","M","E"],"build_version":"2019-01-23","purchased_purges":4,"victory":false,"max_hp_per_floor":[82,82,82,82,82,82,82,82,89,89,89,89,89,89,89,89,89,89,89,89,89,89,89,89,89,89,89,89,89,89,89,89,89,89,89,89,89,89,89,89,89,89,89,89,89,89,89,89],"card_choices":[{"not_picked":["Reckless Charge","Flex"],"picked":"Shrug It Off","floor":1},{"not_picked":["True Grit","Shockwave"],"picked":"Clothesline","floor":2},{"not_picked":["Clash","Headbutt"],"picked":"Immolate","floor":3},{"not_picked":["Blood for Blood","Inflame"],"picked":"Combust","floor":6},{"not_picked":["Wild Strike","Pommel Strike"],"picked":"Disarm","floor":8},{"not_picked":["Barricade","Clothesline"],"picked":"Rupture","floor":10},{"not_picked":["Shockwave","Reckless Charge"],"picked":"Shrug It Off","floor":12},{"not_picked":["Wild Strike","Evolve"],"picked":"Flame Barrier","floor":14},{"not_picked":["Exhume","Juggernaut"],"picked":"Limit Break","floor":16},{"not_picked":["Havoc","Cleave","Twin Strike"],"picked":"SKIP","floor":18},{"not_picked":["Pummel","Heavy Blade","Burning Pact"],"picked":"SKIP","floor":19},{"not_picked":["Flex","Thunderclap"],"picked":"Twin Strike+1","floor":20},{"not_picked":["Searing Blow+1","Warcry","Armaments"],"picked":"SKIP","floor":21},{"not_picked":["Thunderclap","Flex","Body Slam"],"picked":"SKIP","floor":23},{"not_picked":["Flex","Second Wind"],"picked":"Sword Boomerang","floor":29},{"not_picked":["Anger+1","Inflame","Fiend Fire"],"picked":"SKIP","floor":30},{"not_picked":["Warcry","Feel No Pain+1","Rage"],"picked":"SKIP","floor":31},{"not_picked":["Immolate","Barricade"],"picked":"Offering","floor":33},{"not_picked":["Thunderclap+1","Clash"],"picked":"Battle Trance+1","floor":35},{"not_picked":["Cleave+1","Thunderclap"],"picked":"Disarm+1","floor":38},{"not_picked":["True Grit","Heavy Blade","Body Slam"],"picked":"SKIP","floor":40},{"not_picked":["Twin Strike","Warcry","Anger"],"picked":"SKIP","floor":42},{"not_picked":["Dropkick","Searing Blow","Clash"],"picked":"SKIP","floor":47}],"player_experience":1141699,"relics_obtained":[{"floor":6,"key":"Orichalcum"},{"floor":8,"key":"Juzu Bracelet"},{"floor":9,"key":"Strawberry"},{"floor":10,"key":"Torii"},{"floor":14,"key":"Lantern"},{"floor":23,"key":"Bottled Flame"},{"floor":26,"key":"Magic Flower"},{"floor":29,"key":"Red Skull"},{"floor":40,"key":"Tiny Chest"}],"event_choices":[{"damage_healed":0,"gold_gain":0,"player_choice":"Grow","damage_taken":0,"max_hp_gain":0,"max_hp_loss":0,"event_name":"Living Wall","floor":4,"gold_loss":0,"cards_upgraded":["Immolate"]},{"damage_healed":0,"gold_gain":0,"player_choice":"Ignored","damage_taken":0,"max_hp_gain":0,"max_hp_loss":0,"event_name":"Vampires","floor":24,"gold_loss":0},{"damage_healed":0,"gold_gain":0,"player_choice":"Obtain J.A.X.","damage_taken":0,"max_hp_gain":0,"max_hp_loss":0,"event_name":"Drug Dealer","floor":27,"gold_loss":0,"cards_obtained":["J.A.X."]},{"cards_removed":["Rupture"],"damage_healed":0,"gold_gain":0,"player_choice":"Gave Card","damage_taken":0,"relics_obtained":["Turnip"],"max_hp_gain":0,"max_hp_loss":0,"event_name":"WeMeetAgain","floor":36,"gold_loss":0},{"damage_healed":0,"gold_gain":0,"player_choice":"Ignored","damage_taken":0,"max_hp_gain":0,"max_hp_loss":0,"event_name":"Mysterious Sphere","floor":39,"gold_loss":0},{"damage_healed":0,"gold_gain":50,"player_choice":"Pray","damage_taken":0,"max_hp_gain":0,"max_hp_loss":0,"event_name":"Golden Shrine","floor":44,"gold_loss":0}],"is_beta":false,"boss_relics":[{"not_picked":["Astrolabe","White Beast Statue"],"picked":"Mark of Pain"},{"not_picked":["Fusion Hammer","Snecko Eye"],"picked":"Pandora\u0027s Box"}],"items_purged_floors":[5,22,37,46],"is_endless":false,"potions_floor_spawned":[2,3,10,14,19,23,29,30,33,35,40],"killed_by":"Nemesis","ascension_level":20}