{"gold_per_floor":[114,39,87,97,71,71,142,142,142,152,152,152,163,177,177,177],"floor_reached":16,"playtime":301,"items_purged":["Strike_R"],"score":90,"play_id":"4edf0533-8774-4df6-a309-70bc212a12ab","local_time":"20190212232123","is_ascension_mode":false,"campfire_choices":[{"data":"Bash","floor":6,"key":"SMITH"},{"data":"Shrug It Off","floor":8,"key":"SMITH"},{"floor":12,"key":"REST"},{"data":"Inflame","floor":15,"key":"SMITH"}],"neow_cost":"NONE","seed_source_timestamp":966613306737588,"circlet_count":0,"master_deck":["Strike_R","Strike_R","Strike_R","Strike_R","Defend_R","Defend_R+1","Defend_R+1","Defend_R","Bash+1","Shrug It Off+1","Inflame+1"],"relics":["Burning Blood","Boot","Blue Candle"],"potions_floor_usage":[16],"damage_taken":[{"damage":6,"enemies":"Cultist","floor":1,"turns":3},{"damage":12,"enemies":"Small Slimes","floor":4,"turns":3},{"damage":0,"enemies":"2 Louse","floor":10,"turns":3},{"damage":9,"enemies":"Exordium Wildlife","floor":13,"turns":3},{"damage":4,"enemies":"3 Louse","floor":14,"turns":4},{"damage":97,"enemies":"Hexaghost","floor":16,"turns":14}],"seed_played":"7921510758736066854","potions_obtained":[{"floor":1,"key":"EssenceOfSteel"},{"floor":10,"key":"Energy Potion"},{"floor":13,"key":"BloodPotion"}],"is_trial":false,"path_per_floor":["M","$","T","M","$","R","?","R","T","M","?","R","M","M","R","B"],"character_chosen":"IRONCLAD","items_purchased":["Shrug It Off"],"campfire_rested":1,"item_purchase_floors":[5],"current_hp_per_floor":[88,88,88,82,82,82,82,82,82,88,70,88,85,87,87,0],"gold":177,"neow_bonus":"TEN_PERCENT_HP_BONUS","is_prod":false,"is_daily":false,"chose_seed":false,"campfire_upgraded":3,"win_rate":0,"timestamp":1550013683,"path_taken":["M","$","?","M","$","R","?","R","T","M","?","R","?","M","R","BOSS"],"build_version":"2019-01-23","purchased_purges":1,"victory":false,"max_hp_per_floor":[88,88,88,88,88,88,88,88,88,88,88,88,88,88,88,88],"card_choices":[{"not_picked":["Warcry","Corruption","Second Wind"],"picked":"SKIP","floor":1},{"not_picked":["Heavy Blade","Sever Soul","Second Wind"],"picked":"SKIP","floor":4},{"not_picked":["Wild Strike","Clash","Rage"],"picked":"SKIP","floor":10},{"not_picked":["Clothesline","Fiend Fire"],"picked":"Inflame","floor":13},{"not_picked":["Bloodletting","Body Slam","Havoc"],"picked":"SKIP","floor":14}],"player_experience":1134408,"relics_obtained":[{"floor":3,"key":"Boot"},{"floor":9,"key":"Blue Candle"}],"event_choices":[{"damage_healed":0,"gold_gain":71,"player_choice":"Gained Gold","damage_taken":0,"max_hp_gain":0,"max_hp_loss":0,"event_name":"Golden Wing","floor":7,"gold_loss":0},{"damage_healed":0,"gold_gain":0,"player_choice":"Entered Light","damage_taken":18,"max_hp_gain":0,"max_hp_loss":0,"event_name":"Shining Light","floor":11,"gold_loss":0,"cards_upgraded":["Defend_R","Defend_R"]}],"is_beta":false,"boss_relics":[],"items_purged_floors":[2],"is_endless":false,"potions_floor_spawned":[1,10,13],"killed_by":"Hexaghost","ascension_level":0}