{"gold_per_floor":[15,34,45,56,66,66,76,76,131,131,160,160,172,186,186,287,287,287,164,164,114,69,69,69,69,69,69,69,69,69,69,69,69,69,69,69,69,69,69,69,69,69,69,69,69,69,69,69,69,69],"floor_reached":51,"playtime":1038,"items_purged":["Strike_R"],"score":700,"play_id":"33f79cef-a36f-4f5c-af5c-417d37e9f1ff","local_time":"20190216191624","is_ascension_mode":false,"campfire_choices":[{"data":"Spot Weakness","floor":6,"key":"SMITH"},{"data":"Inflame","floor":10,"key":"SMITH"},{"data":"Heavy Blade","floor":12,"key":"SMITH"},{"data":"Heavy Blade","floor":15,"key":"SMITH"},{"data":"Offering","floor":23,"key":"SMITH"},{"data":"Uppercut","floor":27,"key":"SMITH"},{"data":"Shrug It Off","floor":32,"key":"SMITH"},{"data":"Reaper","floor":40,"key":"SMITH"},{"data":"Bash","floor":42,"key":"SMITH"},{"floor":46,"key":"REST"},{"data":"Battle Trance","floor":49,"key":"SMITH"}],"neow_cost":"NO_GOLD","seed_source_timestamp":263852598179243,"circlet_count":0,"master_deck":["Strike_R+1","Strike_R+1","Strike_R+1","Defend_R+1","Defend_R+1","Defend_R+1","Defend_R+1","Bash+1","Spot Weakness+1","Heavy Blade+1","Inflame+1","Heavy Blade+1","Offering+1","Inflame+1","Shrug It Off+1","Uppercut+1","Reaper+1","Sword Boomerang+1","Spot Weakness+1","Battle Trance+1"],"relics":["Black Blood","FossilizedHelix","Vajra","Odd Mushroom","Ectoplasm","The Courier","Matryoshka","Ancient Tea Set","Mummified Hand","Pear"],"potions_floor_usage":[11,33,50,50,50],"damage_taken":[{"damage":0,"enemies":"Cultist","floor":1,"turns":3},{"damage":7,"enemies":"2 Louse","floor":2,"turns":3},{"damage":0,"enemies":"Jaw Worm","floor":3,"turns":3},{"damage":10,"enemies":"Looter","floor":4,"turns":3},{"damage":13,"enemies":"Gremlin Gang","floor":5,"turns":4},{"damage":8,"enemies":"Red Slaver","floor":7,"turns":3},{"damage":0,"enemies":"The Mushroom Lair","floor":11,"turns":3},{"damage":6,"enemies":"2 Fungi Beasts","floor":13,"turns":3},{"damage":0,"enemies":"Large Slime","floor":14,"turns":2},{"damage":27,"enemies":"The Guardian","floor":16,"turns":8},{"damage":0,"enemies":"Shell Parasite","floor":18,"turns":2},{"damage":12,"enemies":"2 Thieves","floor":22,"turns":3},{"damage":0,"enemies":"Cultist and Chosen","floor":24,"turns":3},{"damage":0,"enemies":"Snecko","floor":25,"turns":2},{"damage":12,"enemies":"Shelled Parasite and Fungi","floor":28,"turns":3},{"damage":0,"enemies":"Centurion and Healer","floor":29,"turns":4},{"damage":6,"enemies":"Snake Plant","floor":31,"turns":2},{"damage":25,"enemies":"Champ","floor":33,"turns":6},{"damage":9,"enemies":"3 Shapes","floor":35,"turns":3},{"damage":21,"enemies":"3 Darklings","floor":36,"turns":3},{"damage":20,"enemies":"Jaw Worm Horde","floor":39,"turns":5},{"damage":33,"enemies":"Spire Growth","floor":41,"turns":4},{"damage":6,"enemies":"Writhing Mass","floor":44,"turns":3},{"damage":14,"enemies":"Nemesis","floor":47,"turns":3},{"damage":84,"enemies":"Donu and Deca","floor":50,"turns":6}],"seed_played":"-8488240998949759875","potions_obtained":[{"floor":1,"key":"Swift Potion"},{"floor":4,"key":"AttackPotion"},{"floor":14,"key":"GamblersBrew"},{"floor":16,"key":"Fire Potion"},{"floor":18,"key":"EssenceOfSteel"},{"floor":39,"key":"GamblersBrew"},{"floor":47,"key":"SteroidPotion"}],"is_trial":false,"path_per_floor":["M","M","M","M","M","R","M","?","T","R","?","R","M","M","R","B",null,"M","$","?","?","M","R","M","M","T","R","M","M","?","M","R","B",null,"M","M","T","?","M","R","M","R","T","M","?","R","E","$","R","B",null],"character_chosen":"IRONCLAD","items_purchased":["Shrug It Off"],"campfire_rested":1,"item_purchase_floors":[19],"current_hp_per_floor":[80,79,80,76,69,69,67,67,67,67,73,73,73,79,79,58,80,80,80,80,80,74,74,80,80,80,80,74,80,80,80,80,61,80,80,79,79,79,80,80,57,57,57,61,61,80,86,86,86,37],"gold":69,"neow_bonus":"ONE_RARE_RELIC","is_prod":false,"is_daily":false,"chose_seed":false,"campfire_upgraded":10,"win_rate":0,"timestamp":1550344584,"path_taken":["M","?","M","M","M","R","M","?","T","R","?","R","M","M","R","BOSS","M","$","?","?","?","R","M","M","T","R","M","M","?","M","R","BOSS","M","M","?","?","M","R","M","R","T","M","?","R","E","$","R","BOSS"],"build_version":"2019-01-23","purchased_purges":1,"victory":true,"max_hp_per_floor":[80,80,80,80,80,80,80,80,80,80,80,80,80,80,80,80,80,80,80,80,80,80,80,80,80,80,80,80,80,80,80,80,80,80,80,80,80,80,80,80,80,80,80,80,80,80,90,90,90,90],"card_choices":[{"not_picked":["Shockwave","Iron Wave"],"picked":"Spot Weakness","floor":1},{"not_picked":["Perfected Strike","Disarm","Thunderclap"],"picked":"SKIP","floor":2},{"not_picked":["Pommel Strike","Wild Strike"],"picked":"Heavy Blade","floor":3},{"not_picked":["Combust","Barricade","Metallicize"],"picked":"SKIP","floor":4},{"not_picked":["Spot Weakness","Body Slam","Disarm"],"picked":"SKIP","floor":5},{"not_picked":["Iron Wave","Armaments"],"picked":"Inflame","floor":7},{"not_picked":["Anger","Thunderclap"],"picked":"Heavy Blade","floor":11},{"not_picked":["Seeing Red","Ghostly Armor","Combust"],"picked":"SKIP","floor":13},{"not_picked":["True Grit","Warcry","Twin Strike"],"picked":"SKIP","floor":14},{"not_picked":["Juggernaut","Berserk"],"picked":"Offering","floor":16},{"not_picked":["Twin Strike","Armaments"],"picked":"Inflame+1","floor":18},{"not_picked":["Perfected Strike","True Grit","Fire Breathing"],"picked":"SKIP","floor":22},{"not_picked":["Sentinel","Burning Pact","Wild Strike"],"picked":"SKIP","floor":24},{"not_picked":["Cleave","Perfected Strike"],"picked":"Uppercut","floor":25},{"not_picked":["Body Slam+1","Intimidate","Thunderclap"],"picked":"SKIP","floor":28},{"not_picked":["Carnage","Uppercut","Bloodletting"],"picked":"SKIP","floor":29},{"not_picked":["Clothesline","Warcry+1","Disarm"],"picked":"SKIP","floor":31},{"not_picked":["Impervious","Dark Embrace"],"picked":"Reaper","floor":33},{"not_picked":["Dual Wield+1","Warcry"],"picked":"Sword Boomerang+1","floor":35},{"not_picked":["Rampage","Havoc+1"],"picked":"Spot Weakness+1","floor":36},{"not_picked":["Uppercut","Havoc","Armaments+1"],"picked":"SKIP","floor":39},{"not_picked":["Dropkick+1","Wild Strike+1","Twin Strike+1"],"picked":"SKIP","floor":41},{"not_picked":["Rage","Pommel Strike+1"],"picked":"Battle Trance","floor":44},{"not_picked":["Headbutt","Battle Trance+1","Warcry+1"],"picked":"SKIP","floor":47}],"player_experience":1137277,"relics_obtained":[{"floor":9,"key":"Vajra"},{"floor":11,"key":"Odd Mushroom"},{"floor":26,"key":"The Courier"},{"floor":37,"key":"Matryoshka"},{"floor":43,"key":"Ancient Tea Set"},{"floor":43,"key":"Mummified Hand"},{"floor":47,"key":"Pear"}],"event_choices":[{"damage_healed":0,"gold_gain":0,"player_choice":"Leave","damage_taken":0,"max_hp_gain":0,"max_hp_loss":0,"event_name":"The Cleric","floor":8,"gold_loss":0},{"damage_healed":0,"gold_gain":0,"player_choice":"Fought Mushrooms","damage_taken":0,"max_hp_gain":0,"max_hp_loss":0,"event_name":"Mushrooms","floor":11,"gold_loss":0},{"damage_healed":0,"gold_gain":0,"player_choice":"Simplicity","damage_taken":0,"max_hp_gain":0,"max_hp_loss":0,"event_name":"Back to Basics","floor":20,"gold_loss":0,"cards_upgraded":["Strike_R","Strike_R","Strike_R","Strike_R","Defend_R","Defend_R","Defend_R","Defend_R"]},{"damage_healed":0,"gold_gain":100,"player_choice":"Bet on Murderer","damage_taken":0,"max_hp_gain":0,"max_hp_loss":0,"event_name":"The Joust","floor":21,"gold_loss":50},{"cards_removed":["Strike_R"],"damage_healed":0,"gold_gain":0,"player_choice":"Offered Basic","damage_taken":0,"max_hp_gain":0,"max_hp_loss":0,"event_name":"Bonfire Elementals","floor":30,"gold_loss":0},{"damage_healed":0,"gold_gain":0,"player_choice":"Ignored","damage_taken":0,"max_hp_gain":0,"max_hp_loss":0,"event_name":"Tomb of Lord Red Mask","floor":38,"gold_loss":0},{"damage_healed":0,"gold_gain":0,"player_choice":"Memory 1","damage_taken":0,"max_hp_gain":0,"max_hp_loss":0,"event_name":"SensoryStone","floor":45,"gold_loss":0}],"is_beta":false,"boss_relics":[{"not_picked":["Coffee Dripper","Black Star"],"picked":"Ectoplasm"},{"not_picked":["Calling Bell","Runic Cube"],"picked":"Black Blood"}],"items_purged_floors":[19],"is_endless":false,"potions_floor_spawned":[1,4,14,16,18,22,28,31,39,47],"ascension_level":0}