{"gold_per_floor":[114,131,96,107,119,145,145,157,157,188,188,188,208,238,238,316,316,330,118,128,108,108,108,125,125,149,149,62,62,78,78,78,149,149,163,182,282,12,29,29,45,57,57,57],"floor_reached":44,"playtime":2641,"items_purged":[],"score":860,"play_id":"81ffeb4a-d084-44a2-bf7e-60be9cc33711","local_time":"20190219000040","is_ascension_mode":true,"campfire_choices":[{"floor":7.0,"key":"REST"},{"floor":12.0,"key":"REST"},{"floor":15.0,"key":"REST"},{"data":"Apotheosis","floor":23,"key":"SMITH"},{"floor":27,"key":"REST"},{"floor":29,"key":"REST"},{"floor":32,"key":"REST"},{"data":"Hemokinesis+1","floor":40,"key":"PURGE"}],"neow_cost":"NONE","seed_source_timestamp":0,"circlet_count":0,"master_deck":["AscendersBane","Strike_R","Strike_R","Strike_R","Strike_R","Defend_R","Defend_R","Defend_R","Bash","Headbutt","Feel No Pain","Demon Form","Clothesline","True Grit","Inflame","Offering","Apotheosis+1","Metallicize","Shrug It Off","Evolve","Battle Trance","Reaper","Reckless Charge+1","Demon Form+1","Ghostly Armor+1"],"special_seed":0,"relics":["Burning Blood","Prayer Wheel","Peace Pipe","Mercury Hourglass","Bird Faced Urn","Juzu Bracelet","Mark of Pain","PreservedInsect","Astrolabe","FossilizedHelix","Pantograph","Art of War"],"potions_floor_usage":[31,31,41,42],"damage_taken":[{"damage":12.0,"enemies":"Small Slimes","floor":1.0,"turns":4.0},{"damage":14.0,"enemies":"Jaw Worm","floor":2.0,"turns":4.0},{"damage":0.0,"enemies":"2 Louse","floor":4.0,"turns":2.0},{"damage":16.0,"enemies":"Lots of Slimes","floor":5.0,"turns":7.0},{"damage":44.0,"enemies":"Gremlin Nob","floor":6.0,"turns":5.0},{"damage":15.0,"enemies":"Large Slime","floor":8.0,"turns":6.0},{"damage":14.0,"enemies":"3 Sentries","floor":10.0,"turns":11.0},{"damage":10.0,"enemies":"2 Fungi Beasts","floor":13.0,"turns":4.0},{"damage":18.0,"enemies":"Lagavulin","floor":14.0,"turns":8.0},{"damage":47.0,"enemies":"The Guardian","floor":16.0,"turns":11.0},{"damage":34,"enemies":"3 Byrds","floor":18,"turns":6},{"damage":16,"enemies":"Chosen","floor":20,"turns":6},{"damage":11,"enemies":"Snecko","floor":24,"turns":5},{"damage":47,"enemies":"Centurion and Healer","floor":30,"turns":7},{"damage":30,"enemies":"Colosseum Slavers","floor":31,"turns":5},{"damage":56,"enemies":"Automaton","floor":33,"turns":11},{"damage":67,"enemies":"3 Darklings","floor":35,"turns":7},{"damage":27,"enemies":"Orb Walker","floor":36,"turns":4},{"damage":17,"enemies":"Mind Bloom Boss Battle","floor":37,"turns":8},{"damage":13,"enemies":"Maw","floor":39,"turns":7},{"damage":43,"enemies":"Writhing Mass","floor":41,"turns":9},{"damage":64,"enemies":"Jaw Worm Horde","floor":42,"turns":7},{"damage":90,"enemies":"Giant Head","floor":44,"turns":7}],"seed_played":"6519555027614028054","potions_obtained":[{"floor":0.0,"key":"Block Potion"},{"floor":0.0,"key":"SkillPotion"},{"floor":1.0,"key":"Weak Potion"},{"floor":6.0,"key":"AttackPotion"},{"floor":8.0,"key":"AttackPotion"},{"floor":10.0,"key":"AttackPotion"},{"floor":16.0,"key":"Strength Potion"},{"floor":20,"key":"GamblersBrew"},{"floor":21,"key":"Swift Potion"},{"floor":36,"key":"Energy Potion"},{"floor":41,"key":"Block Potion"}],"is_trial":false,"path_per_floor":["M","M","?","M","M","E","R","M","T","E","?","R","M","E","R","B",null,"M","$","M","?","?","R","M","?","T","R","$","R","M","?","R","B",null,"M","M","?","$","M","R","M","M","T","E"],"character_chosen":"IRONCLAD","items_purchased":["Apotheosis","Evolve","Pantograph"],"campfire_rested":6,"item_purchase_floors":[19,28,38],"current_hp_per_floor":[62,54,72,75,65,27,49,40,40,32,14,36,36,30,52,17,61,37,37,31,31,46,46,49,28,28,52,52,76,45,29,53,13,63,52,41,68,68,80,80,67,37,37,0],"gold":57,"neow_bonus":"THREE_SMALL_POTIONS","is_prod":false,"is_daily":false,"chose_seed":false,"campfire_upgraded":1,"win_rate":0,"timestamp":1550534440,"path_taken":["M","M","?","M","M","E","R","M","T","E","?","R","M","E","R","BOSS","M","$","M","?","?","R","M","?","T","R","$","R","M","?","R","BOSS","M","M","?","$","M","R","M","M","T","E"],"build_version":"2019-01-23","purchased_purges":0,"victory":false,"max_hp_per_floor":[75,75,75,75,75,75,75,75,75,75,75,75,75,75,75,75,75,75,75,75,75,75,75,75,80,80,80,80,80,80,80,80,80,80,80,80,80,80,80,80,80,80,80,80],"card_choices":[{"not_picked":["Clothesline","Sentinel"],"picked":"Headbutt","floor":1.0},{"not_picked":["Dropkick","Wild Strike"],"picked":"Armaments","floor":2.0},{"not_picked":["Sword Boomerang","Ghostly Armor"],"picked":"Feel No Pain","floor":4.0},{"not_picked":["Anger","Armaments"],"picked":"Demon Form","floor":5.0},{"not_picked":["Reckless Charge","Anger"],"picked":"Clothesline","floor":6.0},{"not_picked":["Sword Boomerang","Perfected Strike"],"picked":"True Grit","floor":8.0},{"not_picked":["Heavy Blade","Armaments","Searing Blow"],"picked":"SKIP","floor":8.0},{"not_picked":["Body Slam","Armaments","Reckless Charge"],"picked":"SKIP","floor":10.0},{"not_picked":["Shrug It Off","Havoc"],"picked":"Inflame","floor":13.0},{"not_picked":["Thunderclap","True Grit","Pummel"],"picked":"SKIP","floor":13.0},{"not_picked":["Ghostly Armor","Armaments","Pommel Strike"],"picked":"SKIP","floor":14.0},{"not_picked":["Brutality","Demon Form"],"picked":"Offering","floor":16.0},{"not_picked":["Wild Strike","Carnage","Bloodletting+1"],"picked":"SKIP","floor":18},{"not_picked":["Sever Soul","Dropkick","Anger"],"picked":"SKIP","floor":18},{"not_picked":["Barricade","Combust"],"picked":"Metallicize","floor":20},{"not_picked":["Rupture+1","Spot Weakness","Anger"],"picked":"SKIP","floor":20},{"not_picked":["Sword Boomerang","Wild Strike+1"],"picked":"Shrug It Off","floor":24},{"not_picked":["Cleave","Pommel Strike","Iron Wave"],"picked":"SKIP","floor":24},{"not_picked":["Iron Wave","Flex"],"picked":"Battle Trance","floor":30},{"not_picked":["Feel No Pain","Havoc","Heavy Blade"],"picked":"SKIP","floor":30},{"not_picked":["Juggernaut","Double Tap"],"picked":"Reaper","floor":33},{"not_picked":["Havoc+1","Burning Pact","Shockwave"],"picked":"SKIP","floor":35},{"not_picked":["Havoc","Body Slam","Rampage"],"picked":"SKIP","floor":35},{"not_picked":["Havoc","Wild Strike","Iron Wave"],"picked":"SKIP","floor":36},{"not_picked":["Feel No Pain","Wild Strike","Immolate"],"picked":"SKIP","floor":36},{"not_picked":["Searing Blow+1","Pommel Strike","Headbutt+1"],"picked":"SKIP","floor":39},{"not_picked":["Thunderclap","Dropkick","Combust"],"picked":"SKIP","floor":39},{"not_picked":["Sentinel","Ghostly Armor","Shockwave"],"picked":"SKIP","floor":41},{"not_picked":["Sword Boomerang","Blood for Blood","Body Slam+1"],"picked":"SKIP","floor":41},{"not_picked":["Perfected Strike","Wild Strike"],"picked":"Ghostly Armor+1","floor":42},{"not_picked":["Warcry","Headbutt","Burning Pact"],"picked":"SKIP","floor":42}],"player_experience":1151696,"relics_obtained":[{"floor":6.0,"key":"Prayer Wheel"},{"floor":9.0,"key":"Peace Pipe"},{"floor":10.0,"key":"Mercury Hourglass"},{"floor":14.0,"key":"Juzu Bracelet"},{"floor":26,"key":"PreservedInsect"},{"floor":37,"key":"FossilizedHelix"},{"floor":43,"key":"Art of War"}],"event_choices":[{"damage_healed":18.0,"max_hp_gain":0.0,"max_hp_loss":0.0,"gold_gain":0.0,"event_name":"The Cleric","player_choice":"Healed","floor":3.0,"gold_loss":35.0,"damage_taken":0.0},{"damage_healed":0.0,"max_hp_gain":0.0,"max_hp_loss":0.0,"gold_gain":0.0,"event_name":"Scrap Ooze","player_choice":"Success","floor":11.0,"gold_loss":0.0,"damage_taken":18.0,"relics_obtained":["Bird Faced Urn"]},{"damage_healed":0,"gold_gain":0,"player_choice":"Bought 1 Potion","damage_taken":0,"max_hp_gain":0,"max_hp_loss":0,"event_name":"The Woman in Blue","floor":21,"gold_loss":0},{"damage_healed":15,"gold_gain":0,"player_choice":"Heal","damage_taken":0,"max_hp_gain":0,"max_hp_loss":0,"event_name":"The Library","floor":22,"gold_loss":0},{"damage_healed":0,"gold_gain":0,"player_choice":"Shed Blood","damage_taken":26,"max_hp_gain":5,"max_hp_loss":0,"event_name":"Forgotten Altar","floor":25,"gold_loss":0},{"damage_healed":0,"gold_gain":0,"player_choice":"Fight","damage_taken":0,"max_hp_gain":0,"max_hp_loss":0,"event_name":"Colosseum","floor":31,"gold_loss":0},{"damage_healed":0,"gold_gain":0,"player_choice":"Fled From Nobs","damage_taken":0,"max_hp_gain":0,"max_hp_loss":0,"event_name":"Colosseum","floor":31,"gold_loss":0},{"damage_healed":0,"gold_gain":0,"player_choice":"Fight","damage_taken":0,"max_hp_gain":0,"max_hp_loss":0,"event_name":"MindBloom","floor":37,"gold_loss":0}],"is_beta":false,"boss_relics":[{"not_picked":["Runic Dome","Runic Cube"],"picked":"Mark of Pain"},{"not_picked":["Snecko Eye","Runic Pyramid"],"picked":"Astrolabe"}],"items_purged_floors":[],"is_endless":false,"potions_floor_spawned":[1,6,8,10,16,20,24,31,36,41],"killed_by":"Giant Head","ascension_level":20}