{"gold_per_floor":[110,110,121,136,50,50,50,66,120,120,151,151,183,183,183,183],"floor_reached":16,"playtime":937,"items_purged":[],"score":216,"play_id":"c0d1a800-397a-4454-9ab8-7adc3ce1b2f2","local_time":"20190221231102","is_ascension_mode":true,"campfire_choices":[{"data":"Bash","floor":6,"key":"SMITH"},{"data":"Clothesline","floor":10,"key":"SMITH"},{"floor":12,"key":"REST"},{"floor":15,"key":"DIG"}],"neow_cost":"NONE","seed_source_timestamp":710044136733892,"circlet_count":0,"master_deck":["AscendersBane","Strike_R","Strike_R","Strike_R","Strike_R","Strike_R","Defend_R","Defend_R","Defend_R","Defend_R","Bash+1","Clothesline+1","Pain","Headbutt","Feed","Spot Weakness"],"relics":["Burning Blood","WarpedTongs","Bag of Preparation","Dream Catcher","Shovel","Golden Idol","Vajra"],"potions_floor_usage":[13,16,16],"damage_taken":[{"damage":9,"enemies":"2 Louse","floor":1,"turns":4},{"damage":1,"enemies":"Cultist","floor":3,"turns":4},{"damage":3,"enemies":"Jaw Worm","floor":4,"turns":3},{"damage":15,"enemies":"Blue Slaver","floor":8,"turns":3},{"damage":37,"enemies":"Lagavulin","floor":11,"turns":8},{"damage":9,"enemies":"Gremlin Nob","floor":13,"turns":3},{"damage":42,"enemies":"Hexaghost","floor":16,"turns":8}],"seed_played":"-6857657028142029344","potions_obtained":[{"floor":3,"key":"Weak Potion"},{"floor":11,"key":"Fire Potion"},{"floor":13,"key":"SpeedPotion"}],"is_trial":false,"path_per_floor":["M","?","M","M","$","R","$","M","T","R","E","R","E","?","R","B"],"character_chosen":"IRONCLAD","items_purchased":["Feed"],"campfire_rested":1,"item_purchase_floors":[5],"current_hp_per_floor":[72,72,77,80,80,80,80,74,74,74,46,72,73,41,41,0],"gold":183,"neow_bonus":"TEN_PERCENT_HP_BONUS","is_prod":false,"is_daily":false,"chose_seed":false,"campfire_upgraded":2,"win_rate":0,"timestamp":1550790662,"path_taken":["M","?","?","M","?","R","$","M","T","R","E","R","E","?","R","BOSS"],"build_version":"2019-01-23","purchased_purges":0,"victory":false,"max_hp_per_floor":[82,82,82,82,82,82,82,85,85,85,88,88,92,92,92,92],"card_choices":[{"not_picked":["Twin Strike","Pommel Strike"],"picked":"Clothesline","floor":1},{"not_picked":["Twin Strike","Sword Boomerang"],"picked":"Headbutt","floor":3},{"not_picked":["Clothesline","Whirlwind","Flex"],"picked":"SKIP","floor":4},{"not_picked":["Warcry","Bludgeon","Clash"],"picked":"SKIP","floor":8},{"not_picked":["Corruption","Hemokinesis","Double Tap"],"picked":"SKIP","floor":11},{"not_picked":["Burning Pact","Flex"],"picked":"Spot Weakness","floor":12},{"not_picked":["Anger","Cleave","Rage"],"picked":"SKIP","floor":13}],"player_experience":1162913,"relics_obtained":[{"floor":9,"key":"Bag of Preparation"},{"floor":11,"key":"Dream Catcher"},{"floor":13,"key":"Shovel"},{"floor":15,"key":"Vajra"}],"event_choices":[{"damage_healed":0,"gold_gain":0,"player_choice":"Rummage","damage_taken":0,"relics_obtained":["WarpedTongs"],"max_hp_gain":0,"max_hp_loss":0,"event_name":"Accursed Blacksmith","floor":2,"gold_loss":0,"cards_obtained":["Pain"]},{"damage_healed":0,"gold_gain":0,"player_choice":"Take Damage","damage_taken":32,"relics_obtained":["Golden Idol"],"max_hp_gain":0,"max_hp_loss":0,"event_name":"Golden Idol","floor":14,"gold_loss":0}],"is_beta":false,"boss_relics":[],"items_purged_floors":[],"is_endless":false,"potions_floor_spawned":[3,11,13],"killed_by":"Hexaghost","ascension_level":20}