{"gold_per_floor":[11,28,103,115,29,57,71,71,97,111,131,131,161,86,86,163,163,176,176,176,188,207,234,234,264,264,264,264,280,280,290,290,290],"floor_reached":33,"playtime":2010,"items_purged":["Strike_R"],"score":619,"play_id":"95333b65-bf9e-4fab-8ddc-e3cad6586e2c","local_time":"20190223142151","is_ascension_mode":true,"campfire_choices":[{"data":"Fiend Fire","floor":8,"key":"SMITH"},{"floor":12,"key":"REST"},{"data":"Uppercut","floor":15,"key":"SMITH"},{"floor":24,"key":"REST"},{"data":"Reaper","floor":27,"key":"SMITH"},{"floor":30,"key":"REST"},{"floor":32,"key":"REST"}],"neow_cost":"NO_GOLD","seed_source_timestamp":850022943135448,"circlet_count":0,"master_deck":["AscendersBane","Strike_R","Strike_R+1","Defend_R","Defend_R","Defend_R","Defend_R","Bash","Shrug It Off","Headbutt+1","Combust+1","Rupture","Fiend Fire+1","Feel No Pain","Ghostly Armor","Twin Strike","Uppercut+1","Reaper+1","Parasite","Reckless Charge+1","Offering","Pommel Strike","Battle Trance","Evolve+1"],"relics":["Burning Blood","Whetstone","Orichalcum","Omamori","Calling Bell","Boot","Frozen Egg 2","Bird Faced Urn","Oddly Smooth Stone","Mango"],"potions_floor_usage":[11,16,22,22,23,25],"damage_taken":[{"damage":9,"enemies":"2 Louse","floor":1,"turns":4},{"damage":4,"enemies":"Small Slimes","floor":2,"turns":5},{"damage":1,"enemies":"Cultist","floor":4,"turns":3},{"damage":28,"enemies":"Lagavulin","floor":6,"turns":7},{"damage":25,"enemies":"Large Slime","floor":7,"turns":7},{"damage":10,"enemies":"Looter","floor":10,"turns":3},{"damage":10,"enemies":"Exordium Wildlife","floor":11,"turns":4},{"damage":19,"enemies":"3 Sentries","floor":13,"turns":7},{"damage":24,"enemies":"Hexaghost","floor":16,"turns":7},{"damage":9,"enemies":"Shell Parasite","floor":18,"turns":5},{"damage":8,"enemies":"3 Byrds","floor":21,"turns":5},{"damage":20,"enemies":"Cultist and Chosen","floor":22,"turns":6},{"damage":67,"enemies":"Slavers","floor":23,"turns":5},{"damage":60,"enemies":"Book of Stabbing","floor":25,"turns":5},{"damage":22,"enemies":"Snake Plant","floor":29,"turns":5},{"damage":13,"enemies":"Sentry and Sphere","floor":31,"turns":4},{"damage":113,"enemies":"Collector","floor":33,"turns":8}],"seed_played":"-4347371554848651922","potions_obtained":[{"floor":1,"key":"Swift Potion"},{"floor":7,"key":"Strength Potion"},{"floor":10,"key":"BloodPotion"},{"floor":11,"key":"Strength Potion"},{"floor":16,"key":"Block Potion"},{"floor":22,"key":"Fruit Juice"},{"floor":23,"key":"LiquidBronze"}],"is_trial":false,"path_per_floor":["M","M","?","M","$","E","M","R","T","M","M","R","E","$","R","B",null,"M","?","?","M","M","E","R","E","T","R","?","M","R","M","R","B"],"character_chosen":"IRONCLAD","items_purchased":["Rupture"],"campfire_rested":4,"item_purchase_floors":[5],"current_hp_per_floor":[79,81,70,75,75,53,34,34,34,30,34,60,47,47,47,29,74,75,75,75,87,93,47,75,39,39,39,39,25,57,56,88,0],"gold":290,"neow_bonus":"TWENTY_PERCENT_HP_BONUS","is_prod":false,"is_daily":false,"chose_seed":false,"campfire_upgraded":3,"win_rate":0,"timestamp":1550931711,"path_taken":["M","M","?","M","$","E","M","R","T","M","M","R","E","$","R","BOSS","M","?","?","M","?","E","R","E","T","R","?","M","R","M","R","BOSS"],"build_version":"2019-01-23","purchased_purges":1,"victory":false,"max_hp_per_floor":[89,89,89,89,89,89,89,89,89,89,89,89,89,89,89,89,89,89,89,89,89,94,94,94,108,108,108,108,108,108,108,108,108],"card_choices":[{"not_picked":["Sentinel","Heavy Blade"],"picked":"Shrug It Off","floor":1},{"not_picked":["Perfected Strike","Pommel Strike"],"picked":"Headbutt","floor":2},{"not_picked":["Twin Strike","Blood for Blood"],"picked":"Combust","floor":4},{"not_picked":["Inflame","Flex"],"picked":"Fiend Fire","floor":6},{"not_picked":["Warcry","Havoc"],"picked":"Feel No Pain","floor":7},{"not_picked":["Heavy Blade","Combust"],"picked":"Ghostly Armor","floor":10},{"not_picked":["Feel No Pain","Clash"],"picked":"Twin Strike","floor":11},{"not_picked":["Heavy Blade","Shrug It Off"],"picked":"Uppercut","floor":13},{"not_picked":["Exhume","Brutality"],"picked":"Reaper","floor":16},{"not_picked":["Thunderclap","Twin Strike","True Grit"],"picked":"SKIP","floor":18},{"not_picked":["Twin Strike","Heavy Blade","Rage+1"],"picked":"SKIP","floor":21},{"not_picked":["Ghostly Armor","Shockwave"],"picked":"Reckless Charge+1","floor":22},{"not_picked":["Wild Strike","Rampage","Ghostly Armor"],"picked":"SKIP","floor":23},{"not_picked":["Iron Wave","Havoc","Fire Breathing+1"],"picked":"SKIP","floor":25},{"not_picked":["Berserk+1","Power Through"],"picked":"Battle Trance","floor":29},{"not_picked":["Bloodletting+1","Headbutt"],"picked":"Evolve+1","floor":31}],"player_experience":1172830,"relics_obtained":[{"floor":6,"key":"Whetstone"},{"floor":9,"key":"Orichalcum"},{"floor":13,"key":"Omamori"},{"floor":17,"key":"Boot"},{"floor":17,"key":"Frozen Egg 2"},{"floor":17,"key":"Bird Faced Urn"},{"floor":23,"key":"Oddly Smooth Stone"},{"floor":25,"key":"Mango"}],"event_choices":[{"damage_healed":0,"gold_gain":75,"player_choice":"Gather Gold","damage_taken":11,"max_hp_gain":0,"max_hp_loss":0,"event_name":"World of Goop","floor":3,"gold_loss":0},{"damage_healed":0,"gold_gain":0,"player_choice":"Ignored","damage_taken":0,"max_hp_gain":0,"max_hp_loss":0,"event_name":"Ghosts","floor":19,"gold_loss":0},{"damage_healed":0,"gold_gain":0,"player_choice":"Forge","damage_taken":0,"max_hp_gain":0,"max_hp_loss":0,"event_name":"Accursed Blacksmith","floor":20,"gold_loss":0,"cards_upgraded":["Combust"]},{"damage_healed":0,"gold_gain":0,"cards_transformed":["Strike_R","Strike_R"],"player_choice":"Became Test Subject","damage_taken":0,"max_hp_gain":0,"max_hp_loss":0,"event_name":"Drug Dealer","floor":28,"gold_loss":0,"cards_obtained":["Offering","Pommel Strike"]}],"is_beta":false,"boss_relics":[{"not_picked":["Runic Cube","Mark of Pain"],"picked":"Calling Bell"}],"items_purged_floors":[14],"is_endless":false,"potions_floor_spawned":[1,7,10,11,16,18,21,22,23],"killed_by":"Collector","ascension_level":20}