{"gold_per_floor":[418,438,97,116,30,61,71,71,98,116,116,116,116,132,132,206,206,219,236,186,186,24,57,70,70,96,96,96,114,114,64,64,143,143,160,179,189,289,289,289,307,307,307,307,319,319,349,100,100,100],"floor_reached":50,"playtime":2531,"items_purged":["Intimidate","Reckless Charge"],"score":1080,"play_id":"2fecb708-a439-4125-a4f9-a3e8ec03ead6","local_time":"20190217111319","is_ascension_mode":true,"campfire_choices":[{"data":"Combust","floor":8.0,"key":"SMITH"},{"floor":11.0,"key":"REST"},{"floor":15.0,"key":"REST"},{"data":"Immolate","floor":25.0,"key":"SMITH"},{"data":"Inflame","floor":28.0,"key":"SMITH"},{"data":"Cleave","floor":30.0,"key":"SMITH"},{"floor":32.0,"key":"REST"},{"data":"Limit Break","floor":40,"key":"SMITH"},{"data":"Flame Barrier","floor":42,"key":"SMITH"},{"floor":46,"key":"REST"},{"floor":49,"key":"REST"}],"neow_cost":"PERCENT_DAMAGE","seed_source_timestamp":0,"circlet_count":0,"master_deck":["AscendersBane","Bash","Shockwave","Combust+1","Inflame+1","Cleave+1","Feed","Clothesline","Immolate+1","Offering","Feed","Offering","Shrug It Off","Blood for Blood","Anger","Twin Strike","Shrug It Off","Impervious","Flame Barrier+1","Limit Break+1","Infernal Blade+1","Inflame","Apotheosis"],"special_seed":0,"relics":["Burning Blood","Old Coin","Thread and Needle","Smiling Mask","Lantern","Centennial Puzzle","Omamori","Pandora\u0027s Box","Orichalcum","Ginger","Pen Nib","Snecko Eye","WingedGreaves","Meat on the Bone","Ice Cream"],"potions_floor_usage":[50,50],"damage_taken":[{"damage":3.0,"enemies":"2 Louse","floor":1.0,"turns":3.0},{"damage":6.0,"enemies":"Jaw Worm","floor":2.0,"turns":5.0},{"damage":0.0,"enemies":"Cultist","floor":4.0,"turns":4.0},{"damage":37.0,"enemies":"3 Sentries","floor":6.0,"turns":7.0},{"damage":2.0,"enemies":"2 Fungi Beasts","floor":7.0,"turns":2.0},{"damage":9.0,"enemies":"Blue Slaver","floor":10.0,"turns":3.0},{"damage":10.0,"enemies":"Exordium Wildlife","floor":14.0,"turns":4.0},{"damage":26.0,"enemies":"Slime Boss","floor":16.0,"turns":8.0},{"damage":16.0,"enemies":"Spheric Guardian","floor":18.0,"turns":3.0},{"damage":13.0,"enemies":"Chosen","floor":19.0,"turns":2.0},{"damage":24.0,"enemies":"Slavers","floor":23.0,"turns":2.0},{"damage":6.0,"enemies":"Snake Plant","floor":24.0,"turns":2.0},{"damage":6.0,"enemies":"Centurion and Healer","floor":29.0,"turns":3.0},{"damage":31.0,"enemies":"Automaton","floor":33.0,"turns":5.0},{"damage":8,"enemies":"3 Shapes","floor":35,"turns":6},{"damage":6,"enemies":"3 Darklings","floor":36,"turns":2},{"damage":36,"enemies":"Spire Growth","floor":37,"turns":6},{"damage":12,"enemies":"Mind Bloom Boss Battle","floor":38,"turns":7},{"damage":6,"enemies":"Transient","floor":41,"turns":6},{"damage":0,"enemies":"Jaw Worm Horde","floor":45,"turns":2},{"damage":13,"enemies":"Reptomancer","floor":47,"turns":4},{"damage":126,"enemies":"Awakened One","floor":50,"turns":9}],"seed_played":"-7038872955875048271","potions_obtained":[{"floor":1.0,"key":"Block Potion"},{"floor":4.0,"key":"FearPotion"},{"floor":10.0,"key":"Weak Potion"},{"floor":19.0,"key":"Regen Potion"},{"floor":24.0,"key":"Block Potion"}],"is_trial":false,"path_per_floor":["M","M","$","M","$","E","M","R","T","M","R","?","?","M","R","B",null,"M","M","$","?","$","E","M","R","T","?","R","M","R","$","R","B",null,"M","M","M","?","?","R","M","R","T","?","M","R","E","$","R","B"],"character_chosen":"IRONCLAD","items_purchased":["Thread and Needle","Inflame","Orichalcum","Inflame","Apotheosis"],"campfire_rested":5,"item_purchase_floors":[3,5,22,48,48],"current_hp_per_floor":[53,53,53,59,59,28,32,32,32,29,51,16,16,15,38,18,63,56,52,52,52,52,42,42,42,42,42,42,48,48,48,75,53,85,89,92,62,56,56,56,56,56,56,56,65,97,93,93,111,0],"gold":100,"neow_bonus":"ONE_RARE_RELIC","is_prod":false,"is_daily":false,"chose_seed":false,"campfire_upgraded":6,"win_rate":0,"timestamp":1550401999,"path_taken":["M","M","$","M","$","E","M","R","T","M","R","?","?","?","R","BOSS","M","M","$","?","$","E","M","R","T","?","R","M","R","?","R","BOSS","M","M","M","?","?","R","M","R","T","?","M","R","E","$","R","BOSS"],"build_version":"2019-01-23","purchased_purges":2,"victory":false,"max_hp_per_floor":[75,75,75,75,75,75,75,75,75,75,75,75,75,78,78,78,78,81,84,84,84,84,87,87,87,87,87,87,93,93,93,93,96,96,102,105,105,105,105,105,105,105,105,105,108,108,111,111,111,117],"card_choices":[{"not_picked":["Power Through","Pommel Strike"],"picked":"Shockwave","floor":1.0},{"not_picked":["Clash","Pummel"],"picked":"Anger","floor":2.0},{"not_picked":["Feel No Pain","Fire Breathing"],"picked":"Combust","floor":4.0},{"not_picked":["Body Slam","Perfected Strike"],"picked":"Battle Trance","floor":6.0},{"not_picked":["Wild Strike","Heavy Blade"],"picked":"Cleave","floor":7.0},{"not_picked":["Body Slam","True Grit"],"picked":"Feed","floor":10.0},{"not_picked":["True Grit","Anger"],"picked":"Clothesline","floor":14.0},{"not_picked":["Impervious","Bludgeon"],"picked":"Immolate","floor":16.0},{"not_picked":["Pummel+1","Clash"],"picked":"Shrug It Off","floor":18.0},{"not_picked":["Warcry","Intimidate+1","Clash"],"picked":"SKIP","floor":19.0},{"not_picked":["Barricade","Burning Pact","Bludgeon"],"picked":"SKIP","floor":23.0},{"not_picked":["Clash","Entrench","Headbutt"],"picked":"SKIP","floor":24.0},{"not_picked":["Dual Wield","Iron Wave","Second Wind"],"picked":"SKIP","floor":29.0},{"not_picked":["Berserk","Barricade"],"picked":"Impervious","floor":33.0},{"not_picked":["Intimidate+1","Armaments","Headbutt"],"picked":"SKIP","floor":35},{"not_picked":["Headbutt","Sever Soul"],"picked":"Flame Barrier","floor":36},{"not_picked":["Heavy Blade+1","Iron Wave+1","Twin Strike"],"picked":"SKIP","floor":37},{"not_picked":["Wild Strike","Infernal Blade"],"picked":"Limit Break","floor":38},{"not_picked":["Body Slam","Anger"],"picked":"Infernal Blade+1","floor":41},{"not_picked":["Burning Pact","Perfected Strike+1","Clash+1"],"picked":"SKIP","floor":45},{"not_picked":["Reckless Charge","Clash","Wild Strike"],"picked":"SKIP","floor":47}],"player_experience":1139168,"relics_obtained":[{"floor":6.0,"key":"Smiling Mask"},{"floor":9.0,"key":"Lantern"},{"floor":23.0,"key":"Ginger"},{"floor":26.0,"key":"Pen Nib"},{"floor":38,"key":"WingedGreaves"},{"floor":43,"key":"Meat on the Bone"},{"floor":47,"key":"Ice Cream"}],"event_choices":[{"damage_healed":0.0,"max_hp_gain":0.0,"max_hp_loss":0.0,"gold_gain":0.0,"event_name":"Scrap Ooze","player_choice":"Success","floor":12.0,"gold_loss":0.0,"damage_taken":35.0,"relics_obtained":["Centennial Puzzle"]},{"cards_removed":["Anger"],"damage_healed":0.0,"max_hp_gain":0.0,"max_hp_loss":0.0,"gold_gain":0.0,"event_name":"WeMeetAgain","player_choice":"Gave Card","floor":13.0,"gold_loss":0.0,"damage_taken":0.0,"relics_obtained":["Omamori"]},{"damage_healed":0.0,"max_hp_gain":0.0,"max_hp_loss":0.0,"gold_gain":0.0,"event_name":"Ghosts","player_choice":"Ignored","floor":21.0,"gold_loss":0.0,"damage_taken":0.0},{"damage_healed":0.0,"max_hp_gain":0.0,"max_hp_loss":0.0,"gold_gain":0.0,"event_name":"Forgotten Altar","player_choice":"Smashed Altar","floor":27.0,"gold_loss":0.0,"damage_taken":0.0,"cards_obtained":["Decay"]},{"damage_healed":0,"gold_gain":0,"player_choice":"Fight","damage_taken":0,"max_hp_gain":0,"max_hp_loss":0,"event_name":"MindBloom","floor":38,"gold_loss":0},{"damage_healed":0,"gold_gain":0,"player_choice":"Ignored","damage_taken":0,"max_hp_gain":0,"max_hp_loss":0,"event_name":"Mysterious Sphere","floor":39,"gold_loss":0},{"cards_removed":["Battle Trance"],"damage_healed":0,"gold_gain":0,"player_choice":"Removed Skill","damage_taken":0,"max_hp_gain":0,"max_hp_loss":0,"event_name":"Falling","floor":44,"gold_loss":0}],"is_beta":false,"boss_relics":[{"not_picked":["Coffee Dripper","Eternal Feather"],"picked":"Pandora\u0027s Box"},{"not_picked":["Black Star","Mark of Pain"],"picked":"Snecko Eye"}],"items_purged_floors":[20,31],"is_endless":false,"potions_floor_spawned":[1,4,10,14,19,24,29,33,35,37,41],"killed_by":"Awakened One","ascension_level":20}