{"gold_per_floor":[113,123,138,138,63,63,89,109,135,135,170,170,3,20,20,95,95,115,131,181,197,197,197,207,207,234,249,262,262,277,310,310,389,389,401,417,517,528,547,547,574,574,574,593,603,603],"floor_reached":46,"playtime":6678,"items_purged":["Clumsy"],"score":997,"play_id":"b2f852fa-05f9-4c2f-9431-a42d1968a1a7","local_time":"20190223195012","is_ascension_mode":true,"campfire_choices":[{"data":"Bash","floor":6,"key":"SMITH"},{"data":"Anger","floor":12,"key":"SMITH"},{"data":"Immolate","floor":15,"key":"SMITH"},{"data":"Inflame","floor":23,"key":"SMITH"},{"floor":25,"key":"REST"},{"data":"Armaments","floor":29,"key":"SMITH"},{"data":"Shrug It Off","floor":32,"key":"SMITH"},{"data":"Limit Break","floor":40,"key":"SMITH"}],"neow_cost":"CURSE","seed_source_timestamp":864947732197615,"circlet_count":0,"master_deck":["AscendersBane","Bash+1","Cleave+1","Reaper","Battle Trance","Shrug It Off","Anger+1","Shrug It Off","Brutality","Feed","Body Slam+1","Armaments+1","Shrug It Off+1","Inflame+1","Rage","Uppercut+1","Dark Embrace","Flex","Fire Breathing","Metallicize","True Grit","Dual Wield","Fire Breathing","Limit Break+1","Shockwave","Feel No Pain","Second Wind","Entrench"],"relics":["Burning Blood","Calipers","Smiling Mask","Bag of Preparation","Anchor","Velvet Choker","PreservedInsect","Dead Branch","Pandora\u0027s Box","Torii"],"potions_floor_usage":[7,11,16,18,21,33,39,44,44,46],"damage_taken":[{"damage":9,"enemies":"Jaw Worm","floor":1,"turns":5},{"damage":9,"enemies":"2 Louse","floor":2,"turns":2},{"damage":23,"enemies":"Small Slimes","floor":3,"turns":4},{"damage":15,"enemies":"3 Sentries","floor":7,"turns":4},{"damage":2,"enemies":"2 Fungi Beasts","floor":8,"turns":4},{"damage":22,"enemies":"Lagavulin","floor":11,"turns":5},{"damage":3,"enemies":"Large Slime","floor":14,"turns":3},{"damage":54,"enemies":"Hexaghost","floor":16,"turns":9},{"damage":18,"enemies":"Spheric Guardian","floor":18,"turns":4},{"damage":8,"enemies":"Shell Parasite","floor":19,"turns":3},{"damage":40,"enemies":"Snecko","floor":21,"turns":6},{"damage":13,"enemies":"Snake Plant","floor":24,"turns":3},{"damage":8,"enemies":"Chosen and Byrds","floor":27,"turns":5},{"damage":0,"enemies":"3 Cultists","floor":28,"turns":3},{"damage":2,"enemies":"Snecko","floor":30,"turns":6},{"damage":18,"enemies":"Slavers","floor":31,"turns":3},{"damage":27,"enemies":"Champ","floor":33,"turns":12},{"damage":6,"enemies":"3 Shapes","floor":35,"turns":4},{"damage":18,"enemies":"Orb Walker","floor":36,"turns":3},{"damage":12,"enemies":"Mind Bloom Boss Battle","floor":37,"turns":6},{"damage":45,"enemies":"Maw","floor":38,"turns":9},{"damage":33,"enemies":"3 Darklings","floor":39,"turns":3},{"damage":33,"enemies":"Nemesis","floor":41,"turns":7},{"damage":34,"enemies":"Transient","floor":44,"turns":6},{"damage":6,"enemies":"Spire Growth","floor":45,"turns":5},{"damage":69,"enemies":"Reptomancer","floor":46,"turns":3}],"seed_played":"4115098756543520633","potions_obtained":[{"floor":1,"key":"AttackPotion"},{"floor":3,"key":"Swift Potion"},{"floor":7,"key":"Energy Potion"},{"floor":8,"key":"FearPotion"},{"floor":11,"key":"Block Potion"},{"floor":19,"key":"GamblersBrew"},{"floor":24,"key":"FearPotion"},{"floor":30,"key":"PowerPotion"},{"floor":38,"key":"SneckoOil"},{"floor":41,"key":"Block Potion"},{"floor":44,"key":"Swift Potion"}],"is_trial":false,"path_per_floor":["M","M","M","?","$","R","E","M","T","?","E","R","$","M","R","B",null,"M","M","?","M","?","R","M","R","T","M","M","R","M","E","R","B",null,"M","M","?","M","M","R","E","?","T","M","M","E"],"character_chosen":"IRONCLAD","items_purchased":["Immolate"],"campfire_rested":1,"item_purchase_floors":[13],"current_hp_per_floor":[65,62,53,53,53,53,52,56,56,61,48,48,48,51,51,9,62,53,51,51,26,26,26,29,54,54,65,85,85,89,85,85,76,88,95,93,89,66,63,63,45,45,45,33,46,0],"gold":603,"neow_bonus":"ONE_RARE_RELIC","is_prod":false,"is_daily":false,"chose_seed":false,"campfire_upgraded":7,"win_rate":0,"timestamp":1550951412,"path_taken":["M","M","M","?","$","R","E","M","T","?","E","R","?","M","R","BOSS","M","M","?","M","?","R","M","R","T","M","M","R","M","E","R","BOSS","M","M","?","M","M","R","E","?","T","M","M","E"],"build_version":"2019-01-23","purchased_purges":1,"victory":false,"max_hp_per_floor":[75,75,75,75,75,75,75,75,75,80,80,80,80,80,80,80,80,83,83,83,86,86,86,86,86,86,89,89,89,89,92,92,92,92,95,95,95,95,95,95,95,95,95,95,95,95],"card_choices":[{"not_picked":["Warcry","Reckless Charge"],"picked":"Cleave","floor":1},{"not_picked":["Twin Strike","Searing Blow"],"picked":"Reaper","floor":2},{"not_picked":["Flex","Dual Wield"],"picked":"Battle Trance","floor":3},{"not_picked":["Warcry","Dropkick"],"picked":"Shrug It Off","floor":7},{"not_picked":["Heavy Blade","Clash"],"picked":"Anger","floor":8},{"not_picked":["Ghostly Armor","Iron Wave"],"picked":"Shrug It Off","floor":11},{"not_picked":["Dropkick","Hemokinesis"],"picked":"Brutality","floor":14},{"not_picked":["Dark Embrace","Bludgeon"],"picked":"Feed","floor":16},{"not_picked":["Entrench","Searing Blow"],"picked":"Body Slam+1","floor":18},{"not_picked":["Twin Strike+1","Blood for Blood"],"picked":"Armaments","floor":19},{"not_picked":["Sword Boomerang","Seeing Red"],"picked":"Shrug It Off","floor":21},{"not_picked":["Bloodletting+1","Twin Strike","Seeing Red"],"picked":"SKIP","floor":24},{"not_picked":["Bloodletting","Ghostly Armor","Uppercut"],"picked":"SKIP","floor":27},{"not_picked":["Headbutt","Iron Wave"],"picked":"Uppercut+1","floor":28},{"not_picked":["Shrug It Off","Evolve+1","True Grit"],"picked":"SKIP","floor":30},{"not_picked":["Juggernaut","Uppercut","Flex"],"picked":"SKIP","floor":31},{"not_picked":["Demon Form","Berserk"],"picked":"Dark Embrace","floor":33},{"not_picked":["Armaments","Headbutt","Clothesline"],"picked":"SKIP","floor":35},{"not_picked":["Searing Blow","Thunderclap","Carnage"],"picked":"SKIP","floor":36},{"not_picked":["Sentinel","Pommel Strike"],"picked":"Shockwave","floor":37},{"not_picked":["Searing Blow","Havoc+1","Battle Trance+1"],"picked":"SKIP","floor":38},{"not_picked":["Pommel Strike","Warcry"],"picked":"Feel No Pain","floor":39},{"not_picked":["Sentinel","Flex","Bloodletting+1"],"picked":"SKIP","floor":41},{"not_picked":["Headbutt","Pummel+1"],"picked":"Second Wind","floor":44},{"not_picked":["Barricade","Reckless Charge"],"picked":"Entrench","floor":45}],"player_experience":1176009,"relics_obtained":[{"floor":7,"key":"Smiling Mask"},{"floor":9,"key":"Bag of Preparation"},{"floor":11,"key":"Anchor"},{"floor":26,"key":"PreservedInsect"},{"floor":31,"key":"Dead Branch"},{"floor":37,"key":"Torii"}],"event_choices":[{"damage_healed":0,"gold_gain":0,"player_choice":"Grow","damage_taken":0,"max_hp_gain":0,"max_hp_loss":0,"event_name":"Living Wall","floor":4,"gold_loss":0,"cards_upgraded":["Cleave"]},{"damage_healed":0,"gold_gain":0,"player_choice":"Donut","damage_taken":0,"max_hp_gain":5,"max_hp_loss":0,"event_name":"Big Fish","floor":10,"gold_loss":0},{"damage_healed":0,"gold_gain":50,"player_choice":"Stole From Cult","damage_taken":0,"max_hp_gain":0,"max_hp_loss":0,"event_name":"Nest","floor":20,"gold_loss":0},{"damage_healed":0,"gold_gain":0,"cards_transformed":["Strike_R","Strike_R"],"player_choice":"Became Test Subject","damage_taken":0,"max_hp_gain":0,"max_hp_loss":0,"event_name":"Drug Dealer","floor":22,"gold_loss":0,"cards_obtained":["Inflame","Rage"]},{"damage_healed":0,"gold_gain":0,"player_choice":"Fight","damage_taken":0,"max_hp_gain":0,"max_hp_loss":0,"event_name":"MindBloom","floor":37,"gold_loss":0},{"cards_removed":["Immolate"],"damage_healed":0,"gold_gain":0,"player_choice":"Removed Attack","damage_taken":0,"max_hp_gain":0,"max_hp_loss":0,"event_name":"Falling","floor":42,"gold_loss":0}],"is_beta":false,"boss_relics":[{"not_picked":["Black Star","Runic Pyramid"],"picked":"Velvet Choker"},{"not_picked":["Philosopher\u0027s Stone","Black Blood"],"picked":"Pandora\u0027s Box"}],"items_purged_floors":[5],"is_endless":false,"potions_floor_spawned":[1,3,7,8,11,19,24,30,38,41,44],"killed_by":"Reptomancer","ascension_level":20}