{"gold_per_floor":[119,119,131,131,144,144,15,15,67,106,106,142,142,160,160,251,251,266,287,306,319,69,108,108,144,167,181,181,181,201,201,201,291,291,311,330,108,129,152,152,152,152,152,172,213,237,273,291,291,291,291],"floor_reached":52,"playtime":4172,"items_purged":["Parasite","Strike_R"],"score":1953,"play_id":"5479f835-82ae-48a4-9576-857490bc1a9d","local_time":"20190223231224","is_ascension_mode":true,"campfire_choices":[{"data":"Bash","floor":6.0,"key":"SMITH"},{"floor":8.0,"key":"REST"},{"floor":13.0,"key":"REST"},{"data":"Combust","floor":15.0,"key":"SMITH"},{"floor":24.0,"key":"REST"},{"data":"Juggernaut","floor":29.0,"key":"SMITH"},{"floor":32.0,"key":"REST"},{"data":"Feel No Pain","floor":40.0,"key":"SMITH"},{"floor":42.0,"key":"REST"},{"floor":49.0,"key":"REST"}],"neow_cost":"CURSE","seed_source_timestamp":879436346606912,"circlet_count":0,"master_deck":["AscendersBane","Strike_R+1","Strike_R+1","Defend_R","Defend_R","Defend_R","Defend_R","Bash+1","Rampage","Infernal Blade","Cleave","Combust+1","Disarm","Juggernaut+1","Feel No Pain+1","Warcry","Fiend Fire","Barricade","Disarm","Shrug It Off","Shockwave","Shrug It Off","Offering","Corruption","Ghostly Armor+1","Shrug It Off","Entrench+1"],"special_seed":0,"relics":["Burning Blood","Dead Branch","Golden Idol","Whetstone","Thread and Needle","Singing Bowl","Snecko Eye","Orichalcum","Meat on the Bone","Strawberry","Empty Cage","Bronze Scales","Kunai","Toxic Egg 2"],"potions_floor_usage":[51],"damage_taken":[{"damage":6.0,"enemies":"Small Slimes","floor":1.0,"turns":5.0},{"damage":16.0,"enemies":"2 Louse","floor":3.0,"turns":2.0},{"damage":1.0,"enemies":"Cultist","floor":5.0,"turns":3.0},{"damage":26.0,"enemies":"Gremlin Nob","floor":10.0,"turns":4.0},{"damage":28.0,"enemies":"3 Sentries","floor":12.0,"turns":6.0},{"damage":9.0,"enemies":"Looter","floor":14.0,"turns":3.0},{"damage":23.0,"enemies":"Slime Boss","floor":16.0,"turns":8.0},{"damage":8.0,"enemies":"Spheric Guardian","floor":18.0,"turns":3.0},{"damage":0.0,"enemies":"Chosen","floor":19.0,"turns":4.0},{"damage":15.0,"enemies":"Snake Plant","floor":20.0,"turns":5.0},{"damage":8.0,"enemies":"Cultist and Chosen","floor":21.0,"turns":4.0},{"damage":9.0,"enemies":"Slavers","floor":23.0,"turns":4.0},{"damage":34.0,"enemies":"Book of Stabbing","floor":25.0,"turns":5.0},{"damage":0.0,"enemies":"Centurion and Healer","floor":27.0,"turns":5.0},{"damage":16.0,"enemies":"Snake Plant","floor":30.0,"turns":4.0},{"damage":20.0,"enemies":"Champ","floor":33.0,"turns":8.0},{"damage":11.0,"enemies":"3 Shapes","floor":35.0,"turns":4.0},{"damage":6.0,"enemies":"3 Darklings","floor":36.0,"turns":2.0},{"damage":6.0,"enemies":"Spire Growth","floor":38.0,"turns":2.0},{"damage":23.0,"enemies":"4 Shapes","floor":39.0,"turns":3.0},{"damage":9.0,"enemies":"3 Darklings","floor":44.0,"turns":2.0},{"damage":19.0,"enemies":"Reptomancer","floor":45.0,"turns":3.0},{"damage":13.0,"enemies":"Transient","floor":46.0,"turns":6.0},{"damage":9.0,"enemies":"Nemesis","floor":47.0,"turns":2.0},{"damage":6.0,"enemies":"Writhing Mass","floor":48.0,"turns":4.0},{"damage":1,"enemies":"Time Eater","floor":50,"turns":5},{"damage":30,"enemies":"Donu and Deca","floor":51,"turns":5}],"seed_played":"2225172020684955664","potions_obtained":[{"floor":3.0,"key":"SmokeBomb"},{"floor":5.0,"key":"EssenceOfSteel"},{"floor":20.0,"key":"PowerPotion"},{"floor":25.0,"key":"Explosive Potion"},{"floor":27.0,"key":"SpeedPotion"},{"floor":30.0,"key":"Regen Potion"},{"floor":35.0,"key":"Strength Potion"},{"floor":36.0,"key":"Swift Potion"},{"floor":46.0,"key":"AttackPotion"}],"is_trial":false,"path_per_floor":["M","?","M","?","M","R","$","R","T","E","?","E","R","M","R","B",null,"M","M","M","M","$","E","R","E","T","M","?","R","M","?","R","B",null,"M","M","$","M","M","R","?","R","T","M","E","M","E","M","R","B","B",null],"character_chosen":"IRONCLAD","items_purchased":["Poison Potion","Fiend Fire","Shrug It Off","Bronze Scales"],"campfire_rested":6,"item_purchase_floors":[7,22,37,37],"current_hp_per_floor":[68,68,58,32,37,37,37,58,58,38,38,18,40,39,39,22,63,63,69,62,60,60,57,80,52,59,65,65,65,55,55,81,82,86,81,81,81,83,68,68,68,91,91,90,77,72,71,73,99,99,75],"gold":291,"neow_bonus":"ONE_RARE_RELIC","is_prod":false,"is_daily":false,"chose_seed":false,"campfire_upgraded":4,"win_rate":0,"timestamp":1550963544,"path_taken":["M","?","M","?","M","R","$","R","T","E","?","E","R","M","R","BOSS","M","M","M","M","$","E","R","E","T","M","?","R","M","?","R","BOSS","M","M","$","M","M","R","?","R","T","M","E","M","E","M","R","BOSS","BOSS"],"build_version":"2019-01-23","purchased_purges":2,"victory":true,"max_hp_per_floor":[75,75,75,75,75,75,72,72,72,72,72,74,74,76,76,76,76,78,78,80,80,80,80,80,80,87,87,87,87,87,87,87,87,87,87,87,87,89,91,91,91,91,91,93,93,95,97,99,99,99,99],"card_choices":[{"not_picked":["Clothesline","Shrug It Off"],"picked":"Rampage","floor":1.0},{"not_picked":["Iron Wave","Hemokinesis"],"picked":"Infernal Blade","floor":3.0},{"not_picked":["Twin Strike","Warcry"],"picked":"Cleave","floor":5.0},{"not_picked":["Shockwave","Heavy Blade"],"picked":"Combust","floor":10.0},{"not_picked":["Wild Strike","Perfected Strike","Uppercut"],"picked":"Singing Bowl","floor":12.0},{"not_picked":["Clash","Pommel Strike","Headbutt"],"picked":"Singing Bowl","floor":14.0},{"not_picked":["Berserk","Limit Break"],"picked":"Juggernaut","floor":16.0},{"not_picked":["Heavy Blade","Power Through","Sever Soul+1"],"picked":"Singing Bowl","floor":18.0},{"not_picked":["Flex","Fire Breathing"],"picked":"Feel No Pain","floor":19.0},{"not_picked":["Anger","Heavy Blade","Iron Wave+1"],"picked":"Singing Bowl","floor":20.0},{"not_picked":["Armaments","Flex"],"picked":"Warcry","floor":21.0},{"not_picked":["Wild Strike","Anger"],"picked":"Barricade","floor":23.0},{"not_picked":["Berserk","Dropkick"],"picked":"Disarm","floor":25.0},{"not_picked":["Seeing Red","Carnage"],"picked":"Shrug It Off","floor":27.0},{"not_picked":["Anger","Headbutt"],"picked":"Shrug It Off","floor":30.0},{"not_picked":["Brutality","Reaper"],"picked":"Offering","floor":33.0},{"not_picked":["Shockwave","Entrench+1"],"picked":"Corruption","floor":35.0},{"not_picked":["Clash","Spot Weakness"],"picked":"Ghostly Armor+1","floor":36.0},{"not_picked":["Body Slam","Armaments","Second Wind"],"picked":"Singing Bowl","floor":38.0},{"not_picked":["Rage","Thunderclap+1","Body Slam"],"picked":"Singing Bowl","floor":39.0},{"not_picked":["Clothesline","Rampage","Warcry+1"],"picked":"Singing Bowl","floor":44.0},{"not_picked":["Flame Barrier+1","Rupture"],"picked":"Entrench+1","floor":45.0},{"not_picked":["Metallicize","Sword Boomerang","Body Slam"],"picked":"Singing Bowl","floor":46.0},{"not_picked":["Inflame+1","Wild Strike","Thunderclap"],"picked":"Singing Bowl","floor":47.0},{"not_picked":["Berserk","Fire Breathing","Shockwave+1"],"picked":"Singing Bowl","floor":48.0}],"player_experience":1182687,"relics_obtained":[{"floor":9.0,"key":"Whetstone"},{"floor":10.0,"key":"Thread and Needle"},{"floor":12.0,"key":"Singing Bowl"},{"floor":23.0,"key":"Orichalcum"},{"floor":25.0,"key":"Meat on the Bone"},{"floor":26.0,"key":"Strawberry"},{"floor":45.0,"key":"Kunai"},{"floor":47.0,"key":"Toxic Egg 2"}],"event_choices":[{"damage_healed":0.0,"max_hp_gain":0.0,"max_hp_loss":0.0,"gold_gain":0.0,"event_name":"Liars Game","player_choice":"Ignored","floor":2.0,"gold_loss":0.0,"damage_taken":0.0},{"damage_healed":0.0,"max_hp_gain":0.0,"max_hp_loss":0.0,"gold_gain":0.0,"event_name":"Golden Idol","player_choice":"Take Damage","floor":4.0,"gold_loss":0.0,"damage_taken":26.0,"relics_obtained":["Golden Idol"]},{"damage_healed":0.0,"max_hp_gain":0.0,"max_hp_loss":0.0,"gold_gain":0.0,"event_name":"Match and Keep!","player_choice":"1 cards matched","floor":11.0,"gold_loss":0.0,"damage_taken":0.0,"cards_obtained":["Disarm"]},{"damage_healed":0.0,"max_hp_gain":0.0,"max_hp_loss":0.0,"gold_gain":0.0,"event_name":"The Library","player_choice":"Read","floor":28.0,"gold_loss":0.0,"damage_taken":0.0,"cards_obtained":["Shockwave"]},{"damage_healed":0.0,"max_hp_gain":0.0,"max_hp_loss":0.0,"gold_gain":0.0,"event_name":"Ghosts","player_choice":"Ignored","floor":31.0,"gold_loss":0.0,"damage_taken":0.0},{"damage_healed":0.0,"max_hp_gain":0.0,"max_hp_loss":0.0,"gold_gain":0.0,"event_name":"Match and Keep!","player_choice":"0 cards matched","floor":41.0,"gold_loss":0.0,"damage_taken":0.0,"cards_obtained":[]}],"is_beta":false,"boss_relics":[{"not_picked":["Eternal Feather","Coffee Dripper"],"picked":"Snecko Eye"},{"not_picked":["White Beast Statue","Pandora\u0027s Box"],"picked":"Empty Cage"}],"items_purged_floors":[7,22],"is_endless":false,"potions_floor_spawned":[3,5,10,20,23,25,27,30,35,36,38,39,46],"ascension_level":20}