{"gold_per_floor":[111,129,148,4,24,24,35,55,55,75,75,86,5,20,20,124,124,137,137,61,71,87,87,99,119,170,170,180,180,195,95,95,95],"floor_reached":33,"playtime":768,"items_purged":["Strike_R","Strike_R"],"score":247,"play_id":"d3b75154-5f56-43db-8462-1fe43da3f377","local_time":"20190216135436","is_ascension_mode":false,"campfire_choices":[{"data":"Inflame","floor":6,"key":"SMITH"},{"data":"Whirlwind","floor":11,"key":"SMITH"},{"data":"Spot Weakness","floor":15,"key":"SMITH"},{"data":"Heavy Blade","floor":23,"key":"SMITH"},{"data":"Immolate","floor":27,"key":"SMITH"},{"floor":29,"key":"REST"},{"floor":32,"key":"REST"}],"neow_cost":"NONE","seed_source_timestamp":244797881638155,"circlet_count":0,"master_deck":["Strike_R","Defend_R","Defend_R","Defend_R","Bash","Clothesline","Inflame+1","Cleave","Whirlwind+1","Sword Boomerang","Spot Weakness+1","Shrug It Off","Immolate+1","Reaper","Heavy Blade+1","Shrug It Off+1","Thunderclap+1"],"relics":["Burning Blood","Bird Faced Urn","Empty Cage","Vajra"],"potions_floor_usage":[16,16,21,28,30,33],"damage_taken":[{"damage":12,"enemies":"Small Slimes","floor":1,"turns":4},{"damage":4,"enemies":"Cultist","floor":2,"turns":3},{"damage":11,"enemies":"Jaw Worm","floor":3,"turns":2},{"damage":23,"enemies":"Large Slime","floor":5,"turns":4},{"damage":0,"enemies":"Gremlin Gang","floor":7,"turns":1},{"damage":12,"enemies":"Looter","floor":8,"turns":3},{"damage":8,"enemies":"Lots of Slimes","floor":10,"turns":2},{"damage":7,"enemies":"2 Fungi Beasts","floor":12,"turns":3},{"damage":13,"enemies":"Exordium Wildlife","floor":14,"turns":3},{"damage":25,"enemies":"Hexaghost","floor":16,"turns":6},{"damage":10,"enemies":"Chosen","floor":18,"turns":3},{"damage":18,"enemies":"Spheric Guardian","floor":21,"turns":4},{"damage":30,"enemies":"Snake Plant","floor":22,"turns":5},{"damage":25,"enemies":"Chosen and Byrds","floor":24,"turns":6},{"damage":20,"enemies":"Snecko","floor":25,"turns":4},{"damage":31,"enemies":"Snake Plant","floor":28,"turns":3},{"damage":33,"enemies":"Shelled Parasite and Fungi","floor":30,"turns":5},{"damage":78,"enemies":"Champ","floor":33,"turns":11}],"seed_played":"-2199989527567866755","potions_obtained":[{"floor":2,"key":"AttackPotion"},{"floor":3,"key":"Block Potion"},{"floor":5,"key":"AttackPotion"},{"floor":16,"key":"Poison Potion"},{"floor":21,"key":"GamblersBrew"},{"floor":24,"key":"Dexterity Potion"},{"floor":25,"key":"EssenceOfSteel"}],"is_trial":false,"path_per_floor":["M","M","M","$","M","R","M","M","T","M","R","M","$","M","R","B",null,"M","?","$","M","M","R","M","M","T","R","M","R","M","$","R","B"],"character_chosen":"IRONCLAD","items_purchased":["Whirlwind","Spot Weakness","Reaper"],"campfire_rested":2,"item_purchase_floors":[4,13,20],"current_hp_per_floor":[82,84,79,79,62,62,68,62,62,62,62,63,63,58,58,41,88,84,84,84,85,68,68,59,57,57,57,34,60,38,38,64,0],"gold":95,"neow_bonus":"TEN_PERCENT_HP_BONUS","is_prod":false,"is_daily":false,"chose_seed":false,"campfire_upgraded":5,"win_rate":0,"timestamp":1550325276,"path_taken":["M","M","M","$","M","R","M","M","T","M","R","M","$","M","R","BOSS","M","?","$","M","M","R","?","M","T","R","M","R","M","$","R","BOSS"],"build_version":"2019-01-23","purchased_purges":2,"victory":false,"max_hp_per_floor":[88,88,88,88,88,88,88,88,88,88,88,88,88,88,88,88,88,88,88,88,88,88,88,88,88,88,88,88,88,88,88,88,88],"card_choices":[{"not_picked":["True Grit","Entrench"],"picked":"Clothesline","floor":1},{"not_picked":["Intimidate","Iron Wave"],"picked":"Inflame","floor":2},{"not_picked":["Twin Strike","Clothesline"],"picked":"Cleave","floor":3},{"not_picked":["Perfected Strike","Clothesline"],"picked":"Sword Boomerang","floor":5},{"not_picked":["Twin Strike","Uppercut","Armaments"],"picked":"SKIP","floor":7},{"not_picked":["Twin Strike","Uppercut","Clash"],"picked":"SKIP","floor":8},{"not_picked":["Clothesline","Body Slam","Twin Strike"],"picked":"SKIP","floor":10},{"not_picked":["Impervious","Headbutt","Shrug It Off"],"picked":"SKIP","floor":12},{"not_picked":["Anger","Feel No Pain"],"picked":"Shrug It Off","floor":14},{"not_picked":["Reaper","Impervious"],"picked":"Immolate","floor":16},{"not_picked":["Fire Breathing+1","Flex","Iron Wave"],"picked":"SKIP","floor":18},{"not_picked":["Sword Boomerang","Clash+1"],"picked":"Heavy Blade","floor":21},{"not_picked":["Rage+1","Thunderclap","Whirlwind"],"picked":"SKIP","floor":22},{"not_picked":["Iron Wave+1","Feel No Pain"],"picked":"Shrug It Off+1","floor":24},{"not_picked":["Hemokinesis+1","Pommel Strike","Clash+1"],"picked":"SKIP","floor":25},{"not_picked":["True Grit","Body Slam"],"picked":"Thunderclap+1","floor":28},{"not_picked":["Thunderclap","Exhume","Power Through"],"picked":"SKIP","floor":30}],"player_experience":1134914,"relics_obtained":[{"floor":9,"key":"Bird Faced Urn"},{"floor":26,"key":"Vajra"}],"event_choices":[{"cards_removed":["Strike_R"],"damage_healed":0,"gold_gain":0,"player_choice":"Offered Basic","damage_taken":0,"max_hp_gain":0,"max_hp_loss":0,"event_name":"Bonfire Elementals","floor":19,"gold_loss":0}],"is_beta":false,"boss_relics":[{"not_picked":["Coffee Dripper","White Beast Statue"],"picked":"Empty Cage"}],"items_purged_floors":[4,31],"is_endless":false,"potions_floor_spawned":[2,3,5,16,21,24,25],"killed_by":"Champ","ascension_level":0}