{"gold_per_floor":[115,115,129,129,54,86,101,134,134,134,55,55,65,83,83,157,157,173,7,25,44,44],"floor_reached":22,"playtime":838,"items_purged":["Strike_R"],"score":442,"play_id":"b29ec1b8-db22-49fa-835b-49ac5ec93346","local_time":"20190221215813","is_ascension_mode":true,"campfire_choices":[{"data":"Immolate","floor":12,"key":"SMITH"},{"data":"Bash","floor":15,"key":"SMITH"}],"neow_cost":"NONE","seed_source_timestamp":705773186657061,"circlet_count":0,"master_deck":["AscendersBane","Strike_R","Strike_R","Strike_R","Defend_R","Defend_R","Defend_R","Defend_R","Bash+1","Inflame","Whirlwind+1","Disarm","Disarm","Disarm","Immolate+1","Shrug It Off","Offering"],"relics":["Burning Blood","NeowsBlessing","Matryoshka","Regal Pillow","Paper Frog","Bottled Flame","Black Star","Bronze Scales"],"potions_floor_usage":[8,8,21,22],"damage_taken":[{"damage":0,"enemies":"Small Slimes","floor":1,"turns":1},{"damage":0,"enemies":"Cultist","floor":3,"turns":1},{"damage":0,"enemies":"3 Sentries","floor":6,"turns":2},{"damage":5,"enemies":"2 Louse","floor":7,"turns":3},{"damage":24,"enemies":"Lagavulin","floor":8,"turns":6},{"damage":6,"enemies":"Exordium Wildlife","floor":13,"turns":2},{"damage":12,"enemies":"Looter","floor":14,"turns":4},{"damage":20,"enemies":"Hexaghost","floor":16,"turns":10},{"damage":17,"enemies":"Chosen","floor":18,"turns":5},{"damage":28,"enemies":"2 Thieves","floor":20,"turns":2},{"damage":20,"enemies":"Shelled Parasite and Fungi","floor":21,"turns":5},{"damage":21,"enemies":"Sentry and Sphere","floor":22,"turns":3}],"seed_played":"6610842441626335323","potions_obtained":[{"floor":1,"key":"Strength Potion"},{"floor":6,"key":"Weak Potion"},{"floor":14,"key":"Weak Potion"},{"floor":16,"key":"Dexterity Potion"}],"is_trial":false,"path_per_floor":["M","?","M","?","$","E","M","E","T","?","$","R","M","M","R","B",null,"M","$","M","M","M"],"character_chosen":"IRONCLAD","items_purchased":["Immolate","Bronze Scales"],"campfire_rested":0,"item_purchase_floors":[11,19],"current_hp_per_floor":[74,74,75,75,75,75,75,57,57,57,57,57,57,51,51,37,66,55,55,33,19,0],"gold":44,"neow_bonus":"THREE_ENEMY_KILL","is_prod":false,"is_daily":false,"chose_seed":false,"campfire_upgraded":2,"win_rate":0,"timestamp":1550786293,"path_taken":["M","?","?","?","?","E","M","E","T","?","?","R","M","M","R","BOSS","M","$","M","?","M"],"build_version":"2019-01-23","purchased_purges":1,"victory":false,"max_hp_per_floor":[75,75,75,75,75,75,75,75,75,75,75,75,75,75,75,75,75,75,75,75,75,75],"card_choices":[{"not_picked":["Burning Pact","True Grit","Havoc"],"picked":"SKIP","floor":1},{"not_picked":["Bloodletting","Seeing Red"],"picked":"Whirlwind","floor":3},{"not_picked":["Rampage","Heavy Blade"],"picked":"Disarm","floor":6},{"not_picked":["Battle Trance","Body Slam"],"picked":"Disarm","floor":7},{"not_picked":["Fire Breathing","Armaments"],"picked":"Disarm","floor":8},{"not_picked":["Havoc","Clothesline"],"picked":"Shrug It Off","floor":13},{"not_picked":["Reckless Charge","Fire Breathing","Pommel Strike"],"picked":"SKIP","floor":14},{"not_picked":["Berserk","Feed"],"picked":"Offering","floor":16},{"not_picked":["Searing Blow","Flex","Havoc+1"],"picked":"SKIP","floor":18},{"not_picked":["Twin Strike","Headbutt","Heavy Blade"],"picked":"SKIP","floor":20},{"not_picked":["Dual Wield","Anger","Entrench+1"],"picked":"SKIP","floor":21}],"player_experience":1158917,"relics_obtained":[{"floor":6,"key":"Matryoshka"},{"floor":8,"key":"Regal Pillow"},{"floor":9,"key":"Paper Frog"},{"floor":9,"key":"Bottled Flame"}],"event_choices":[{"damage_healed":0,"gold_gain":0,"cards_transformed":["Strike_R"],"player_choice":"Transformed","damage_taken":0,"max_hp_gain":0,"max_hp_loss":0,"event_name":"Transmorgrifier","floor":2,"gold_loss":0,"cards_obtained":["Inflame"]},{"damage_healed":0,"gold_gain":0,"player_choice":"Grow","damage_taken":0,"max_hp_gain":0,"max_hp_loss":0,"event_name":"Living Wall","floor":4,"gold_loss":0,"cards_upgraded":["Whirlwind"]},{"damage_healed":0,"gold_gain":0,"player_choice":"Ignored","damage_taken":0,"max_hp_gain":0,"max_hp_loss":0,"event_name":"Liars Game","floor":10,"gold_loss":0}],"is_beta":false,"boss_relics":[{"not_picked":["Astrolabe","Runic Cube"],"picked":"Black Star"}],"items_purged_floors":[5],"is_endless":false,"potions_floor_spawned":[1,6,14,16,20],"killed_by":"Sentry and Sphere","ascension_level":20}