{"gold_per_floor":[365,289,308,327,327,327,370,90,90,90],"floor_reached":10,"playtime":378,"items_purged":["Strike_R"],"score":132,"play_id":"75074fb6-2572-47e0-9152-835d7fe61a08","local_time":"20190221214403","is_ascension_mode":true,"campfire_choices":[{"data":"Rampage","floor":6,"key":"SMITH"}],"neow_cost":"PERCENT_DAMAGE","seed_source_timestamp":705383272578276,"circlet_count":0,"master_deck":["AscendersBane","Strike_R","Strike_R","Strike_R","Strike_R","Defend_R","Defend_R","Defend_R","Defend_R","Bash","Sword Boomerang","Rampage+1","Shrug It Off","Double Tap","Metallicize","Flame Barrier"],"relics":["Burning Blood","Golden Idol","Ice Cream","Magic Flower"],"potions_floor_usage":[7,10],"damage_taken":[{"damage":7,"enemies":"Cultist","floor":1,"turns":4},{"damage":4,"enemies":"Small Slimes","floor":3,"turns":4},{"damage":9,"enemies":"Jaw Worm","floor":4,"turns":4},{"damage":33,"enemies":"Lagavulin","floor":7,"turns":7},{"damage":39,"enemies":"Gremlin Nob","floor":10,"turns":4}],"seed_played":"-3624492103427406564","potions_obtained":[{"floor":4,"key":"FearPotion"},{"floor":7,"key":"SpeedPotion"}],"is_trial":false,"path_per_floor":["M","$","M","M","?","R","E","$","T","E"],"character_chosen":"IRONCLAD","items_purchased":["Rampage","Metallicize","Flame Barrier","EssenceOfSteel"],"campfire_rested":0,"item_purchase_floors":[2,8,8,8],"current_hp_per_floor":[49,49,51,48,48,48,21,21,21,0],"gold":90,"neow_bonus":"TWO_FIFTY_GOLD","is_prod":false,"is_daily":false,"chose_seed":false,"campfire_upgraded":1,"win_rate":0,"timestamp":1550785443,"path_taken":["M","?","M","M","?","R","E","$","T","E"],"build_version":"2019-01-23","purchased_purges":1,"victory":false,"max_hp_per_floor":[75,75,75,75,68,68,68,68,68,68],"card_choices":[{"not_picked":["Body Slam","Twin Strike"],"picked":"Sword Boomerang","floor":1},{"not_picked":["Rage","Searing Blow","Flex"],"picked":"SKIP","floor":3},{"not_picked":["Rupture","Anger"],"picked":"Shrug It Off","floor":4},{"not_picked":["Armaments","Battle Trance"],"picked":"Double Tap","floor":7}],"player_experience":1158539,"relics_obtained":[{"floor":7,"key":"Ice Cream"},{"floor":9,"key":"Magic Flower"}],"event_choices":[{"damage_healed":0,"gold_gain":0,"player_choice":"Lose Max HP","damage_taken":0,"relics_obtained":["Golden Idol"],"max_hp_gain":0,"max_hp_loss":7,"event_name":"Golden Idol","floor":5,"gold_loss":0}],"is_beta":false,"boss_relics":[],"items_purged_floors":[8],"is_endless":false,"potions_floor_spawned":[4,7],"killed_by":"Gremlin Nob","ascension_level":20}