{"gold_per_floor":[214,364,364,52,69,98,98,98,173,208,222,222,247,262,262,262],"floor_reached":16,"playtime":853,"items_purged":["Doubt"],"score":236,"play_id":"82946f0d-f9f3-4bf0-a4dd-c0220dd98c4d","local_time":"20190217094410","is_ascension_mode":true,"campfire_choices":[{"floor":7,"key":"REST"},{"data":"Combust","floor":12,"key":"SMITH"},{"floor":15,"key":"REST"}],"neow_cost":"NONE","seed_source_timestamp":316098995872766,"circlet_count":0,"master_deck":["AscendersBane","Strike_R","Strike_R","Strike_R","Strike_R","Strike_R","Defend_R","Defend_R","Defend_R","Defend_R","Bash+1","Combust+1","Headbutt","Inflame","Demon Form","Clothesline","Shockwave"],"relics":["Burning Blood","Pen Nib","Pantograph","Darkstone Periapt","Vajra","Omamori"],"potions_floor_usage":[10,14],"damage_taken":[{"damage":12,"enemies":"Cultist","floor":1,"turns":4},{"damage":22,"enemies":"Small Slimes","floor":5,"turns":4},{"damage":32,"enemies":"Gremlin Nob","floor":6,"turns":4},{"damage":35,"enemies":"3 Sentries","floor":10,"turns":6},{"damage":12,"enemies":"2 Louse","floor":11,"turns":3},{"damage":20,"enemies":"Lagavulin","floor":13,"turns":7},{"damage":22,"enemies":"Gremlin Gang","floor":14,"turns":6},{"damage":64,"enemies":"The Guardian","floor":16,"turns":9}],"seed_played":"-7032133968609724328","potions_obtained":[{"floor":6,"key":"Regen Potion"},{"floor":13,"key":"GamblersBrew"}],"is_trial":false,"path_per_floor":["M","?","?","$","M","E","R","?","T","E","M","R","E","M","R","B"],"character_chosen":"IRONCLAD","items_purchased":["Combust","Pen Nib"],"campfire_rested":2,"item_purchase_floors":[4,4],"current_hp_per_floor":[62,62,62,62,46,20,42,67,67,53,47,47,33,17,39,0],"gold":262,"neow_bonus":"HUNDRED_GOLD","is_prod":false,"is_daily":false,"chose_seed":false,"campfire_upgraded":1,"win_rate":0,"timestamp":1550396650,"path_taken":["M","?","?","$","M","E","R","?","T","E","M","R","E","M","R","BOSS"],"build_version":"2019-01-23","purchased_purges":1,"victory":false,"max_hp_per_floor":[75,75,75,75,75,75,75,75,75,75,75,75,75,75,75,75],"card_choices":[{"not_picked":["Thunderclap","Heavy Blade","Clash"],"picked":"SKIP","floor":1},{"not_picked":["Pommel Strike","Cleave"],"picked":"Headbutt","floor":5},{"not_picked":["Sever Soul","Armaments"],"picked":"Inflame","floor":6},{"not_picked":["Thunderclap","Cleave"],"picked":"Demon Form","floor":10},{"not_picked":["Reckless Charge","Fire Breathing"],"picked":"Clothesline","floor":11},{"not_picked":["Clash","Sever Soul"],"picked":"Shockwave","floor":13},{"not_picked":["Inflame","Warcry","Second Wind"],"picked":"SKIP","floor":14}],"player_experience":1138315,"relics_obtained":[{"floor":6,"key":"Pantograph"},{"floor":9,"key":"Darkstone Periapt"},{"floor":10,"key":"Vajra"},{"floor":13,"key":"Omamori"}],"event_choices":[{"damage_healed":0,"gold_gain":150,"player_choice":"AGREE","damage_taken":0,"max_hp_gain":0,"max_hp_loss":0,"event_name":"Liars Game","floor":2,"gold_loss":0,"cards_obtained":["Doubt"]},{"damage_healed":0,"gold_gain":0,"player_choice":"Grow","damage_taken":0,"max_hp_gain":0,"max_hp_loss":0,"event_name":"Living Wall","floor":3,"gold_loss":0,"cards_upgraded":["Bash"]},{"damage_healed":25,"gold_gain":0,"player_choice":"Banana","damage_taken":0,"max_hp_gain":0,"max_hp_loss":0,"event_name":"Big Fish","floor":8,"gold_loss":0}],"is_beta":false,"boss_relics":[],"items_purged_floors":[4],"is_endless":false,"potions_floor_spawned":[6,13],"killed_by":"The Guardian","ascension_level":20}