{"gold_per_floor":[209,225,225,250,250,250,288,288,288,288,311,152,167,198,198,297,297,322,302,118,118,118,118,118],"floor_reached":24,"playtime":1250,"items_purged":["Strike_R","Defend_R"],"score":454,"play_id":"1e588351-bce5-415a-b355-223e4ff368a4","local_time":"20190219221321","is_ascension_mode":true,"campfire_choices":[{"floor":6,"key":"REST"},{"data":"Bash","floor":10,"key":"SMITH"},{"floor":15,"key":"REST"},{"floor":23,"key":"REST"}],"neow_cost":"NONE","seed_source_timestamp":533468741501745,"circlet_count":0,"master_deck":["AscendersBane","Strike_R","Strike_R","Strike_R","Strike_R","Defend_R","Defend_R","Defend_R","Bash+1","Armaments","Headbutt","Battle Trance","Demon Form","Ghostly Armor","Disarm","Limit Break","Exhume","Flame Barrier"],"relics":["Burning Blood","Bloody Idol","Champion Belt","Juzu Bracelet","Prayer Wheel","Ancient Tea Set","Velvet Choker"],"potions_floor_usage":[7,16,18,24,24],"damage_taken":[{"damage":2,"enemies":"2 Louse","floor":1,"turns":4},{"damage":12,"enemies":"Jaw Worm","floor":2,"turns":3},{"damage":7,"enemies":"Cultist","floor":4,"turns":5},{"damage":0,"enemies":"3 Sentries","floor":7,"turns":2},{"damage":4,"enemies":"2 Fungi Beasts","floor":11,"turns":4},{"damage":6,"enemies":"Large Slime","floor":13,"turns":6},{"damage":38,"enemies":"Gremlin Nob","floor":14,"turns":5},{"damage":15,"enemies":"Slime Boss","floor":16,"turns":7},{"damage":32,"enemies":"Shell Parasite","floor":18,"turns":6},{"damage":82,"enemies":"Slavers","floor":24,"turns":6}],"seed_played":"4478220994139024388","potions_obtained":[{"floor":1,"key":"Energy Potion"},{"floor":2,"key":"AttackPotion"},{"floor":7,"key":"Weak Potion"},{"floor":19,"key":"GamblersBrew"}],"is_trial":false,"path_per_floor":["M","M","?","M","?","R","E","$","T","R","M","$","M","E","R","B",null,"M","?","$","?","?","R","E"],"character_chosen":"IRONCLAD","items_purchased":["Ghostly Armor","Regen Potion"],"campfire_rested":3,"item_purchase_floors":[12,20],"current_hp_per_floor":[72,66,40,39,21,43,49,49,49,49,51,51,51,19,41,32,64,38,38,38,38,38,60,0],"gold":118,"neow_bonus":"HUNDRED_GOLD","is_prod":false,"is_daily":false,"chose_seed":false,"campfire_upgraded":1,"win_rate":0,"timestamp":1550614401,"path_taken":["M","M","?","M","?","R","E","$","T","R","M","$","M","E","R","BOSS","M","?","$","?","?","R","E"],"build_version":"2019-01-23","purchased_purges":2,"victory":false,"max_hp_per_floor":[75,75,75,75,75,75,75,75,75,75,75,75,75,75,75,75,75,75,75,75,75,75,75,75],"card_choices":[{"not_picked":["Dropkick","Rage","Perfected Strike"],"picked":"SKIP","floor":1},{"not_picked":["Flex","Thunderclap"],"picked":"Armaments","floor":2},{"not_picked":["Iron Wave","Whirlwind"],"picked":"Headbutt","floor":4},{"not_picked":["Twin Strike","True Grit"],"picked":"Battle Trance","floor":7},{"not_picked":["Cleave","Dual Wield"],"picked":"Demon Form","floor":11},{"not_picked":["Body Slam","Warcry","Sword Boomerang"],"picked":"SKIP","floor":11},{"not_picked":["Thunderclap","Ghostly Armor"],"picked":"Disarm","floor":13},{"not_picked":["Shockwave","Perfected Strike"],"picked":"Limit Break","floor":13},{"not_picked":["Pommel Strike","Wild Strike","Searing Blow"],"picked":"SKIP","floor":14},{"not_picked":["Berserk","Juggernaut"],"picked":"Exhume","floor":16},{"not_picked":["Shockwave","Warcry"],"picked":"Flame Barrier","floor":18},{"not_picked":["Intimidate","Body Slam","Dropkick"],"picked":"SKIP","floor":18}],"player_experience":1154337,"relics_obtained":[{"floor":7,"key":"Juzu Bracelet"},{"floor":9,"key":"Prayer Wheel"},{"floor":14,"key":"Ancient Tea Set"}],"event_choices":[{"damage_healed":0,"gold_gain":0,"player_choice":"Take Damage","damage_taken":26,"relics_obtained":["Golden Idol"],"max_hp_gain":0,"max_hp_loss":0,"event_name":"Golden Idol","floor":3,"gold_loss":0},{"damage_healed":0,"gold_gain":0,"player_choice":"Success","damage_taken":18,"relics_obtained":["Champion Belt"],"max_hp_gain":0,"max_hp_loss":0,"event_name":"Scrap Ooze","floor":5,"gold_loss":0},{"damage_healed":0,"gold_gain":0,"player_choice":"Bought 1 Potion","damage_taken":0,"max_hp_gain":0,"max_hp_loss":0,"event_name":"The Woman in Blue","floor":19,"gold_loss":0},{"damage_healed":0,"gold_gain":0,"player_choice":"Ignored","damage_taken":0,"max_hp_gain":0,"max_hp_loss":0,"event_name":"Vampires","floor":21,"gold_loss":0},{"damage_healed":0,"gold_gain":0,"player_choice":"Gave Idol","damage_taken":0,"relics_obtained":["Bloody Idol"],"max_hp_gain":0,"max_hp_loss":0,"event_name":"Forgotten Altar","floor":22,"relics_lost":["Golden Idol"],"gold_loss":0}],"is_beta":false,"boss_relics":[{"not_picked":["Lizard Tail","Mark of Pain"],"picked":"Velvet Choker"}],"items_purged_floors":[12,20],"is_endless":false,"potions_floor_spawned":[1,2,7],"killed_by":"Slavers","ascension_level":20}