{"gold_per_floor":[11,11,11,29,50,85,85,129,156,171,186,207,207,228,228,326,326,349,370,295,318,318,318,35,35,35,58,58,89,89,89,89,187,187,202,215,231,231,356,356,381,381,449,449],"floor_reached":44,"playtime":1916,"items_purged":[],"score":880,"play_id":"366296e0-43f7-40a5-ac75-662239d68764","local_time":"20190222203638","is_ascension_mode":true,"campfire_choices":[{"floor":7.0,"key":"REST"},{"data":"Uppercut","floor":13.0,"key":"SMITH"},{"data":"Immolate","floor":15.0,"key":"SMITH"},{"data":"Flame Barrier","floor":23.0,"key":"SMITH"},{"floor":25.0,"key":"REST"},{"data":"Inflame","floor":30.0,"key":"SMITH"},{"floor":32.0,"key":"REST"},{"floor":40,"key":"REST"}],"neow_cost":"NO_GOLD","seed_source_timestamp":0,"circlet_count":0,"master_deck":["AscendersBane","Defend_R","Defend_R","Defend_R","Defend_R","Bash","Pommel Strike","Reckless Charge","Clothesline","Anger","Uppercut+1","Shrug It Off","Flame Barrier+1","Immolate+1","Inflame+1","Offering","Seeing Red+1","Inflame","Armaments+1","Necronomicurse","Reaper","Shrug It Off","Inflame+1","True Grit","Flame Barrier+1","Sword Boomerang","Shame"],"special_seed":0,"relics":["Burning Blood","Golden Idol","Anchor","Happy Flower","PreservedInsect","Cursed Key","Pantograph","Necronomicon","Smiling Mask","Mark of Pain","Prayer Wheel"],"potions_floor_usage":[37,41],"damage_taken":[{"damage":0.0,"enemies":"2 Louse","floor":1.0,"turns":2.0},{"damage":7.0,"enemies":"Jaw Worm","floor":4.0,"turns":3.0},{"damage":0.0,"enemies":"Cultist","floor":5.0,"turns":3.0},{"damage":27.0,"enemies":"3 Sentries","floor":6.0,"turns":7.0},{"damage":22.0,"enemies":"Lagavulin","floor":8.0,"turns":4.0},{"damage":9.0,"enemies":"Lots of Slimes","floor":10.0,"turns":4.0},{"damage":0.0,"enemies":"Looter","floor":11.0,"turns":2.0},{"damage":10.0,"enemies":"3 Louse","floor":12.0,"turns":3.0},{"damage":0.0,"enemies":"Gremlin Gang","floor":14.0,"turns":2.0},{"damage":12.0,"enemies":"Slime Boss","floor":16.0,"turns":10.0},{"damage":6.0,"enemies":"3 Byrds","floor":18.0,"turns":4.0},{"damage":9.0,"enemies":"2 Thieves","floor":19.0,"turns":2.0},{"damage":31.0,"enemies":"Shelled Parasite and Fungi","floor":21.0,"turns":4.0},{"damage":4.0,"enemies":"Centurion and Healer","floor":27.0,"turns":4.0},{"damage":3.0,"enemies":"Slavers","floor":29.0,"turns":2.0},{"damage":38.0,"enemies":"Collector","floor":33.0,"turns":7.0},{"damage":0,"enemies":"3 Shapes","floor":35,"turns":1},{"damage":60,"enemies":"3 Darklings","floor":36,"turns":8},{"damage":54,"enemies":"Spire Growth","floor":37,"turns":5},{"damage":20,"enemies":"Mind Bloom Boss Battle","floor":39,"turns":4},{"damage":19,"enemies":"Transient","floor":41,"turns":6},{"damage":61,"enemies":"Nemesis","floor":44,"turns":4}],"seed_played":"-7684684116185914765","potions_obtained":[{"floor":4.0,"key":"Strength Potion"},{"floor":6.0,"key":"SteroidPotion"},{"floor":11.0,"key":"Regen Potion"},{"floor":12.0,"key":"Dexterity Potion"},{"floor":37,"key":"Fire Potion"},{"floor":41,"key":"Weak Potion"}],"is_trial":false,"path_per_floor":["M","?","?","M","M","E","R","E","T","M","M","M","R","M","R","B",null,"M","M","?","M","?","R","$","R","T","M","?","E","R","?","R","B",null,"M","M","M","?","?","R","M","?","T","E"],"character_chosen":"IRONCLAD","items_purchased":["Pantograph"],"campfire_rested":4,"item_purchase_floors":[24],"current_hp_per_floor":[74,48,48,47,53,32,54,38,38,35,41,37,37,43,43,37,66,66,63,63,38,38,38,38,60,60,62,41,44,44,44,66,43,67,73,39,14,14,39,60,61,61,61,0],"gold":449,"neow_bonus":"TRANSFORM_TWO_CARDS","is_prod":false,"is_daily":false,"chose_seed":false,"campfire_upgraded":4,"win_rate":0,"timestamp":1550867798,"path_taken":["M","?","?","M","M","E","R","E","T","?","M","M","R","M","R","BOSS","M","?","?","M","?","R","$","R","T","M","?","E","R","?","R","BOSS","M","M","?","?","?","R","M","?","T","E"],"build_version":"2019-01-23","purchased_purges":0,"victory":false,"max_hp_per_floor":[75,75,75,75,75,75,75,75,75,75,75,75,75,75,75,75,75,75,75,75,75,75,75,75,75,75,75,75,75,75,75,75,75,75,75,75,75,71,71,71,71,71,71,71],"card_choices":[{"not_picked":["Iron Wave","Warcry"],"picked":"Clothesline","floor":1.0},{"not_picked":["Flex","Thunderclap"],"picked":"Anger","floor":4.0},{"not_picked":["Heavy Blade","Rupture"],"picked":"Uppercut","floor":5.0},{"not_picked":["Hemokinesis","Thunderclap"],"picked":"Shrug It Off","floor":6.0},{"not_picked":["Headbutt","Warcry"],"picked":"Flame Barrier","floor":8.0},{"not_picked":["Entrench","Sword Boomerang"],"picked":"Immolate","floor":10.0},{"not_picked":["Iron Wave","Body Slam","Flex"],"picked":"SKIP","floor":11.0},{"not_picked":["Body Slam","Sword Boomerang","Entrench"],"picked":"SKIP","floor":12.0},{"not_picked":["Wild Strike","Clothesline"],"picked":"Inflame","floor":14.0},{"not_picked":["Demon Form","Barricade"],"picked":"Offering","floor":16.0},{"not_picked":["Sever Soul","Havoc","Rampage"],"picked":"SKIP","floor":18.0},{"not_picked":["Clash","Searing Blow"],"picked":"Seeing Red+1","floor":19.0},{"not_picked":["True Grit","Clothesline+1"],"picked":"Inflame","floor":21.0},{"not_picked":["Spot Weakness+1","Iron Wave+1"],"picked":"Armaments+1","floor":27.0},{"not_picked":["Twin Strike","Armaments","Fiend Fire"],"picked":"SKIP","floor":29.0},{"not_picked":["Limit Break","Double Tap"],"picked":"Reaper","floor":33.0},{"not_picked":["Rupture","Body Slam+1"],"picked":"Shrug It Off","floor":35},{"not_picked":["Body Slam","Armaments+1","Havoc+1"],"picked":"SKIP","floor":36},{"not_picked":["Uppercut+1","Flex"],"picked":"Inflame+1","floor":37},{"not_picked":["Flex","Bludgeon"],"picked":"True Grit","floor":39},{"not_picked":["True Grit","Fire Breathing"],"picked":"Flame Barrier+1","floor":41},{"not_picked":["Headbutt","Reckless Charge","Feel No Pain"],"picked":"SKIP","floor":41}],"player_experience":1165112,"relics_obtained":[{"floor":6.0,"key":"Anchor"},{"floor":8.0,"key":"Happy Flower"},{"floor":9.0,"key":"PreservedInsect"},{"floor":28.0,"key":"Necronomicon"},{"floor":29.0,"key":"Smiling Mask"},{"floor":39,"key":"Prayer Wheel"}],"event_choices":[{"damage_healed":0.0,"max_hp_gain":0.0,"max_hp_loss":0.0,"gold_gain":0.0,"event_name":"Golden Idol","player_choice":"Take Damage","floor":2.0,"gold_loss":0.0,"damage_taken":26.0,"relics_obtained":["Golden Idol"]},{"cards_removed":["Strike_R"],"damage_healed":0.0,"max_hp_gain":0.0,"max_hp_loss":0.0,"gold_gain":0.0,"event_name":"Purifier","player_choice":"Purged","floor":3.0,"gold_loss":0.0,"damage_taken":0.0},{"cards_removed":["Strike_R"],"damage_healed":0.0,"max_hp_gain":0.0,"max_hp_loss":0.0,"gold_gain":0.0,"event_name":"Beggar","player_choice":"Gave Gold","floor":20.0,"gold_loss":75.0,"damage_taken":0.0},{"damage_healed":0.0,"max_hp_gain":0.0,"max_hp_loss":0.0,"gold_gain":0.0,"event_name":"Cursed Tome","player_choice":"Obtained Book","floor":28.0,"gold_loss":0.0,"damage_taken":21.0},{"damage_healed":0.0,"max_hp_gain":0.0,"max_hp_loss":0.0,"gold_gain":0.0,"event_name":"FaceTrader","player_choice":"Leave","floor":31.0,"gold_loss":0.0,"damage_taken":0.0},{"damage_healed":0,"gold_gain":0,"player_choice":"Max HP","damage_taken":0,"max_hp_gain":0,"max_hp_loss":4,"event_name":"Winding Halls","floor":38,"gold_loss":0},{"damage_healed":0,"gold_gain":0,"player_choice":"Fight","damage_taken":0,"max_hp_gain":0,"max_hp_loss":0,"event_name":"MindBloom","floor":39,"gold_loss":0},{"damage_healed":0,"gold_gain":0,"cards_transformed":["Strike_R"],"player_choice":"Transformed","damage_taken":0,"max_hp_gain":0,"max_hp_loss":0,"event_name":"Transmorgrifier","floor":42,"gold_loss":0,"cards_obtained":["Sword Boomerang"]}],"is_beta":false,"boss_relics":[{"not_picked":["Runic Dome","Black Blood"],"picked":"Cursed Key"},{"not_picked":["Astrolabe","Black Star"],"picked":"Mark of Pain"}],"items_purged_floors":[],"is_endless":false,"potions_floor_spawned":[4,6,11,12,18,29,33,35,37,41],"killed_by":"Nemesis","ascension_level":20}