{"gold_per_floor":[218,234,384,394,319,319,344,23,23,84,103,103,115,15,15,92,92,109,119,119,119,138,138,171,171,171,171,171,181,181,194,194,265,265,283,302,314,314,324,324],"floor_reached":40,"playtime":6643,"items_purged":["Strike_R"],"score":911,"play_id":"469b9d35-54e2-4f2f-903d-cfe02c262b32","local_time":"20190217223347","is_ascension_mode":true,"campfire_choices":[{"data":"Bash","floor":6.0,"key":"SMITH"},{"data":"Clothesline","floor":12.0,"key":"SMITH"},{"data":"Shrug It Off","floor":15.0,"key":"SMITH"},{"floor":23.0,"key":"REST"},{"data":"Flame Barrier","floor":25.0,"key":"SMITH"},{"data":"Brutality","floor":28.0,"key":"SMITH"},{"data":"Corruption","floor":30.0,"key":"SMITH"},{"data":"Disarm","floor":32,"key":"SMITH"}],"neow_cost":"NONE","seed_source_timestamp":356469892047601,"circlet_count":0,"master_deck":["AscendersBane","Strike_R","Strike_R","Strike_R","Strike_R","Defend_R","Defend_R","Defend_R","Defend_R","Bash+1","Anger","Clothesline+1","Battle Trance","Dropkick","Feed","Corruption+1","Shrug It Off+1","Impervious","Brutality+1","Flame Barrier+1","Disarm+1","Offering","Rupture+1","Sentinel","Pain"],"special_seed":0,"relics":["Burning Blood","Pantograph","Shuriken","Meat on the Bone","Tiny Chest","Cursed Key","Nilry\u0027s Codex","Thread and Needle","Question Card","Fusion Hammer","FossilizedHelix"],"potions_floor_usage":[33,39,40],"damage_taken":[{"damage":10.0,"enemies":"Small Slimes","floor":1.0,"turns":4.0},{"damage":7.0,"enemies":"2 Louse","floor":2.0,"turns":2.0},{"damage":0.0,"enemies":"Cultist","floor":4.0,"turns":2.0},{"damage":41.0,"enemies":"3 Sentries","floor":7.0,"turns":9.0},{"damage":8.0,"enemies":"Gremlin Nob","floor":10.0,"turns":3.0},{"damage":0.0,"enemies":"Large Slime","floor":11.0,"turns":4.0},{"damage":15.0,"enemies":"Exordium Wildlife","floor":13.0,"turns":5.0},{"damage":36.0,"enemies":"The Guardian","floor":16.0,"turns":9.0},{"damage":0.0,"enemies":"3 Byrds","floor":18.0,"turns":5.0},{"damage":17.0,"enemies":"Chosen","floor":19.0,"turns":5.0},{"damage":31.0,"enemies":"3 Cultists","floor":22.0,"turns":5.0},{"damage":5.0,"enemies":"Gremlin Leader","floor":24.0,"turns":6.0},{"damage":5.0,"enemies":"Cultist and Chosen","floor":29.0,"turns":6.0},{"damage":19.0,"enemies":"Snake Plant","floor":31.0,"turns":5.0},{"damage":68,"enemies":"Automaton","floor":33,"turns":9},{"damage":31,"enemies":"3 Darklings","floor":35,"turns":7},{"damage":16,"enemies":"3 Shapes","floor":36,"turns":5},{"damage":28,"enemies":"Maw","floor":37,"turns":6},{"damage":17,"enemies":"Transient","floor":39,"turns":6},{"damage":53,"enemies":"Nemesis","floor":40,"turns":5}],"seed_played":"2418906915446270028","potions_obtained":[{"floor":2.0,"key":"SkillPotion"},{"floor":11.0,"key":"FearPotion"},{"floor":13.0,"key":"Fire Potion"},{"floor":22.0,"key":"Fire Potion"},{"floor":29.0,"key":"Fire Potion"},{"floor":33,"key":"SneckoOil"},{"floor":35,"key":"Swift Potion"}],"is_trial":false,"path_per_floor":["M","M","?","M","?","R","E","$","T","E","M","R","M","$","R","B",null,"M","M","?","?","M","R","E","R","T","?","R","M","R","M","R","B",null,"M","M","M","T","M","E"],"character_chosen":"IRONCLAD","items_purchased":["Shuriken","Dropkick","Shrug It Off"],"campfire_rested":1,"item_purchase_floors":[8,8,14],"current_hp_per_floor":[64,63,63,69,69,69,34,34,34,44,53,53,47,47,47,54,74,80,72,72,51,41,67,68,68,68,68,68,75,75,62,62,37,79,54,59,49,49,50,0],"gold":324,"neow_bonus":"HUNDRED_GOLD","is_prod":false,"is_daily":false,"chose_seed":false,"campfire_upgraded":7,"win_rate":0,"timestamp":1550442827,"path_taken":["M","M","?","M","?","R","E","$","T","E","M","R","M","$","R","BOSS","M","M","?","?","M","R","E","R","T","?","R","M","R","M","R","BOSS","M","M","M","?","M","E"],"build_version":"2019-01-23","purchased_purges":1,"victory":false,"max_hp_per_floor":[75,75,75,75,75,75,75,75,75,75,78,78,81,81,81,81,81,81,84,84,84,87,87,87,87,87,87,87,93,93,93,93,93,93,93,96,96,96,96,96],"card_choices":[{"not_picked":["Havoc","Heavy Blade"],"picked":"Anger","floor":1.0},{"not_picked":["Body Slam","Thunderclap"],"picked":"Clothesline","floor":2.0},{"not_picked":["Clothesline","Thunderclap"],"picked":"Battle Trance","floor":4.0},{"not_picked":["Blood for Blood","Searing Blow","Wild Strike"],"picked":"SKIP","floor":7.0},{"not_picked":["Power Through","Rampage"],"picked":"Feed","floor":10.0},{"not_picked":["Cleave","True Grit"],"picked":"Corruption","floor":11.0},{"not_picked":["Anger","Sword Boomerang","Thunderclap"],"picked":"SKIP","floor":13.0},{"not_picked":["Double Tap","Reaper"],"picked":"Impervious","floor":16.0},{"not_picked":["Warcry","Clash","Havoc"],"picked":"SKIP","floor":18.0},{"not_picked":["Wild Strike","Heavy Blade+1","Rupture"],"picked":"SKIP","floor":19.0},{"not_picked":["Clothesline","Dropkick"],"picked":"Flame Barrier","floor":22.0},{"not_picked":["Sever Soul","Sword Boomerang","Entrench"],"picked":"SKIP","floor":24.0},{"not_picked":["Twin Strike","Clothesline+1","Seeing Red","Dropkick+1"],"picked":"SKIP","floor":29.0},{"not_picked":["Armaments","Sever Soul","Shockwave"],"picked":"Disarm","floor":31.0},{"not_picked":["Fiend Fire","Double Tap","Berserk"],"picked":"Offering","floor":33},{"not_picked":["Pommel Strike","Burning Pact","Iron Wave"],"picked":"Rupture+1","floor":35},{"not_picked":["Anger","Heavy Blade","Searing Blow+1","Battle Trance+1"],"picked":"SKIP","floor":36},{"not_picked":["Whirlwind","Ghostly Armor","Thunderclap+1"],"picked":"Sentinel","floor":37},{"not_picked":["Twin Strike","Intimidate","Clothesline","Thunderclap"],"picked":"SKIP","floor":39}],"player_experience":1145053,"relics_obtained":[{"floor":7.0,"key":"Pantograph"},{"floor":9.0,"key":"Meat on the Bone"},{"floor":10.0,"key":"Tiny Chest"},{"floor":21.0,"key":"Nilry\u0027s Codex"},{"floor":24.0,"key":"Thread and Needle"},{"floor":26.0,"key":"Question Card"},{"floor":38,"key":"FossilizedHelix"}],"event_choices":[{"damage_healed":0.0,"max_hp_gain":0.0,"max_hp_loss":0.0,"gold_gain":150.0,"event_name":"Liars Game","player_choice":"AGREE","floor":3.0,"gold_loss":0.0,"damage_taken":0.0,"cards_obtained":["Doubt"]},{"cards_removed":["Doubt"],"damage_healed":0.0,"max_hp_gain":0.0,"max_hp_loss":0.0,"gold_gain":0.0,"event_name":"The Cleric","player_choice":"Card Removal","floor":5.0,"gold_loss":75.0,"damage_taken":0.0},{"damage_healed":0.0,"max_hp_gain":0.0,"max_hp_loss":0.0,"gold_gain":0.0,"event_name":"The Library","player_choice":"Read","floor":20.0,"gold_loss":0.0,"damage_taken":0.0,"cards_obtained":["Brutality"]},{"damage_healed":0.0,"max_hp_gain":0.0,"max_hp_loss":0.0,"gold_gain":0.0,"event_name":"Cursed Tome","player_choice":"Obtained Book","floor":21.0,"gold_loss":0.0,"damage_taken":21.0},{"cards_removed":["Decay"],"damage_healed":0.0,"max_hp_gain":0.0,"max_hp_loss":0.0,"gold_gain":0.0,"event_name":"Wheel of Change","player_choice":"Card Removal","floor":27.0,"gold_loss":0.0,"damage_taken":0.0}],"is_beta":false,"boss_relics":[{"not_picked":["Runic Pyramid","Busted Crown"],"picked":"Cursed Key"},{"not_picked":["Calling Bell","Black Star"],"picked":"Fusion Hammer"}],"items_purged_floors":[14],"is_endless":false,"potions_floor_spawned":[2,11,13,22,29,33,35],"killed_by":"Nemesis","ascension_level":20}