{"gold_per_floor":[119,119,137,70,82,82,114,114,114,146,71,91,91,110,110,208,208,222,21,38,38,53,53,67,67,92,92,112,127,161,161,161,256,306,325,325,325,335,354,382,382,402,426,451,32,32,32,44,44,44],"floor_reached":51,"playtime":1595,"items_purged":["Defend_R","Strike_R"],"score":812,"play_id":"6b72703a-0fff-4837-8490-691f34601934","local_time":"20190216142508","is_ascension_mode":false,"campfire_choices":[{"data":"Uppercut","floor":6,"key":"SMITH"},{"data":"Cleave","floor":8,"key":"SMITH"},{"data":"Flex","floor":13,"key":"SMITH"},{"data":"Bash","floor":15,"key":"SMITH"},{"data":"Reaper","floor":23,"key":"SMITH"},{"data":"Shrug It Off","floor":27,"key":"SMITH"},{"data":"Cleave","floor":32,"key":"SMITH"},{"floor":41,"key":"REST"},{"floor":46,"key":"REST"},{"data":"Inflame","floor":49,"key":"SMITH"}],"neow_cost":"NONE","seed_source_timestamp":245773044169034,"circlet_count":0,"master_deck":["Strike_R","Strike_R+1","Defend_R","Bash+1","Flex+1","Cleave+1","Uppercut+1","Reaper+1","Ghostly Armor+1","Feel No Pain+1","Reckless Charge+1","Cleave+1","Shrug It Off+1","Shrug It Off+1","Spot Weakness+1","Offering+1","Heavy Blade+1","Parasite","Feed","Inflame+1","Spot Weakness","Heavy Blade+1"],"relics":["Burning Blood","Self Forming Clay","Anchor","Pear","Astrolabe","Vajra","Nilry\u0027s Codex","Bag of Preparation","Matryoshka","Tiny House","Nunchaku","Strawberry","Red Skull","Pen Nib","Pantograph"],"potions_floor_usage":[10,16,20,30,33,33,40,50,50,50,50],"damage_taken":[{"damage":13,"enemies":"Jaw Worm","floor":1,"turns":3},{"damage":1,"enemies":"Cultist","floor":3,"turns":3},{"damage":4,"enemies":"2 Louse","floor":5,"turns":3},{"damage":30,"enemies":"3 Sentries","floor":7,"turns":8},{"damage":27,"enemies":"Lagavulin","floor":10,"turns":5},{"damage":0,"enemies":"Looter","floor":12,"turns":2},{"damage":4,"enemies":"Exordium Thugs","floor":14,"turns":3},{"damage":38,"enemies":"The Guardian","floor":16,"turns":9},{"damage":9,"enemies":"3 Byrds","floor":18,"turns":5},{"damage":10,"enemies":"Spheric Guardian","floor":20,"turns":4},{"damage":14,"enemies":"Shelled Parasite and Fungi","floor":22,"turns":3},{"damage":10,"enemies":"Centurion and Healer","floor":24,"turns":4},{"damage":10,"enemies":"Snake Plant","floor":28,"turns":4},{"damage":18,"enemies":"3 Cultists","floor":29,"turns":4},{"damage":18,"enemies":"Slavers","floor":30,"turns":5},{"damage":86,"enemies":"Collector","floor":33,"turns":11},{"damage":19,"enemies":"Orb Walker","floor":35,"turns":3},{"damage":0,"enemies":"3 Shapes","floor":38,"turns":4},{"damage":6,"enemies":"Writhing Mass","floor":39,"turns":3},{"damage":110,"enemies":"Giant Head","floor":40,"turns":10},{"damage":28,"enemies":"Spire Growth","floor":42,"turns":5},{"damage":25,"enemies":"Reptomancer","floor":44,"turns":3},{"damage":38,"enemies":"Maw","floor":48,"turns":7},{"damage":72,"enemies":"Awakened One","floor":50,"turns":8}],"seed_played":"1789230831226517459","potions_obtained":[{"floor":3,"key":"GamblersBrew"},{"floor":5,"key":"SneckoOil"},{"floor":7,"key":"FearPotion"},{"floor":12,"key":"LiquidBronze"},{"floor":18,"key":"AttackPotion"},{"floor":22,"key":"SteroidPotion"},{"floor":29,"key":"Weak Potion"},{"floor":33,"key":"EssenceOfSteel"},{"floor":34,"key":"FairyPotion"},{"floor":35,"key":"Ancient Potion"},{"floor":42,"key":"SpeedPotion"},{"floor":44,"key":"EntropicBrew"},{"floor":48,"key":"AttackPotion"}],"is_trial":false,"path_per_floor":["M","?","M","$","M","R","E","R","T","E","$","M","R","M","R","B",null,"M","$","M","?","M","R","M","$","T","R","M","M","E","?","R","B",null,"M","?","?","M","M","E","R","M","T","E","$","R","?","M","R","B",null],"character_chosen":"IRONCLAD","items_purchased":["Uppercut","Vajra","Shrug It Off","Pantograph","Spot Weakness"],"campfire_rested":2,"item_purchase_floors":[4,19,19,45,45],"current_hp_per_floor":[81,81,86,86,88,88,64,64,64,53,53,59,59,61,61,29,98,95,95,98,82,74,74,85,85,85,85,81,69,65,97,97,18,103,90,90,90,103,103,15,45,38,45,54,54,87,87,110,110,61],"gold":44,"neow_bonus":"TEN_PERCENT_HP_BONUS","is_prod":false,"is_daily":false,"chose_seed":false,"campfire_upgraded":8,"win_rate":0,"timestamp":1550327108,"path_taken":["M","?","M","$","M","R","E","R","T","E","$","M","R","?","R","BOSS","M","$","M","?","M","R","M","$","T","R","M","M","E","?","R","BOSS","M","?","?","M","?","E","R","M","T","E","$","R","?","M","R","BOSS"],"build_version":"2019-01-23","purchased_purges":2,"victory":true,"max_hp_per_floor":[88,88,88,88,88,88,88,88,88,98,98,98,98,98,98,98,98,98,98,98,98,98,98,98,98,98,98,98,98,98,98,98,98,103,103,103,103,103,103,103,103,103,110,110,110,110,110,110,110,110],"card_choices":[{"not_picked":["Heavy Blade","Flame Barrier"],"picked":"Flex","floor":1},{"not_picked":["Bloodletting","Clash"],"picked":"Cleave","floor":3},{"not_picked":["Anger","Flex","Dropkick"],"picked":"SKIP","floor":5},{"not_picked":["Warcry","Body Slam","Demon Form"],"picked":"SKIP","floor":7},{"not_picked":["Flame Barrier","Rupture","Burning Pact"],"picked":"SKIP","floor":10},{"not_picked":["Entrench","Headbutt","Pommel Strike"],"picked":"SKIP","floor":12},{"not_picked":["Clothesline","Pummel","Entrench"],"picked":"SKIP","floor":14},{"not_picked":["Exhume","Dark Embrace"],"picked":"Reaper","floor":16},{"not_picked":["Anger","Flex"],"picked":"Cleave","floor":18},{"not_picked":["Armaments","Whirlwind","Sword Boomerang+1"],"picked":"SKIP","floor":20},{"not_picked":["Reckless Charge","Flex","Heavy Blade+1"],"picked":"SKIP","floor":22},{"not_picked":["Iron Wave+1","Sword Boomerang","Heavy Blade"],"picked":"SKIP","floor":24},{"not_picked":["Berserk","Flame Barrier"],"picked":"Shrug It Off+1","floor":28},{"not_picked":["Burning Pact","Shrug It Off","Ghostly Armor"],"picked":"SKIP","floor":29},{"not_picked":["Metallicize","Blood for Blood"],"picked":"Spot Weakness+1","floor":30},{"not_picked":["Immolate","Limit Break"],"picked":"Offering","floor":33},{"not_picked":["Havoc","Carnage"],"picked":"Heavy Blade+1","floor":34},{"not_picked":["Twin Strike","Cleave","Headbutt"],"picked":"SKIP","floor":35},{"not_picked":["Clash","Cleave+1","Clothesline"],"picked":"SKIP","floor":38},{"not_picked":["Carnage+1","Cleave","Pommel Strike+1"],"picked":"SKIP","floor":39},{"not_picked":["Perfected Strike+1","Sword Boomerang"],"picked":"Feed","floor":40},{"not_picked":["Headbutt","Combust+1"],"picked":"Inflame","floor":42},{"not_picked":["Seeing Red","Whirlwind","Pummel+1"],"picked":"SKIP","floor":44},{"not_picked":["Dropkick+1","Sword Boomerang"],"picked":"Heavy Blade+1","floor":48}],"player_experience":1135682,"relics_obtained":[{"floor":7,"key":"Self Forming Clay"},{"floor":9,"key":"Anchor"},{"floor":10,"key":"Pear"},{"floor":21,"key":"Nilry\u0027s Codex"},{"floor":26,"key":"Bag of Preparation"},{"floor":30,"key":"Matryoshka"},{"floor":40,"key":"Nunchaku"},{"floor":43,"key":"Strawberry"},{"floor":43,"key":"Red Skull"},{"floor":44,"key":"Pen Nib"}],"event_choices":[{"cards_removed":["Defend_R"],"damage_healed":0,"gold_gain":0,"player_choice":"Purged","damage_taken":0,"max_hp_gain":0,"max_hp_loss":0,"event_name":"Purifier","floor":2,"gold_loss":0},{"damage_healed":0,"gold_gain":0,"player_choice":"Obtained Book","damage_taken":16,"max_hp_gain":0,"max_hp_loss":0,"event_name":"Cursed Tome","floor":21,"gold_loss":0},{"damage_healed":32,"gold_gain":0,"player_choice":"Heal","damage_taken":0,"max_hp_gain":0,"max_hp_loss":0,"event_name":"The Library","floor":31,"gold_loss":0},{"damage_healed":0,"gold_gain":0,"player_choice":"Memory 1","damage_taken":0,"max_hp_gain":0,"max_hp_loss":0,"event_name":"SensoryStone","floor":36,"gold_loss":0},{"damage_healed":0,"gold_gain":0,"player_choice":"Forge","damage_taken":0,"max_hp_gain":0,"max_hp_loss":0,"event_name":"Accursed Blacksmith","floor":37,"gold_loss":0,"cards_upgraded":["Strike_R"]},{"damage_healed":0,"gold_gain":0,"player_choice":"Ignored","damage_taken":0,"max_hp_gain":0,"max_hp_loss":0,"event_name":"Mysterious Sphere","floor":47,"gold_loss":0}],"is_beta":false,"boss_relics":[{"not_picked":["Lizard Tail","Orrery"],"picked":"Astrolabe"},{"not_picked":["Coffee Dripper","Calling Bell"],"picked":"Tiny House"}],"items_purged_floors":[11,45],"is_endless":false,"potions_floor_spawned":[3,5,7,12,18,22,29,33,35,42,44,48],"ascension_level":0}