{"gold_per_floor":[109,128,278,294,4,35,35,63,63,76,76,76,93,93,93,93],"floor_reached":16,"playtime":723,"items_purged":["Doubt"],"score":220,"play_id":"20e5bf98-21ff-466a-be51-66c0900dfe6f","local_time":"20190223131722","is_ascension_mode":true,"campfire_choices":[{"data":"Immolate","floor":7,"key":"SMITH"},{"data":"Disarm","floor":11,"key":"SMITH"},{"data":"1","floor":12,"key":"LIFT"},{"floor":15,"key":"REST"}],"neow_cost":"NONE","seed_source_timestamp":847440542232026,"circlet_count":0,"master_deck":["AscendersBane","Strike_R","Strike_R","Strike_R","Strike_R","Strike_R","Defend_R","Defend_R","Defend_R","Defend_R","Bash+1","Feel No Pain","Inflame","Disarm+1","Immolate+1","Clothesline","Evolve"],"relics":["Burning Blood","Singing Bowl","WingedGreaves","Girya"],"potions_floor_usage":[6,6,16],"damage_taken":[{"damage":11,"enemies":"Jaw Worm","floor":1,"turns":6},{"damage":4,"enemies":"Small Slimes","floor":2,"turns":4},{"damage":13,"enemies":"2 Louse","floor":4,"turns":4},{"damage":29,"enemies":"Lagavulin","floor":6,"turns":9},{"damage":8,"enemies":"Gremlin Nob","floor":8,"turns":3},{"damage":22,"enemies":"Exordium Wildlife","floor":10,"turns":4},{"damage":12,"enemies":"3 Louse","floor":13,"turns":2},{"damage":50,"enemies":"Hexaghost","floor":16,"turns":10}],"seed_played":"-631624628493544178","potions_obtained":[{"floor":1,"key":"Block Potion"},{"floor":4,"key":"SpeedPotion"},{"floor":10,"key":"EssenceOfSteel"}],"is_trial":false,"path_per_floor":["M","M","?","M","$","E","R","E","T","M","R","R","M","?","R","B"],"character_chosen":"IRONCLAD","items_purchased":["Immolate","Clothesline"],"campfire_rested":1,"item_purchase_floors":[5,5],"current_hp_per_floor":[70,72,72,65,65,44,44,44,44,30,30,30,24,24,50,0],"gold":93,"neow_bonus":"TEN_PERCENT_HP_BONUS","is_prod":false,"is_daily":false,"chose_seed":false,"campfire_upgraded":2,"win_rate":0,"timestamp":1550927842,"path_taken":["M","M","?","M","$","E","R","E","T","M","R","R","M","?","R","BOSS"],"build_version":"2019-01-23","purchased_purges":1,"victory":false,"max_hp_per_floor":[82,82,82,82,82,84,84,86,86,88,88,88,88,88,88,88],"card_choices":[{"not_picked":["Wild Strike","Bloodletting"],"picked":"Feel No Pain","floor":1},{"not_picked":["Shrug It Off","Pummel"],"picked":"Inflame","floor":2},{"not_picked":["Heavy Blade","Searing Blow"],"picked":"Disarm","floor":4},{"not_picked":["Body Slam","Warcry","Cleave"],"picked":"Singing Bowl","floor":6},{"not_picked":["Clash","Warcry","Power Through"],"picked":"Singing Bowl","floor":8},{"not_picked":["Armaments","Anger","Seeing Red"],"picked":"Singing Bowl","floor":10},{"not_picked":["Warcry","Seeing Red"],"picked":"Evolve","floor":13}],"player_experience":1170441,"relics_obtained":[{"floor":6,"key":"Singing Bowl"},{"floor":8,"key":"WingedGreaves"},{"floor":9,"key":"Girya"}],"event_choices":[{"damage_healed":0,"gold_gain":150,"player_choice":"AGREE","damage_taken":0,"max_hp_gain":0,"max_hp_loss":0,"event_name":"Liars Game","floor":3,"gold_loss":0,"cards_obtained":["Doubt"]},{"damage_healed":0,"gold_gain":0,"player_choice":"Grow","damage_taken":0,"max_hp_gain":0,"max_hp_loss":0,"event_name":"Living Wall","floor":14,"gold_loss":0,"cards_upgraded":["Bash"]}],"is_beta":false,"boss_relics":[],"items_purged_floors":[5],"is_endless":false,"potions_floor_spawned":[1,4,10],"killed_by":"Hexaghost","ascension_level":20}