{"gold_per_floor":[122,134,156,179,191,203,227,252,290,332,344,368,390,177,177,281,281,296,310,321,148,148,148,174,174,197,210,210,221,237,292,292,292],"floor_reached":33,"playtime":927,"items_purged":["Strike_R","Strike_R"],"score":271,"play_id":"b6184141-7ca8-4703-be04-48cae6621768","local_time":"20190212231611","is_ascension_mode":false,"campfire_choices":[{"data":"Flame Barrier","floor":6,"key":"SMITH"},{"data":"Rampage","floor":11,"key":"SMITH"},{"data":"Demon Form","floor":15,"key":"SMITH"},{"data":"Flame Barrier","floor":23,"key":"SMITH"},{"floor":32,"key":"REST"}],"neow_cost":"NONE","seed_source_timestamp":965673416771143,"circlet_count":0,"master_deck":["Strike_R+1","Strike_R","Strike_R+1","Defend_R","Defend_R","Defend_R","Bash+1","Flame Barrier+1","Flame Barrier+1","Rampage+1","Pommel Strike","Demon Form+1","Headbutt","Combust+1","Sword Boomerang","Reaper","Inflame","Uppercut+1"],"relics":["Black Blood","MawBank","Art of War","Whetstone","Bronze Scales","Orichalcum","Nilry\u0027s Codex","Smiling Mask","Dream Catcher"],"potions_floor_usage":[16,24,24,27,33,33],"damage_taken":[{"damage":0,"enemies":"Small Slimes","floor":1,"turns":3},{"damage":2,"enemies":"Jaw Worm","floor":3,"turns":4},{"damage":8,"enemies":"Cultist","floor":4,"turns":5},{"damage":7,"enemies":"Exordium Thugs","floor":7,"turns":5},{"damage":1,"enemies":"Exordium Wildlife","floor":8,"turns":4},{"damage":20,"enemies":"Lagavulin","floor":10,"turns":6},{"damage":5,"enemies":"Looter","floor":12,"turns":3},{"damage":0,"enemies":"Large Slime","floor":13,"turns":4},{"damage":18,"enemies":"The Guardian","floor":16,"turns":7},{"damage":8,"enemies":"Spheric Guardian","floor":18,"turns":4},{"damage":12,"enemies":"Chosen","floor":19,"turns":4},{"damage":12,"enemies":"Centurion and Healer","floor":20,"turns":6},{"damage":33,"enemies":"Book of Stabbing","floor":24,"turns":4},{"damage":21,"enemies":"3 Cultists","floor":27,"turns":5},{"damage":10,"enemies":"Snake Plant","floor":29,"turns":4},{"damage":38,"enemies":"Cultist and Chosen","floor":30,"turns":7},{"damage":69,"enemies":"Automaton","floor":33,"turns":6}],"seed_played":"7698388723344104000","potions_obtained":[{"floor":1,"key":"Explosive Potion"},{"floor":7,"key":"Fire Potion"},{"floor":10,"key":"Ancient Potion"},{"floor":13,"key":"PowerPotion"},{"floor":24,"key":"BloodPotion"},{"floor":27,"key":"LiquidBronze"},{"floor":29,"key":"Dexterity Potion"}],"is_trial":false,"path_per_floor":["M","?","M","M","?","R","M","M","T","E","R","M","M","$","R","B",null,"M","M","M","$","?","R","E","?","T","M","?","M","M","T","R","B"],"character_chosen":"IRONCLAD","items_purchased":["Bronze Scales","Reaper"],"campfire_rested":1,"item_purchase_floors":[14,21],"current_hp_per_floor":[80,80,80,78,78,78,77,80,80,66,66,67,73,73,73,61,80,80,78,76,76,76,76,53,37,37,34,34,34,18,18,42,0],"gold":292,"neow_bonus":"RANDOM_COMMON_RELIC","is_prod":false,"is_daily":false,"chose_seed":false,"campfire_upgraded":4,"win_rate":0,"timestamp":1550013371,"path_taken":["M","?","M","M","?","R","M","M","T","E","R","?","M","$","R","BOSS","M","M","M","$","?","R","E","?","T","M","?","M","M","?","R","BOSS"],"build_version":"2019-01-23","purchased_purges":2,"victory":false,"max_hp_per_floor":[80,80,80,80,80,80,80,80,80,80,80,80,80,80,80,80,80,80,80,80,80,80,80,80,80,80,80,80,80,80,80,80,80],"card_choices":[{"not_picked":["Carnage","Headbutt"],"picked":"Flame Barrier","floor":1},{"not_picked":["Sentinel","Bloodletting","Perfected Strike"],"picked":"SKIP","floor":3},{"not_picked":["Havoc","Blood for Blood"],"picked":"Flame Barrier","floor":4},{"not_picked":["Iron Wave","Flex"],"picked":"Rampage","floor":7},{"not_picked":["Heavy Blade","Warcry"],"picked":"Pommel Strike","floor":8},{"not_picked":["Reckless Charge","Flex"],"picked":"Demon Form","floor":10},{"not_picked":["Corruption","Sword Boomerang","Clothesline"],"picked":"SKIP","floor":12},{"not_picked":["Blood for Blood","True Grit"],"picked":"Headbutt","floor":13},{"not_picked":["Blood for Blood+1","Pommel Strike"],"picked":"Combust+1","floor":18},{"not_picked":["Armaments","Havoc","Anger"],"picked":"SKIP","floor":19},{"not_picked":["Armaments","Shockwave"],"picked":"Sword Boomerang","floor":20},{"not_picked":["Entrench","Intimidate","Havoc+1"],"picked":"SKIP","floor":24},{"not_picked":["True Grit","Heavy Blade+1","Corruption"],"picked":"SKIP","floor":27},{"not_picked":["Uppercut","Sword Boomerang+1"],"picked":"Inflame","floor":29},{"not_picked":["Pommel Strike","Carnage"],"picked":"Uppercut+1","floor":30}],"player_experience":1133481,"relics_obtained":[{"floor":9,"key":"Art of War"},{"floor":10,"key":"Whetstone"},{"floor":24,"key":"Orichalcum"},{"floor":25,"key":"Nilry\u0027s Codex"},{"floor":26,"key":"Smiling Mask"},{"floor":31,"key":"Dream Catcher"}],"event_choices":[{"damage_healed":0,"gold_gain":0,"player_choice":"Grow","damage_taken":0,"max_hp_gain":0,"max_hp_loss":0,"event_name":"Living Wall","floor":2,"gold_loss":0,"cards_upgraded":["Bash"]},{"cards_removed":["Defend_R"],"damage_healed":0,"gold_gain":0,"player_choice":"Offered Basic","damage_taken":0,"max_hp_gain":0,"max_hp_loss":0,"event_name":"Bonfire Elementals","floor":5,"gold_loss":0},{"damage_healed":0,"gold_gain":0,"player_choice":"Ignored","damage_taken":0,"max_hp_gain":0,"max_hp_loss":0,"event_name":"Vampires","floor":22,"gold_loss":0},{"damage_healed":0,"gold_gain":0,"player_choice":"Obtained Book","damage_taken":16,"max_hp_gain":0,"max_hp_loss":0,"event_name":"Cursed Tome","floor":25,"gold_loss":0},{"damage_healed":0,"gold_gain":0,"player_choice":"Ignored","damage_taken":0,"max_hp_gain":0,"max_hp_loss":0,"event_name":"The Mausoleum","floor":28,"gold_loss":0}],"is_beta":false,"boss_relics":[{"not_picked":["Runic Cube","Sozu"],"picked":"Black Blood"}],"items_purged_floors":[14,21],"is_endless":false,"potions_floor_spawned":[1,7,10,13,24,27,29],"killed_by":"Automaton","ascension_level":0}