{"gold_per_floor":[119,135,155,170,170,170,224,224,278,203,203,233,253,280,280,352,352,369,369,387,399,399,399,431,431,510,556,556,283,283,283],"floor_reached":31,"playtime":1262,"items_purged":["Strike_R","Defend_R"],"score":522,"play_id":"d3d25796-b3a2-4c3e-b6ce-5ebd00d64cd3","local_time":"20190221235253","is_ascension_mode":true,"campfire_choices":[{"data":"Perfected Strike","floor":6.0,"key":"SMITH"},{"floor":15.0,"key":"REST"},{"floor":23,"key":"REST"},{"data":"Limit Break","floor":25,"key":"SMITH"},{"floor":30,"key":"REST"}],"neow_cost":"NONE","seed_source_timestamp":0,"circlet_count":0,"master_deck":["AscendersBane","Strike_R","Strike_R","Strike_R","Defend_R","Defend_R","Defend_R","Bash+1","Perfected Strike+1","Impervious","Perfected Strike+1","Cleave","Limit Break+1","Impervious","Flame Barrier","Sword Boomerang+1","Shrug It Off","Reaper"],"special_seed":0,"relics":["Burning Blood","Red Skull","Gambling Chip","Blood Vial","Shuriken","Runic Pyramid","Torii","Letter Opener","Anchor","Enchiridion","Ancient Tea Set"],"potions_floor_usage":[],"damage_taken":[{"damage":7.0,"enemies":"Cultist","floor":1.0,"turns":4.0},{"damage":10.0,"enemies":"Small Slimes","floor":2.0,"turns":4.0},{"damage":9.0,"enemies":"Jaw Worm","floor":3.0,"turns":4.0},{"damage":9.0,"enemies":"Exordium Wildlife","floor":4.0,"turns":4.0},{"damage":30.0,"enemies":"Lagavulin","floor":12.0,"turns":4.0},{"damage":8.0,"enemies":"Red Slaver","floor":13.0,"turns":4.0},{"damage":20.0,"enemies":"3 Sentries","floor":14.0,"turns":4.0},{"damage":41.0,"enemies":"Slime Boss","floor":16.0,"turns":9.0},{"damage":41,"enemies":"Shell Parasite","floor":18,"turns":7},{"damage":19,"enemies":"Spheric Guardian","floor":20,"turns":6},{"damage":14,"enemies":"Centurion and Healer","floor":21,"turns":7},{"damage":29,"enemies":"Gremlin Leader","floor":24,"turns":6},{"damage":38,"enemies":"Book of Stabbing","floor":31,"turns":5}],"seed_played":"-8449878970041119177","potions_obtained":[{"floor":2.0,"key":"FearPotion"},{"floor":4.0,"key":"FearPotion"},{"floor":13.0,"key":"GamblersBrew"},{"floor":14.0,"key":"Weak Potion"},{"floor":20,"key":"SpeedPotion"}],"is_trial":false,"path_per_floor":["M","M","M","M","?","R","?","$","T","$","T","E","M","E","R","B",null,"M","?","M","M","?","R","E","R","T","T","?","$","R","E"],"character_chosen":"IRONCLAD","items_purchased":["Ancient Tea Set"],"campfire_rested":3,"item_purchase_floors":[29],"current_hp_per_floor":[67,63,60,57,57,57,57,57,57,57,57,33,33,21,43,10,59,26,26,15,9,24,46,25,25,25,25,4,4,26,0],"gold":283,"neow_bonus":"UPGRADE_CARD","is_prod":false,"is_daily":false,"chose_seed":false,"campfire_upgraded":2,"win_rate":0,"timestamp":1550793173,"path_taken":["M","M","?","M","?","R","?","$","T","$","?","E","M","E","R","BOSS","M","?","M","?","?","R","E","R","T","?","?","$","R","E"],"build_version":"2019-01-23","purchased_purges":2,"victory":false,"max_hp_per_floor":[75,75,75,75,75,75,75,75,75,75,75,75,75,75,75,75,75,75,75,75,75,75,75,75,75,75,75,75,75,75,75],"card_choices":[{"not_picked":["Sentinel","Twin Strike"],"picked":"Perfected Strike","floor":1.0},{"not_picked":["Rupture","Thunderclap","Warcry"],"picked":"SKIP","floor":2.0},{"not_picked":["Second Wind","Sentinel"],"picked":"Impervious","floor":3.0},{"not_picked":["Power Through","Pommel Strike"],"picked":"Perfected Strike","floor":4.0},{"not_picked":["Headbutt","Rampage","Sever Soul"],"picked":"SKIP","floor":12.0},{"not_picked":["Thunderclap","Warcry"],"picked":"Cleave","floor":13.0},{"not_picked":["Pommel Strike","Flex"],"picked":"Limit Break","floor":14.0},{"not_picked":["Juggernaut","Limit Break"],"picked":"Impervious","floor":16.0},{"not_picked":["Feel No Pain","Havoc"],"picked":"Flame Barrier","floor":18},{"not_picked":["Body Slam","Armaments"],"picked":"Sword Boomerang+1","floor":20},{"not_picked":["Rupture","Clash"],"picked":"Shrug It Off","floor":21},{"not_picked":["Fire Breathing","Intimidate+1"],"picked":"Reaper","floor":24}],"player_experience":1163850,"relics_obtained":[{"floor":9.0,"key":"Red Skull"},{"floor":11.0,"key":"Gambling Chip"},{"floor":12.0,"key":"Blood Vial"},{"floor":14.0,"key":"Shuriken"},{"floor":24,"key":"Torii"},{"floor":26,"key":"Letter Opener"},{"floor":27,"key":"Anchor"},{"floor":28,"key":"Enchiridion"}],"event_choices":[{"damage_healed":0.0,"max_hp_gain":0.0,"max_hp_loss":0.0,"gold_gain":0.0,"event_name":"Living Wall","player_choice":"Grow","floor":5.0,"gold_loss":0.0,"damage_taken":0.0,"cards_upgraded":["Perfected Strike"]},{"damage_healed":0.0,"max_hp_gain":0.0,"max_hp_loss":0.0,"gold_gain":54.0,"event_name":"Golden Wing","player_choice":"Gained Gold","floor":7.0,"gold_loss":0.0,"damage_taken":0.0},{"cards_removed":["Strike_R"],"damage_healed":0,"gold_gain":0,"player_choice":"Purged","damage_taken":0,"max_hp_gain":0,"max_hp_loss":0,"event_name":"Purifier","floor":19,"gold_loss":0},{"damage_healed":15,"gold_gain":0,"player_choice":"Heal","damage_taken":0,"max_hp_gain":0,"max_hp_loss":0,"event_name":"The Library","floor":22,"gold_loss":0},{"damage_healed":0,"gold_gain":0,"player_choice":"Obtained Book","damage_taken":21,"max_hp_gain":0,"max_hp_loss":0,"event_name":"Cursed Tome","floor":28,"gold_loss":0}],"is_beta":false,"boss_relics":[{"not_picked":["Calling Bell","Black Star"],"picked":"Runic Pyramid"}],"items_purged_floors":[10,29],"is_endless":false,"potions_floor_spawned":[2,4,13,14,20,21],"killed_by":"Book of Stabbing","ascension_level":20}