{"gold_per_floor":[109,109,109,109,120,149,149,168,168,168,168,179,206,206,206,283,283,293,293,293,208,208,208],"floor_reached":23,"playtime":903,"items_purged":[],"score":390,"play_id":"4a746e7b-3830-43a7-8bc3-87c7d53e0290","local_time":"20190220002914","is_ascension_mode":true,"campfire_choices":[{"data":"Cleave","floor":7,"key":"SMITH"},{"data":"Bash","floor":10,"key":"SMITH"},{"floor":15,"key":"REST"}],"neow_cost":"NONE","seed_source_timestamp":541969222395396,"circlet_count":0,"master_deck":["AscendersBane","Strike_R","Strike_R","Strike_R","Strike_R","Strike_R","Defend_R","Defend_R","Defend_R","Bash+1","Battle Trance","Clothesline","Cleave+1","Anger","Dark Embrace","Inflame"],"relics":["Burning Blood","Regal Pillow","Thread and Needle","Singing Bowl","Letter Opener","Shuriken","Snecko Eye","Dodecahedron","Nilry\u0027s Codex"],"potions_floor_usage":[6,12,20,20],"damage_taken":[{"damage":4,"enemies":"Small Slimes","floor":1,"turns":4},{"damage":0,"enemies":"2 Louse","floor":5,"turns":3},{"damage":19,"enemies":"Gremlin Nob","floor":6,"turns":4},{"damage":5,"enemies":"Jaw Worm","floor":8,"turns":3},{"damage":22,"enemies":"Gremlin Gang","floor":12,"turns":3},{"damage":28,"enemies":"3 Sentries","floor":13,"turns":7},{"damage":41,"enemies":"Slime Boss","floor":16,"turns":9},{"damage":25,"enemies":"3 Byrds","floor":18,"turns":4},{"damage":20,"enemies":"Colosseum Slavers","floor":20,"turns":3},{"damage":32,"enemies":"Book of Stabbing","floor":23,"turns":3}],"seed_played":"-718070252461784866","potions_obtained":[{"floor":1,"key":"Explosive Potion"},{"floor":8,"key":"LiquidBronze"},{"floor":16,"key":"Weak Potion"},{"floor":18,"key":"LiquidBronze"}],"is_trial":false,"path_per_floor":["M","?","$","?","M","E","R","M","T","R","?","M","E","?","R","B",null,"M","?","?","?","?","E"],"character_chosen":"IRONCLAD","items_purchased":[],"campfire_rested":1,"item_purchase_floors":[],"current_hp_per_floor":[70,63,63,45,51,38,38,41,41,41,46,30,10,10,50,15,67,50,50,36,36,15,0],"gold":208,"neow_bonus":"RANDOM_COMMON_RELIC","is_prod":false,"is_daily":false,"chose_seed":false,"campfire_upgraded":2,"win_rate":0,"timestamp":1550622554,"path_taken":["M","?","$","?","M","E","R","M","T","R","?","M","E","?","R","BOSS","M","?","?","?","?","E"],"build_version":"2019-01-23","purchased_purges":0,"victory":false,"max_hp_per_floor":[75,75,75,75,75,75,75,77,77,77,82,82,84,84,84,84,84,86,86,86,86,86,86],"card_choices":[{"not_picked":["True Grit","Rupture"],"picked":"Battle Trance","floor":1},{"not_picked":["Infernal Blade","Pummel"],"picked":"Clothesline","floor":5},{"not_picked":["Twin Strike","Sever Soul"],"picked":"Cleave","floor":6},{"not_picked":["Cleave","Wild Strike","Flex"],"picked":"Singing Bowl","floor":8},{"not_picked":["Wild Strike","Reckless Charge"],"picked":"Anger","floor":12},{"not_picked":["Havoc","Uppercut","Pommel Strike"],"picked":"Singing Bowl","floor":13},{"not_picked":["Double Tap","Juggernaut"],"picked":"Dark Embrace","floor":16},{"not_picked":["Fire Breathing","Rage","Clothesline"],"picked":"Singing Bowl","floor":18}],"player_experience":1156424,"relics_obtained":[{"floor":6,"key":"Singing Bowl"},{"floor":9,"key":"Letter Opener"},{"floor":13,"key":"Shuriken"},{"floor":22,"key":"Nilry\u0027s Codex"}],"event_choices":[{"cards_removed":["Defend_R"],"damage_healed":0,"gold_gain":0,"player_choice":"Card Removal","damage_taken":7,"max_hp_gain":0,"max_hp_loss":0,"event_name":"Golden Wing","floor":2,"gold_loss":0},{"damage_healed":0,"gold_gain":0,"player_choice":"Success","damage_taken":18,"relics_obtained":["Thread and Needle"],"max_hp_gain":0,"max_hp_loss":0,"event_name":"Scrap Ooze","floor":4,"gold_loss":0},{"damage_healed":0,"gold_gain":0,"player_choice":"Donut","damage_taken":0,"max_hp_gain":5,"max_hp_loss":0,"event_name":"Big Fish","floor":11,"gold_loss":0},{"damage_healed":0,"gold_gain":0,"player_choice":"Ignored","damage_taken":0,"max_hp_gain":0,"max_hp_loss":0,"event_name":"Liars Game","floor":14,"gold_loss":0},{"damage_healed":0,"gold_gain":0,"player_choice":"Read","damage_taken":0,"max_hp_gain":0,"max_hp_loss":0,"event_name":"The Library","floor":19,"gold_loss":0,"cards_obtained":["Inflame"]},{"damage_healed":0,"gold_gain":0,"player_choice":"Fight","damage_taken":0,"max_hp_gain":0,"max_hp_loss":0,"event_name":"Colosseum","floor":20,"gold_loss":0},{"damage_healed":0,"gold_gain":0,"player_choice":"Fled From Nobs","damage_taken":0,"max_hp_gain":0,"max_hp_loss":0,"event_name":"Colosseum","floor":20,"gold_loss":0},{"damage_healed":0,"gold_gain":0,"player_choice":"Obtained Relic","damage_taken":0,"relics_obtained":["Dodecahedron"],"max_hp_gain":0,"max_hp_loss":0,"event_name":"Addict","floor":21,"gold_loss":85},{"damage_healed":0,"gold_gain":0,"player_choice":"Obtained Book","damage_taken":21,"max_hp_gain":0,"max_hp_loss":0,"event_name":"Cursed Tome","floor":22,"gold_loss":0}],"is_beta":false,"boss_relics":[{"not_picked":["Lizard Tail","Fusion Hammer"],"picked":"Snecko Eye"}],"items_purged_floors":[],"is_endless":false,"potions_floor_spawned":[1,8,16,18],"killed_by":"Book of Stabbing","ascension_level":20}