{"gold_per_floor":[115,127,145,220,220,233,233,233,233,248,259,285,301,301],"floor_reached":14,"playtime":696,"items_purged":[],"score":188,"play_id":"cf6f093d-8af3-4845-a399-6f68eb3d769b","local_time":"20190222204830","is_ascension_mode":true,"campfire_choices":[{"data":"Bash","floor":7,"key":"SMITH"}],"neow_cost":"NONE","seed_source_timestamp":788136186212152,"circlet_count":0,"master_deck":["AscendersBane","Strike_R","Strike_R","Strike_R","Strike_R","Defend_R","Defend_R","Defend_R","Defend_R","Bash+1","Armaments+1","Shockwave","Shrug It Off","Reaper","Rampage"],"relics":["Burning Blood","Toxic Egg 2","Bottled Flame"],"potions_floor_usage":[13,14],"damage_taken":[{"damage":2,"enemies":"Cultist","floor":1,"turns":4},{"damage":6,"enemies":"Small Slimes","floor":2,"turns":6},{"damage":3,"enemies":"2 Louse","floor":3,"turns":4},{"damage":11,"enemies":"2 Fungi Beasts","floor":6,"turns":6},{"damage":6,"enemies":"Red Slaver","floor":10,"turns":5},{"damage":20,"enemies":"Exordium Thugs","floor":11,"turns":6},{"damage":64,"enemies":"3 Sentries","floor":12,"turns":16},{"damage":13,"enemies":"2 Fungi Beasts","floor":13,"turns":4},{"damage":29,"enemies":"Gremlin Nob","floor":14,"turns":3}],"seed_played":"-7128046783895128415","potions_obtained":[{"floor":3,"key":"FairyPotion"},{"floor":10,"key":"Strength Potion"},{"floor":13,"key":"Fruit Juice"}],"is_trial":false,"path_per_floor":["M","M","M","?","?","M","R","?","T","M","M","E","M","E"],"character_chosen":"IRONCLAD","items_purchased":[],"campfire_rested":0,"item_purchase_floors":[],"current_hp_per_floor":[72,72,75,64,69,64,64,64,64,64,50,13,19,0],"gold":301,"neow_bonus":"REMOVE_CARD","is_prod":false,"is_daily":false,"chose_seed":false,"campfire_upgraded":1,"win_rate":0,"timestamp":1550868510,"path_taken":["M","?","M","?","?","M","R","?","T","M","M","E","M","E"],"build_version":"2019-01-23","purchased_purges":0,"victory":false,"max_hp_per_floor":[75,75,75,75,80,80,80,80,80,80,80,80,85,85],"card_choices":[{"not_picked":["Flex","Dropkick"],"picked":"Armaments","floor":1},{"not_picked":["Sever Soul","Intimidate","Havoc"],"picked":"SKIP","floor":2},{"not_picked":["Pummel","Twin Strike"],"picked":"Shockwave","floor":3},{"not_picked":["True Grit","Anger"],"picked":"Shrug It Off","floor":6},{"not_picked":["Havoc+1","Iron Wave","Warcry+1"],"picked":"SKIP","floor":10},{"not_picked":["Cleave","Carnage"],"picked":"Reaper","floor":11},{"not_picked":["Blood for Blood","Whirlwind"],"picked":"Rampage","floor":12},{"not_picked":["Clash","Havoc+1","Cleave"],"picked":"SKIP","floor":13}],"player_experience":1167028,"relics_obtained":[{"floor":9,"key":"Toxic Egg 2"},{"floor":12,"key":"Bottled Flame"}],"event_choices":[{"damage_healed":0,"gold_gain":75,"player_choice":"Gather Gold","damage_taken":11,"max_hp_gain":0,"max_hp_loss":0,"event_name":"World of Goop","floor":4,"gold_loss":0},{"damage_healed":0,"gold_gain":0,"player_choice":"Donut","damage_taken":0,"max_hp_gain":5,"max_hp_loss":0,"event_name":"Big Fish","floor":5,"gold_loss":0},{"damage_healed":0,"gold_gain":0,"player_choice":"Grow","damage_taken":0,"max_hp_gain":0,"max_hp_loss":0,"event_name":"Living Wall","floor":8,"gold_loss":0,"cards_upgraded":["Armaments"]}],"is_beta":false,"boss_relics":[],"items_purged_floors":[],"is_endless":false,"potions_floor_spawned":[3,10,12,13],"killed_by":"Gremlin Nob","ascension_level":20}