{"gold_per_floor":[110,125,200,40,40,70,70,98,98,123,38,56,56,73,73,150,150,165,196,210,210,125,125,156,156,156,24,44,44,16,16,16,90,90,104,104,65,75,91,122,122,136,136,136],"floor_reached":44,"playtime":3158,"items_purged":["Strike_R"],"score":969,"play_id":"12d93e54-a3a0-4e14-acae-60fa6f3ed14b","local_time":"20190221225105","is_ascension_mode":true,"campfire_choices":[{"floor":7,"key":"REST"},{"data":"Reckless Charge","floor":13,"key":"SMITH"},{"data":"Wild Strike","floor":15,"key":"SMITH"},{"floor":23,"key":"REST"},{"data":"Reaper","floor":25,"key":"SMITH"},{"data":"Corruption","floor":29,"key":"SMITH"},{"floor":32,"key":"REST"},{"data":"Feel No Pain","floor":41,"key":"SMITH"}],"neow_cost":"NONE","seed_source_timestamp":706625394589363,"circlet_count":0,"master_deck":["AscendersBane","Defend_R","Defend_R","Defend_R","Defend_R","Bash+1","Wild Strike+1","Metallicize","Evolve","Clothesline","Power Through+1","True Grit+1","Combust","Reckless Charge+1","Exhume+1","Armaments+1","Ghostly Armor+1","Havoc+1","Bite","Bite","Bite","Bite","Bite","Reaper+1","Corruption+1","Burning Pact+1","Wild Strike+1","Feed+1","Disarm+1","Feel No Pain+1","Impervious+1","Feel No Pain+1"],"relics":["Black Blood","Toxic Egg 2","Charon\u0027s Ashes","Boot","Ginger","Red Mask","Singing Bowl","Dead Branch","Molten Egg 2","Sozu","SsserpentHead","Potion Belt","Mercury Hourglass"],"potions_floor_usage":[6,6,6,10,19,19,28],"damage_taken":[{"damage":10,"enemies":"Small Slimes","floor":1,"turns":5},{"damage":16,"enemies":"Jaw Worm","floor":2,"turns":4},{"damage":25,"enemies":"3 Sentries","floor":6,"turns":12},{"damage":20,"enemies":"Gremlin Nob","floor":8,"turns":4},{"damage":12,"enemies":"3 Sentries","floor":10,"turns":5},{"damage":3,"enemies":"2 Louse","floor":12,"turns":2},{"damage":9,"enemies":"2 Fungi Beasts","floor":14,"turns":3},{"damage":28,"enemies":"The Guardian","floor":16,"turns":14},{"damage":6,"enemies":"Chosen","floor":18,"turns":5},{"damage":31,"enemies":"Masked Bandits","floor":19,"turns":5},{"damage":25,"enemies":"3 Byrds","floor":20,"turns":4},{"damage":34,"enemies":"Slavers","floor":24,"turns":7},{"damage":31,"enemies":"3 Cultists","floor":28,"turns":4},{"damage":52,"enemies":"Automaton","floor":33,"turns":9},{"damage":16,"enemies":"Orb Walker","floor":35,"turns":3},{"damage":25,"enemies":"3 Darklings","floor":38,"turns":5},{"damage":6,"enemies":"Maw","floor":39,"turns":8},{"damage":37,"enemies":"Giant Head","floor":40,"turns":8},{"damage":50,"enemies":"Transient","floor":42,"turns":6},{"damage":18,"enemies":"Reptomancer","floor":44,"turns":2}],"seed_played":"3324442863005262270","potions_obtained":[{"floor":0,"key":"BloodPotion"},{"floor":0,"key":"EntropicBrew"},{"floor":12,"key":"Swift Potion"},{"floor":14,"key":"Ancient Potion"},{"floor":16,"key":"Poison Potion"},{"floor":18,"key":"Explosive Potion"},{"floor":24,"key":"Energy Potion"}],"is_trial":false,"path_per_floor":["M","M","?","$","?","E","R","E","T","E","$","M","R","M","R","B",null,"M","?","M","?","?","R","E","R","T","$","M","R","$","?","R","B",null,"M","?","$","M","M","E","R","M","T","E"],"character_chosen":"IRONCLAD","items_purchased":["Evolve","Combust","Corruption","Burning Pact+1","Wild Strike+1","Feel No Pain"],"campfire_rested":3,"item_purchase_floors":[4,11,27,27,30,37],"current_hp_per_floor":[64,54,43,43,43,38,60,46,46,40,40,43,43,40,40,18,61,65,44,29,29,29,44,31,31,31,31,29,29,29,29,45,26,47,54,54,54,48,66,46,46,12,12,0],"gold":136,"neow_bonus":"THREE_SMALL_POTIONS","is_prod":false,"is_daily":false,"chose_seed":false,"campfire_upgraded":5,"win_rate":0,"timestamp":1550789465,"path_taken":["M","M","?","$","?","E","R","E","T","E","$","M","R","M","R","BOSS","M","?","M","?","?","R","E","R","T","$","M","R","$","?","R","BOSS","M","?","$","M","M","E","R","M","T","E"],"build_version":"2019-01-23","purchased_purges":1,"victory":false,"max_hp_per_floor":[75,75,75,75,75,75,75,75,75,75,75,75,75,75,75,75,75,75,75,75,52,52,52,52,52,52,52,54,54,54,54,54,54,54,58,58,58,60,66,66,66,66,66,66],"card_choices":[{"not_picked":["Sword Boomerang","Pommel Strike"],"picked":"Wild Strike","floor":1},{"not_picked":["Iron Wave","Intimidate"],"picked":"Metallicize","floor":2},{"not_picked":["Warcry","True Grit"],"picked":"Clothesline","floor":6},{"not_picked":["Exhume+1","Flame Barrier+1"],"picked":"Power Through+1","floor":8},{"not_picked":["Entrench+1","Iron Wave"],"picked":"True Grit+1","floor":10},{"not_picked":["Burning Pact+1","Shrug It Off+1"],"picked":"Reckless Charge","floor":12},{"not_picked":["Clash","Sword Boomerang","Thunderclap"],"picked":"SKIP","floor":14},{"not_picked":["Berserk","Barricade"],"picked":"Exhume+1","floor":16},{"not_picked":["Headbutt","Body Slam"],"picked":"Armaments+1","floor":18},{"not_picked":["Fire Breathing","Flex+1"],"picked":"Ghostly Armor+1","floor":19},{"not_picked":["Iron Wave","Flex+1"],"picked":"Havoc+1","floor":20},{"not_picked":["Flex+1","True Grit+1"],"picked":"Reaper","floor":24},{"not_picked":["Perfected Strike+1","Warcry+1","Havoc+1"],"picked":"Singing Bowl","floor":28},{"not_picked":["Double Tap+1","Demon Form"],"picked":"Feed+1","floor":33},{"not_picked":["Battle Trance+1","Iron Wave+1"],"picked":"Disarm+1","floor":35},{"not_picked":["Perfected Strike+1","Thunderclap+1","Cleave+1"],"picked":"Singing Bowl","floor":38},{"not_picked":["Clash+1","Metallicize","Pommel Strike+1"],"picked":"Singing Bowl","floor":39},{"not_picked":["Cleave+1","Iron Wave+1"],"picked":"Impervious+1","floor":40},{"not_picked":["Perfected Strike+1","Armaments+1"],"picked":"Feel No Pain+1","floor":42}],"player_experience":1159755,"relics_obtained":[{"floor":6,"key":"Toxic Egg 2"},{"floor":8,"key":"Charon\u0027s Ashes"},{"floor":9,"key":"Boot"},{"floor":10,"key":"Ginger"},{"floor":19,"key":"Red Mask"},{"floor":24,"key":"Dead Branch"},{"floor":26,"key":"Molten Egg 2"},{"floor":40,"key":"Potion Belt"},{"floor":43,"key":"Mercury Hourglass"}],"event_choices":[{"damage_healed":0,"gold_gain":75,"player_choice":"Gather Gold","damage_taken":11,"max_hp_gain":0,"max_hp_loss":0,"event_name":"World of Goop","floor":3,"gold_loss":0},{"damage_healed":0,"gold_gain":0,"player_choice":"Grow","damage_taken":0,"max_hp_gain":0,"max_hp_loss":0,"event_name":"Living Wall","floor":5,"gold_loss":0,"cards_upgraded":["Bash"]},{"damage_healed":0,"gold_gain":0,"player_choice":"Fought Bandits","damage_taken":0,"max_hp_gain":0,"max_hp_loss":0,"event_name":"Masked Bandits","floor":19,"gold_loss":0},{"damage_healed":0,"gold_gain":0,"player_choice":"Became a vampire","damage_taken":0,"max_hp_gain":0,"max_hp_loss":23,"event_name":"Vampires","floor":21,"gold_loss":0,"cards_obtained":["Bite","Bite","Bite","Bite","Bite"]},{"damage_healed":0,"gold_gain":0,"player_choice":"Obtained Relic","damage_taken":0,"relics_obtained":["Singing Bowl"],"max_hp_gain":0,"max_hp_loss":0,"event_name":"Addict","floor":22,"gold_loss":85},{"damage_healed":0,"gold_gain":0,"player_choice":"Ignored","damage_taken":0,"max_hp_gain":0,"max_hp_loss":0,"event_name":"Cursed Tome","floor":31,"gold_loss":0},{"damage_healed":0,"gold_gain":0,"player_choice":"Trade","damage_taken":0,"relics_obtained":["SsserpentHead"],"max_hp_gain":0,"max_hp_loss":0,"event_name":"FaceTrader","floor":36,"gold_loss":0}],"is_beta":false,"boss_relics":[{"not_picked":["Black Star","Runic Pyramid"],"picked":"Black Blood"},{"not_picked":["Fusion Hammer","Runic Dome"],"picked":"Sozu"}],"items_purged_floors":[4],"is_endless":false,"potions_floor_spawned":[2,12,14,16,18,24,39,40,42],"killed_by":"Reptomancer","ascension_level":20}