{"gold_per_floor":[366,366,381,28,44,44,44,74,74,85,119,119,150,169,169,169],"floor_reached":16,"playtime":833,"items_purged":[],"score":240,"play_id":"4d2510b6-605a-4dc8-9b07-966659beffcf","local_time":"20190224003525","is_ascension_mode":true,"campfire_choices":[{"data":"Bash","floor":6,"key":"SMITH"},{"floor":12,"key":"REST"},{"data":"Combust","floor":15,"key":"SMITH"}],"neow_cost":"PERCENT_DAMAGE","seed_source_timestamp":888013379959312,"circlet_count":0,"master_deck":["AscendersBane","Strike_R","Strike_R","Strike_R","Strike_R","Defend_R","Defend_R","Defend_R","Defend_R","Bash+1","Clothesline","Battle Trance","Inflame","Headbutt","Anger","Shrug It Off","True Grit","Combust+1"],"relics":["Burning Blood","Omamori","Magic Flower","Question Card","Kunai","Mummified Hand","Pear"],"potions_floor_usage":[8,14,16],"damage_taken":[{"damage":10,"enemies":"2 Louse","floor":1,"turns":4},{"damage":1,"enemies":"Cultist","floor":3,"turns":4},{"damage":2,"enemies":"Jaw Worm","floor":5,"turns":3},{"damage":24,"enemies":"Gremlin Nob","floor":8,"turns":4},{"damage":21,"enemies":"3 Louse","floor":10,"turns":5},{"damage":12,"enemies":"Lagavulin","floor":11,"turns":6},{"damage":16,"enemies":"3 Sentries","floor":13,"turns":8},{"damage":17,"enemies":"Gremlin Gang","floor":14,"turns":5},{"damage":43,"enemies":"Slime Boss","floor":16,"turns":8}],"seed_played":"-2366342287745577879","potions_obtained":[{"floor":1,"key":"Weak Potion"},{"floor":5,"key":"Weak Potion"},{"floor":8,"key":"LiquidBronze"}],"is_trial":false,"path_per_floor":["M","?","M","$","M","R","T","E","T","M","E","R","E","M","R","B"],"character_chosen":"IRONCLAD","items_purchased":["Omamori","Battle Trance","Inflame","Headbutt"],"campfire_rested":1,"item_purchase_floors":[4,4,4,4],"current_hp_per_floor":[46,46,51,51,55,55,55,40,40,28,25,47,50,42,42,0],"gold":169,"neow_bonus":"TWO_FIFTY_GOLD","is_prod":false,"is_daily":false,"chose_seed":false,"campfire_upgraded":2,"win_rate":0,"timestamp":1550968525,"path_taken":["M","?","?","$","M","R","?","E","T","M","E","R","E","M","R","BOSS"],"build_version":"2019-01-23","purchased_purges":0,"victory":false,"max_hp_per_floor":[75,75,75,75,75,75,75,75,75,75,75,75,85,85,85,85],"card_choices":[{"not_picked":["Sentinel","Armaments"],"picked":"Clothesline","floor":1},{"not_picked":["Power Through","Body Slam","Fire Breathing"],"picked":"SKIP","floor":3},{"not_picked":["Havoc","Fire Breathing"],"picked":"Anger","floor":5},{"not_picked":["Heavy Blade","Iron Wave","Pommel Strike"],"picked":"SKIP","floor":8},{"not_picked":["Headbutt","Pommel Strike","Corruption"],"picked":"Shrug It Off","floor":10},{"not_picked":["Perfected Strike","Blood for Blood","Sentinel"],"picked":"True Grit","floor":11},{"not_picked":["Inflame","Flex","Heavy Blade"],"picked":"Combust","floor":13},{"not_picked":["Perfected Strike","Anger","Whirlwind","Clothesline"],"picked":"SKIP","floor":14}],"player_experience":1186859,"relics_obtained":[{"floor":7,"key":"Magic Flower"},{"floor":8,"key":"Question Card"},{"floor":9,"key":"Kunai"},{"floor":11,"key":"Mummified Hand"},{"floor":13,"key":"Pear"}],"event_choices":[{"cards_removed":["Strike_R"],"damage_healed":0,"gold_gain":0,"player_choice":"Offered Basic","damage_taken":0,"max_hp_gain":0,"max_hp_loss":0,"event_name":"Bonfire Elementals","floor":2,"gold_loss":0}],"is_beta":false,"boss_relics":[],"items_purged_floors":[],"is_endless":false,"potions_floor_spawned":[1,5,8],"killed_by":"Slime Boss","ascension_level":20}