{"gold_per_floor":[113,128,128,143,163,163,190,201,228,228,238,269,269,303,303,382,382,401,326,341,108,125,125,225,253,278,278,313,213,213,243,243,243],"floor_reached":33,"playtime":1666,"items_purged":["Strike_R","Doubt"],"score":671,"play_id":"190f3b78-3def-4c97-bcce-6e621247d1bd","local_time":"20190223134522","is_ascension_mode":true,"campfire_choices":[{"data":"Uppercut","floor":6,"key":"SMITH"},{"data":"Spot Weakness","floor":10,"key":"SMITH"},{"floor":15,"key":"REST"},{"data":"True Grit","floor":23,"key":"SMITH"},{"floor":27,"key":"REST"},{"floor":30,"key":"REST"},{"floor":32,"key":"REST"}],"neow_cost":"NONE","seed_source_timestamp":848177039149819,"circlet_count":0,"master_deck":["AscendersBane","Strike_R","Strike_R","Strike_R","Defend_R","Defend_R","Defend_R","Defend_R","Bash","Spot Weakness+1","Uppercut+1","Sword Boomerang","True Grit+1","Inflame","Cleave+1","Pommel Strike+1","Demon Form","Feed+1","Battle Trance","Shrug It Off","Bandage Up","Twin Strike+1","Shrug It Off","Heavy Blade+1"],"relics":["Burning Blood","Art of War","Molten Egg 2","Dream Catcher","Orichalcum","Letter Opener","Boot","Cursed Key","Calipers","Ornamental Fan","Bag of Marbles","Strawberry","Centennial Puzzle","Blood Vial"],"potions_floor_usage":[5,11,11,12,14,22,25],"damage_taken":[{"damage":1,"enemies":"Cultist","floor":1,"turns":3},{"damage":3,"enemies":"2 Louse","floor":2,"turns":2},{"damage":9,"enemies":"Jaw Worm","floor":4,"turns":4},{"damage":12,"enemies":"Exordium Wildlife","floor":5,"turns":3},{"damage":33,"enemies":"Lagavulin","floor":7,"turns":7},{"damage":2,"enemies":"2 Fungi Beasts","floor":8,"turns":3},{"damage":11,"enemies":"3 Louse","floor":11,"turns":3},{"damage":28,"enemies":"3 Sentries","floor":12,"turns":6},{"damage":8,"enemies":"Lagavulin","floor":14,"turns":6},{"damage":16,"enemies":"Slime Boss","floor":16,"turns":7},{"damage":18,"enemies":"2 Thieves","floor":18,"turns":3},{"damage":25,"enemies":"3 Byrds","floor":20,"turns":5},{"damage":8,"enemies":"Snecko","floor":22,"turns":4},{"damage":20,"enemies":"Colosseum Slavers","floor":24,"turns":4},{"damage":10,"enemies":"Colosseum Nobs","floor":24,"turns":4},{"damage":43,"enemies":"Slavers","floor":25,"turns":5},{"damage":38,"enemies":"Gremlin Leader","floor":28,"turns":6},{"damage":62,"enemies":"Book of Stabbing","floor":31,"turns":5},{"damage":61,"enemies":"Collector","floor":33,"turns":5}],"seed_played":"2255905515258832386","potions_obtained":[{"floor":2,"key":"SteroidPotion"},{"floor":7,"key":"Block Potion"},{"floor":8,"key":"EntropicBrew"},{"floor":20,"key":"BloodPotion"},{"floor":24,"key":"Regen Potion"}],"is_trial":false,"path_per_floor":["M","M","?","M","M","R","E","M","T","R","M","E","T","E","R","B",null,"M","?","M","$","M","R","?","E","T","R","E","$","R","E","R","B"],"character_chosen":"IRONCLAD","items_purchased":["Shrug It Off","Bandage Up"],"campfire_rested":4,"item_purchase_floors":[21,21],"current_hp_per_floor":[73,75,75,72,66,66,39,43,43,43,38,16,16,14,36,26,63,55,55,40,40,54,54,48,33,40,70,42,42,72,20,50,0],"gold":243,"neow_bonus":"RANDOM_COMMON_RELIC","is_prod":false,"is_daily":false,"chose_seed":false,"campfire_upgraded":3,"win_rate":0,"timestamp":1550929522,"path_taken":["M","?","?","M","?","R","E","M","T","R","M","E","?","E","R","BOSS","M","?","M","$","M","R","?","E","T","R","E","$","R","E","R","BOSS"],"build_version":"2019-01-23","purchased_purges":2,"victory":false,"max_hp_per_floor":[75,75,75,75,75,75,75,75,75,75,75,75,75,75,75,75,75,79,79,83,83,87,87,91,95,102,102,102,102,102,102,102,102],"card_choices":[{"not_picked":["Wild Strike","Twin Strike"],"picked":"Spot Weakness","floor":1},{"not_picked":["Sever Soul","Havoc"],"picked":"Uppercut","floor":2},{"not_picked":["Headbutt","Thunderclap"],"picked":"Sword Boomerang","floor":4},{"not_picked":["Clash","Body Slam"],"picked":"True Grit","floor":5},{"not_picked":["Body Slam","Havoc","True Grit"],"picked":"SKIP","floor":7},{"not_picked":["True Grit","Thunderclap+1"],"picked":"Inflame","floor":8},{"not_picked":["Iron Wave+1","Inflame"],"picked":"Cleave+1","floor":11},{"not_picked":["Searing Blow+1","Exhume"],"picked":"Pommel Strike+1","floor":12},{"not_picked":["Anger+1","Warcry","Pommel Strike+1"],"picked":"SKIP","floor":14},{"not_picked":["Shrug It Off","Perfected Strike+1"],"picked":"Demon Form","floor":15},{"not_picked":["Barricade","Brutality"],"picked":"Feed+1","floor":16},{"not_picked":["Bloodletting","Searing Blow+1","Second Wind"],"picked":"SKIP","floor":18},{"not_picked":["Clash+1","Sword Boomerang+1"],"picked":"Battle Trance","floor":20},{"not_picked":["Iron Wave+1","Warcry","Rampage+1"],"picked":"SKIP","floor":22},{"not_picked":["Rampage+1","Iron Wave+1","Berserk"],"picked":"SKIP","floor":25},{"not_picked":["Perfected Strike+1","Intimidate"],"picked":"Twin Strike+1","floor":27},{"not_picked":["Iron Wave+1","Sword Boomerang+1"],"picked":"Shrug It Off","floor":28},{"not_picked":["Rampage+1","Pommel Strike+1"],"picked":"Heavy Blade+1","floor":31}],"player_experience":1171164,"relics_obtained":[{"floor":7,"key":"Molten Egg 2"},{"floor":9,"key":"Dream Catcher"},{"floor":12,"key":"Orichalcum"},{"floor":13,"key":"Letter Opener"},{"floor":14,"key":"Boot"},{"floor":24,"key":"Calipers"},{"floor":24,"key":"Ornamental Fan"},{"floor":25,"key":"Bag of Marbles"},{"floor":26,"key":"Strawberry"},{"floor":28,"key":"Centennial Puzzle"},{"floor":31,"key":"Blood Vial"}],"event_choices":[{"damage_healed":0,"gold_gain":0,"player_choice":"0 cards matched","damage_taken":0,"max_hp_gain":0,"max_hp_loss":0,"event_name":"Match and Keep!","floor":3,"gold_loss":0,"cards_obtained":[]},{"cards_removed":["Strike_R"],"damage_healed":0,"gold_gain":0,"player_choice":"Gave Gold","damage_taken":0,"max_hp_gain":0,"max_hp_loss":0,"event_name":"Beggar","floor":19,"gold_loss":75},{"damage_healed":0,"gold_gain":0,"player_choice":"Fight","damage_taken":0,"max_hp_gain":0,"max_hp_loss":0,"event_name":"Colosseum","floor":24,"gold_loss":0},{"damage_healed":0,"gold_gain":0,"player_choice":"Fought Nobs","damage_taken":0,"max_hp_gain":0,"max_hp_loss":0,"event_name":"Colosseum","floor":24,"gold_loss":0}],"is_beta":false,"boss_relics":[{"not_picked":["Eternal Feather","Mark of Pain"],"picked":"Cursed Key"}],"items_purged_floors":[21,29],"is_endless":false,"potions_floor_spawned":[2,7,8,20,24,24],"killed_by":"Collector","ascension_level":20}