{"gold_per_floor":[116,116,134,134,154,180,180,205,282,44,44],"floor_reached":11,"playtime":706,"items_purged":["Strike_R"],"score":162,"play_id":"b3d080e7-0990-48be-90c6-4efd931019f4","local_time":"20190224131620","is_ascension_mode":true,"campfire_choices":[{"data":"Bash","floor":7,"key":"SMITH"}],"neow_cost":"NONE","seed_source_timestamp":933796411439631,"circlet_count":0,"master_deck":["AscendersBane","Strike_R","Strike_R","Defend_R","Defend_R","Defend_R","Defend_R","Bash+1","Shrug It Off","Pommel Strike","Spot Weakness","Cleave"],"relics":["Burning Blood","Thread and Needle","Dream Catcher","Toxic Egg 2","Vajra"],"potions_floor_usage":[6,11],"damage_taken":[{"damage":5,"enemies":"2 Louse","floor":1,"turns":4},{"damage":3,"enemies":"Small Slimes","floor":3,"turns":4},{"damage":0,"enemies":"Cultist","floor":5,"turns":3},{"damage":32,"enemies":"Lagavulin","floor":6,"turns":5},{"damage":32,"enemies":"Gremlin Nob","floor":8,"turns":4},{"damage":33,"enemies":"Lagavulin","floor":11,"turns":7}],"seed_played":"-5841144045385428355","potions_obtained":[{"floor":5,"key":"Fire Potion"},{"floor":8,"key":"SteroidPotion"}],"is_trial":false,"path_per_floor":["M","?","M","?","M","E","R","E","T","$","E"],"character_chosen":"IRONCLAD","items_purchased":["Vajra"],"campfire_rested":0,"item_purchase_floors":[10],"current_hp_per_floor":[69,69,72,65,71,45,45,19,19,19,0],"gold":44,"neow_bonus":"REMOVE_CARD","is_prod":false,"is_daily":false,"chose_seed":false,"campfire_upgraded":1,"win_rate":0,"timestamp":1551014180,"path_taken":["M","?","M","?","M","E","R","E","T","$","E"],"build_version":"2019-01-23","purchased_purges":1,"victory":false,"max_hp_per_floor":[75,75,75,75,75,75,75,75,75,75,75],"card_choices":[{"not_picked":["Armaments","Twin Strike"],"picked":"Shrug It Off","floor":1},{"not_picked":["Warcry","Twin Strike"],"picked":"Pommel Strike","floor":3},{"not_picked":["Hemokinesis","Feel No Pain"],"picked":"Spot Weakness","floor":5},{"not_picked":["Body Slam","Bloodletting"],"picked":"Cleave","floor":6},{"not_picked":["Twin Strike","Sever Soul","Hemokinesis"],"picked":"SKIP","floor":8}],"player_experience":1194649,"relics_obtained":[{"floor":6,"key":"Thread and Needle"},{"floor":8,"key":"Dream Catcher"},{"floor":9,"key":"Toxic Egg 2"}],"event_choices":[{"damage_healed":0,"gold_gain":0,"player_choice":"Ignored","damage_taken":0,"max_hp_gain":0,"max_hp_loss":0,"event_name":"Liars Game","floor":2,"gold_loss":0},{"cards_removed":["Strike_R"],"damage_healed":0,"gold_gain":0,"player_choice":"Card Removal","damage_taken":7,"max_hp_gain":0,"max_hp_loss":0,"event_name":"Golden Wing","floor":4,"gold_loss":0}],"is_beta":false,"boss_relics":[],"items_purged_floors":[10],"is_endless":false,"potions_floor_spawned":[5,8],"killed_by":"Lagavulin","ascension_level":20}