{"gold_per_floor":[114,125,125,140,160,187,187,215,215,227,237,237,263,283,283,362,362,373,1,1,1,0,0,27,27,77,94,114,128,128,139,139,214,214,233,245,85,85,85,85,95,95,95,121,21,36,36],"floor_reached":47,"playtime":2906,"items_purged":["Strike_R","Shame"],"score":994,"play_id":"edf19ce5-767e-4da3-93e6-3e47f32301cc","local_time":"20190224112343","is_ascension_mode":true,"campfire_choices":[{"floor":7,"key":"REST"},{"data":"Juggernaut","floor":12,"key":"SMITH"},{"floor":15,"key":"REST"},{"floor":23,"key":"REST"},{"floor":25,"key":"REST"},{"data":"Fiend Fire","floor":30,"key":"SMITH"},{"floor":32,"key":"REST"},{"data":"Feel No Pain","floor":40,"key":"SMITH"},{"data":"Power Through","floor":42,"key":"SMITH"}],"neow_cost":"NONE","seed_source_timestamp":924762626559113,"circlet_count":0,"master_deck":["AscendersBane","Strike_R","Defend_R","Defend_R","Defend_R","Defend_R","Bash+1","Feel No Pain+1","Anger","Shrug It Off","Juggernaut+1","Shrug It Off","Battle Trance","Clothesline","Fiend Fire+1","Ghostly Armor+1","Inflame+1","Rampage","Rampage","Warcry","Thunderclap+1","Havoc","Juggernaut+1","Power Through","Warcry+1","Offering","Evolve+1","Power Through+1","Ghostly Armor"],"relics":["Burning Blood","Self Forming Clay","Strawberry","Pen Nib","Frozen Egg 2","Mark of Pain","Bronze Scales","Ancient Tea Set","Orichalcum","Cursed Key","Oddly Smooth Stone"],"potions_floor_usage":[6,11,16,33,41],"damage_taken":[{"damage":2,"enemies":"2 Louse","floor":1,"turns":4},{"damage":1,"enemies":"Cultist","floor":2,"turns":3},{"damage":4,"enemies":"Small Slimes","floor":4,"turns":4},{"damage":17,"enemies":"2 Fungi Beasts","floor":5,"turns":4},{"damage":52,"enemies":"Lagavulin","floor":6,"turns":8},{"damage":16,"enemies":"3 Sentries","floor":8,"turns":11},{"damage":9,"enemies":"Red Slaver","floor":10,"turns":3},{"damage":4,"enemies":"Lots of Slimes","floor":11,"turns":3},{"damage":31,"enemies":"Gremlin Nob","floor":13,"turns":4},{"damage":8,"enemies":"Looter","floor":14,"turns":4},{"damage":23,"enemies":"Slime Boss","floor":16,"turns":8},{"damage":25,"enemies":"2 Thieves","floor":18,"turns":4},{"damage":41,"enemies":"Colosseum Slavers","floor":21,"turns":5},{"damage":31,"enemies":"Slavers","floor":24,"turns":5},{"damage":0,"enemies":"Chosen","floor":27,"turns":3},{"damage":29,"enemies":"3 Cultists","floor":28,"turns":4},{"damage":4,"enemies":"Snecko","floor":29,"turns":3},{"damage":11,"enemies":"Snake Plant","floor":31,"turns":2},{"damage":53,"enemies":"Collector","floor":33,"turns":7},{"damage":0,"enemies":"3 Shapes","floor":35,"turns":4},{"damage":3,"enemies":"Orb Walker","floor":36,"turns":4},{"damage":10,"enemies":"Spire Growth","floor":41,"turns":3},{"damage":53,"enemies":"Nemesis","floor":44,"turns":5},{"damage":12,"enemies":"Sphere and 2 Shapes","floor":46,"turns":3},{"damage":35,"enemies":"Giant Head","floor":47,"turns":5}],"seed_played":"-4355754293405827441","potions_obtained":[{"floor":1,"key":"Explosive Potion"},{"floor":4,"key":"Weak Potion"},{"floor":6,"key":"Explosive Potion"},{"floor":13,"key":"LiquidBronze"},{"floor":27,"key":"FairyPotion"},{"floor":33,"key":"BloodPotion"},{"floor":36,"key":"SteroidPotion"},{"floor":41,"key":"SteroidPotion"}],"is_trial":false,"path_per_floor":["M","M","?","M","M","E","R","E","T","M","M","R","E","M","R","B",null,"M","$","?","?","?","R","E","R","T","M","M","M","R","M","R","B",null,"M","M","$","?","?","R","M","R","T","E","$","M","E"],"character_chosen":"IRONCLAD","items_purchased":["Bronze Scales","Inflame+1","Rampage","Evolve+1","Power Through"],"campfire_rested":5,"item_purchase_floors":[19,19,19,37,37],"current_hp_per_floor":[79,82,82,82,71,25,49,46,46,43,45,45,20,18,44,27,74,55,55,55,20,20,46,21,47,47,53,30,32,32,27,53,14,70,76,79,79,79,79,79,83,83,83,36,36,30,0],"gold":36,"neow_bonus":"TEN_PERCENT_HP_BONUS","is_prod":false,"is_daily":false,"chose_seed":false,"campfire_upgraded":4,"win_rate":0,"timestamp":1551007423,"path_taken":["M","M","?","M","M","E","R","E","T","?","M","R","E","M","R","BOSS","M","$","?","?","?","R","E","R","T","M","M","M","R","M","R","BOSS","M","M","$","?","?","R","M","R","T","E","$","M","E"],"build_version":"2019-01-23","purchased_purges":2,"victory":false,"max_hp_per_floor":[82,82,82,82,82,82,82,89,89,89,89,89,89,89,89,89,89,89,89,89,89,89,89,89,89,89,89,89,89,89,89,89,89,89,89,89,89,89,89,89,89,89,89,89,89,89,89],"card_choices":[{"not_picked":["Entrench","Searing Blow","Sever Soul"],"picked":"SKIP","floor":1},{"not_picked":["Armaments","Thunderclap"],"picked":"Feel No Pain","floor":2},{"not_picked":["Warcry","Twin Strike","Perfected Strike"],"picked":"SKIP","floor":4},{"not_picked":["Evolve","Rupture"],"picked":"Anger","floor":5},{"not_picked":["Anger","Clash"],"picked":"Shrug It Off","floor":6},{"not_picked":["Cleave","Infernal Blade"],"picked":"Juggernaut","floor":8},{"not_picked":["Warcry","Perfected Strike"],"picked":"Shrug It Off","floor":10},{"not_picked":["Headbutt","Burning Pact"],"picked":"Battle Trance","floor":11},{"not_picked":["Seeing Red","Burning Pact"],"picked":"Clothesline","floor":13},{"not_picked":["Hemokinesis","Pommel Strike","Iron Wave"],"picked":"SKIP","floor":14},{"not_picked":["Exhume","Impervious"],"picked":"Fiend Fire","floor":16},{"not_picked":["Havoc","Dual Wield"],"picked":"Ghostly Armor+1","floor":18},{"not_picked":["Burning Pact","Reckless Charge"],"picked":"Thunderclap+1","floor":24},{"not_picked":["Carnage","Dropkick"],"picked":"Havoc","floor":27},{"not_picked":["Second Wind+1","Clothesline"],"picked":"Juggernaut+1","floor":28},{"not_picked":["Flex","Clothesline"],"picked":"Power Through","floor":29},{"not_picked":["Clothesline+1","Flex+1"],"picked":"Warcry+1","floor":31},{"not_picked":["Double Tap","Reaper"],"picked":"Offering","floor":33},{"not_picked":["Body Slam","Sentinel","Havoc"],"picked":"SKIP","floor":35},{"not_picked":["Havoc","Inflame+1","Pommel Strike"],"picked":"SKIP","floor":36},{"not_picked":["Evolve+1","Pommel Strike"],"picked":"Ghostly Armor","floor":41},{"not_picked":["Fire Breathing+1","Wild Strike","Perfected Strike"],"picked":"SKIP","floor":44},{"not_picked":["Reckless Charge","Heavy Blade","Fire Breathing+1"],"picked":"SKIP","floor":46}],"player_experience":1189449,"relics_obtained":[{"floor":6,"key":"Self Forming Clay"},{"floor":8,"key":"Strawberry"},{"floor":9,"key":"Pen Nib"},{"floor":13,"key":"Frozen Egg 2"},{"floor":24,"key":"Ancient Tea Set"},{"floor":26,"key":"Orichalcum"},{"floor":44,"key":"Oddly Smooth Stone"}],"event_choices":[{"damage_healed":0,"gold_gain":0,"player_choice":"Forge","damage_taken":0,"max_hp_gain":0,"max_hp_loss":0,"event_name":"Accursed Blacksmith","floor":3,"gold_loss":0,"cards_upgraded":["Bash"]},{"damage_healed":0,"gold_gain":0,"cards_transformed":["Strike_R","Strike_R"],"player_choice":"Became Test Subject","damage_taken":0,"max_hp_gain":0,"max_hp_loss":0,"event_name":"Drug Dealer","floor":20,"gold_loss":0,"cards_obtained":["Rampage","Warcry"]},{"damage_healed":0,"gold_gain":0,"player_choice":"Fight","damage_taken":0,"max_hp_gain":0,"max_hp_loss":0,"event_name":"Colosseum","floor":21,"gold_loss":0},{"damage_healed":0,"gold_gain":0,"player_choice":"Fled From Nobs","damage_taken":0,"max_hp_gain":0,"max_hp_loss":0,"event_name":"Colosseum","floor":21,"gold_loss":0},{"damage_healed":0,"gold_gain":0,"player_choice":"Paid Fearfully","damage_taken":0,"max_hp_gain":0,"max_hp_loss":0,"event_name":"Masked Bandits","floor":22,"gold_loss":1},{"cards_removed":["Strike_R"],"damage_healed":0,"gold_gain":0,"player_choice":"Removed Attack","damage_taken":0,"max_hp_gain":0,"max_hp_loss":0,"event_name":"Falling","floor":38,"gold_loss":0},{"damage_healed":0,"gold_gain":0,"player_choice":"Ignored","damage_taken":0,"max_hp_gain":0,"max_hp_loss":0,"event_name":"Tomb of Lord Red Mask","floor":39,"gold_loss":0}],"is_beta":false,"boss_relics":[{"not_picked":["Calling Bell","Lizard Tail"],"picked":"Mark of Pain"},{"not_picked":["Tiny House","Snecko Eye"],"picked":"Cursed Key"}],"items_purged_floors":[19,45],"is_endless":false,"potions_floor_spawned":[1,4,6,10,13,21,27,33,36,41],"killed_by":"Giant Head","ascension_level":20}