{"gold_per_floor":[118,30,45,45,45,74,74,103,148,166,197,209,219,219,219,297,297,317,317,317,331,346,346],"floor_reached":23,"playtime":1470,"items_purged":[],"score":472,"play_id":"42faa0d7-a1dc-4055-8d71-af9519ab2b7a","local_time":"20190224103335","is_ascension_mode":true,"campfire_choices":[{"data":"Bash","floor":7,"key":"SMITH"},{"data":"Anger","floor":15,"key":"SMITH"}],"neow_cost":"NONE","seed_source_timestamp":923237161303747,"circlet_count":0,"master_deck":["AscendersBane","Strike_R","Strike_R","Strike_R","Strike_R","Strike_R","Defend_R","Defend_R","Defend_R","Defend_R","Bash+1","Combust+1","Shrug It Off","Anger+1","Battle Trance","Headbutt","Flame Barrier+1","Fiend Fire+1","Power Through+1"],"relics":["Burning Blood","NeowsBlessing","Bag of Marbles","Pear","Dream Catcher","Dodecahedron","Velvet Choker"],"potions_floor_usage":[11,13,16],"damage_taken":[{"damage":0,"enemies":"Small Slimes","floor":1,"turns":1},{"damage":0,"enemies":"Cultist","floor":3,"turns":1},{"damage":0,"enemies":"3 Sentries","floor":6,"turns":2},{"damage":35,"enemies":"Gremlin Nob","floor":8,"turns":4},{"damage":5,"enemies":"2 Louse","floor":10,"turns":2},{"damage":35,"enemies":"Lagavulin","floor":11,"turns":5},{"damage":2,"enemies":"2 Fungi Beasts","floor":12,"turns":2},{"damage":0,"enemies":"Lots of Slimes","floor":13,"turns":1},{"damage":29,"enemies":"Hexaghost","floor":16,"turns":8},{"damage":24,"enemies":"Shell Parasite","floor":18,"turns":4},{"damage":2,"enemies":"Spheric Guardian","floor":21,"turns":3},{"damage":14,"enemies":"3 Cultists","floor":22,"turns":4},{"damage":46,"enemies":"Slavers","floor":23,"turns":5}],"seed_played":"-4684805104213490793","potions_obtained":[{"floor":3,"key":"Swift Potion"},{"floor":6,"key":"SteroidPotion"},{"floor":8,"key":"Block Potion"},{"floor":11,"key":"Explosive Potion"}],"is_trial":false,"path_per_floor":["M","$","M","?","$","E","R","E","T","M","E","M","M","?","R","B",null,"M","?","?","M","M","E"],"character_chosen":"IRONCLAD","items_purchased":["Combust"],"campfire_rested":0,"item_purchase_floors":[2],"current_hp_per_floor":[74,74,75,75,75,75,75,56,56,57,28,32,38,38,38,15,68,50,50,50,54,46,0],"gold":346,"neow_bonus":"THREE_ENEMY_KILL","is_prod":false,"is_daily":false,"chose_seed":false,"campfire_upgraded":2,"win_rate":0,"timestamp":1551004415,"path_taken":["M","$","M","?","$","E","R","E","T","M","E","M","?","?","R","BOSS","M","?","?","?","M","E"],"build_version":"2019-01-23","purchased_purges":0,"victory":false,"max_hp_per_floor":[75,75,75,75,75,75,75,85,85,85,85,85,85,85,85,85,85,85,85,85,85,85,85],"card_choices":[{"not_picked":["Wild Strike","Burning Pact","Warcry"],"picked":"SKIP","floor":1},{"not_picked":["Wild Strike","Thunderclap"],"picked":"Shrug It Off","floor":3},{"not_picked":["Exhume","Cleave","Warcry"],"picked":"SKIP","floor":6},{"not_picked":["Carnage","Reckless Charge"],"picked":"Anger","floor":8},{"not_picked":["Thunderclap","Clothesline"],"picked":"Battle Trance","floor":10},{"not_picked":["Perfected Strike","Anger"],"picked":"Headbutt","floor":11},{"not_picked":["Heavy Blade","Havoc","Power Through"],"picked":"SKIP","floor":12},{"not_picked":["Twin Strike","Clothesline"],"picked":"Flame Barrier","floor":13},{"not_picked":["Juggernaut","Limit Break"],"picked":"Fiend Fire","floor":16},{"not_picked":["Anger","Battle Trance","Twin Strike"],"picked":"SKIP","floor":18},{"not_picked":["Heavy Blade","Headbutt"],"picked":"Power Through+1","floor":21},{"not_picked":["Cleave","Iron Wave","Havoc"],"picked":"SKIP","floor":22}],"player_experience":1187979,"relics_obtained":[{"floor":6,"key":"Bag of Marbles"},{"floor":8,"key":"Pear"},{"floor":9,"key":"Dream Catcher"},{"floor":11,"key":"Dodecahedron"}],"event_choices":[{"damage_healed":0,"gold_gain":0,"player_choice":"Upgraded","damage_taken":0,"max_hp_gain":0,"max_hp_loss":0,"event_name":"Upgrade Shrine","floor":4,"gold_loss":0,"cards_upgraded":["Combust"]},{"damage_healed":0,"gold_gain":0,"player_choice":"Grow","damage_taken":0,"max_hp_gain":0,"max_hp_loss":0,"event_name":"Living Wall","floor":14,"gold_loss":0,"cards_upgraded":["Flame Barrier"]},{"damage_healed":0,"gold_gain":0,"player_choice":"Ignored","damage_taken":0,"max_hp_gain":0,"max_hp_loss":0,"event_name":"Vampires","floor":19,"gold_loss":0},{"damage_healed":0,"gold_gain":0,"player_choice":"Forge","damage_taken":0,"max_hp_gain":0,"max_hp_loss":0,"event_name":"Accursed Blacksmith","floor":20,"gold_loss":0,"cards_upgraded":["Fiend Fire"]}],"is_beta":false,"boss_relics":[{"not_picked":["Runic Dome","Lizard Tail"],"picked":"Velvet Choker"}],"items_purged_floors":[],"is_endless":false,"potions_floor_spawned":[3,6,8,11,12],"killed_by":"Slavers","ascension_level":20}