{"gold_per_floor":[116,116,134,51,62,62,94,94,119,119,133,152,152,227,227,306,306,316,42,54,65,65,65,80,95,95,95,109,109,125,125,125,125],"floor_reached":33,"playtime":2294,"items_purged":[],"score":498,"play_id":"9e2d3fe2-33a1-4712-80f7-ecc078b6037c","local_time":"20190224125621","is_ascension_mode":true,"campfire_choices":[{"data":"Sword Boomerang","floor":6,"key":"SMITH"},{"data":"Whirlwind","floor":8,"key":"SMITH"},{"data":"Bash","floor":10,"key":"SMITH"},{"data":"True Grit","floor":13,"key":"SMITH"},{"data":"Spot Weakness","floor":15,"key":"SMITH"},{"floor":23,"key":"REST"},{"floor":27,"key":"REST"},{"floor":29,"key":"REST"},{"floor":32,"key":"REST"}],"neow_cost":"NONE","seed_source_timestamp":930975535080402,"circlet_count":0,"master_deck":["AscendersBane","Strike_R","Strike_R","Strike_R","Strike_R","Strike_R","Defend_R","Defend_R","Defend_R","Defend_R","Bash+1","Shrug It Off","Sword Boomerang+1","Spot Weakness","Spot Weakness+1","Whirlwind+1","True Grit+1","Limit Break+1","True Grit","Offering","Flash of Steel","Flame Barrier","Metallicize+1","Sentinel+1","True Grit+1"],"relics":["Burning Blood","NeowsBlessing","Omamori","Happy Flower","Lizard Tail","Question Card","Enchiridion"],"potions_floor_usage":[5,7,18,28,28,33],"damage_taken":[{"damage":0,"enemies":"2 Louse","floor":1,"turns":1},{"damage":0,"enemies":"Cultist","floor":3,"turns":1},{"damage":0,"enemies":"Small Slimes","floor":5,"turns":1},{"damage":30,"enemies":"Lagavulin","floor":7,"turns":7},{"damage":3,"enemies":"Looter","floor":11,"turns":2},{"damage":7,"enemies":"Lots of Slimes","floor":12,"turns":2},{"damage":9,"enemies":"The Guardian","floor":16,"turns":8},{"damage":12,"enemies":"Shell Parasite","floor":18,"turns":3},{"damage":36,"enemies":"3 Byrds","floor":20,"turns":4},{"damage":19,"enemies":"Centurion and Healer","floor":21,"turns":7},{"damage":15,"enemies":"Snake Plant","floor":24,"turns":3},{"damage":28,"enemies":"3 Cultists","floor":25,"turns":4},{"damage":36,"enemies":"Shelled Parasite and Fungi","floor":28,"turns":7},{"damage":42,"enemies":"Chosen and Byrds","floor":30,"turns":7},{"damage":48,"enemies":"Automaton","floor":33,"turns":6}],"seed_played":"8091711885606673442","potions_obtained":[{"floor":2,"key":"EssenceOfSteel"},{"floor":2,"key":"Fruit Juice"},{"floor":5,"key":"Strength Potion"},{"floor":11,"key":"SkillPotion"},{"floor":21,"key":"Explosive Potion"},{"floor":24,"key":"PowerPotion"},{"floor":30,"key":"Block Potion"}],"is_trial":false,"path_per_floor":["M","?","M","$","M","R","E","R","T","R","M","M","R","?","R","B",null,"M","$","M","M","?","R","M","M","T","R","M","R","M","?","R","B"],"character_chosen":"IRONCLAD","items_purchased":["Spot Weakness","Offering","Flash of Steel"],"campfire_rested":4,"item_purchase_floors":[4,19,19],"current_hp_per_floor":[74,74,75,75,80,80,56,56,56,56,59,58,58,47,47,44,71,65,65,35,22,22,46,37,15,15,39,9,33,39,18,42,0],"gold":125,"neow_bonus":"THREE_ENEMY_KILL","is_prod":false,"is_daily":false,"chose_seed":false,"campfire_upgraded":5,"win_rate":0,"timestamp":1551012981,"path_taken":["M","?","M","$","M","R","E","R","T","R","?","M","R","?","R","BOSS","M","$","M","M","?","R","M","M","T","R","M","R","?","?","R","BOSS"],"build_version":"2019-01-23","purchased_purges":0,"victory":false,"max_hp_per_floor":[75,75,75,75,80,80,80,80,80,80,80,80,80,80,80,80,80,80,80,80,80,80,80,80,80,80,80,80,80,80,80,80,80],"card_choices":[{"not_picked":["Perfected Strike","Entrench"],"picked":"Shrug It Off","floor":1},{"not_picked":["Evolve","Clash"],"picked":"Sword Boomerang","floor":3},{"not_picked":["Ghostly Armor","Clash"],"picked":"Spot Weakness","floor":5},{"not_picked":["Spot Weakness","Pommel Strike"],"picked":"Whirlwind","floor":7},{"not_picked":["Clash","Anger","Second Wind"],"picked":"SKIP","floor":11},{"not_picked":["Body Slam","Pommel Strike"],"picked":"True Grit","floor":12},{"not_picked":["Juggernaut","Impervious"],"picked":"Limit Break","floor":16},{"not_picked":["Metallicize","Sever Soul"],"picked":"True Grit","floor":18},{"not_picked":["Evolve","Burning Pact"],"picked":"Flame Barrier","floor":20},{"not_picked":["Bloodletting","Clothesline","Armaments"],"picked":"SKIP","floor":21},{"not_picked":["Warcry","Carnage"],"picked":"Metallicize+1","floor":24},{"not_picked":["Cleave","Dropkick"],"picked":"Sentinel+1","floor":25},{"not_picked":["Blood for Blood","Anger","Clash"],"picked":"True Grit+1","floor":28},{"not_picked":["Headbutt","Warcry","Thunderclap","Double Tap"],"picked":"SKIP","floor":30}],"player_experience":1192355,"relics_obtained":[{"floor":7,"key":"Omamori"},{"floor":9,"key":"Happy Flower"},{"floor":26,"key":"Question Card"},{"floor":31,"key":"Enchiridion"}],"event_choices":[{"damage_healed":0,"gold_gain":0,"player_choice":"Got Potions","damage_taken":0,"max_hp_gain":0,"max_hp_loss":0,"event_name":"Lab","floor":2,"gold_loss":0},{"damage_healed":0,"gold_gain":75,"player_choice":"Gather Gold","damage_taken":11,"max_hp_gain":0,"max_hp_loss":0,"event_name":"World of Goop","floor":14,"gold_loss":0},{"damage_healed":0,"gold_gain":0,"player_choice":"Upgraded","damage_taken":0,"max_hp_gain":0,"max_hp_loss":0,"event_name":"Upgrade Shrine","floor":22,"gold_loss":0,"cards_upgraded":["Limit Break"]},{"damage_healed":0,"gold_gain":0,"player_choice":"Obtained Book","damage_taken":21,"max_hp_gain":0,"max_hp_loss":0,"event_name":"Cursed Tome","floor":31,"gold_loss":0}],"is_beta":false,"boss_relics":[{"not_picked":["Coffee Dripper","Runic Dome"],"picked":"Lizard Tail"}],"items_purged_floors":[],"is_endless":false,"potions_floor_spawned":[5,11,16,21,24,25,30],"killed_by":"Automaton","ascension_level":20}