{"gold_per_floor":[119,139,139,139,153,180,25,25,73,100,113,133,33,67,67,141,141,159,339,350,360,275,275,289,322,322,356,375,375,131,144,144,218,218,231,69,86,86,106,136,236,236,259,285,296,324,340,365,365,365,365,365,365,20,52,52],"floor_reached":57,"playtime":4681,"items_purged":["Strike_R","Strike_R","Strike_R"],"score":3264,"play_id":"cf2e7735-1fe1-483c-9c34-9090420ba0f2","local_time":"20190225004350","is_ascension_mode":true,"campfire_choices":[{"data":"Uppercut","floor":8.0,"key":"SMITH"},{"data":"Inflame","floor":15.0,"key":"SMITH"},{"data":"Flame Barrier","floor":23,"key":"SMITH"},{"data":"Reaper","floor":32,"key":"SMITH"},{"floor":42,"key":"RECALL"},{"floor":49,"key":"REST"},{"floor":53,"key":"REST"}],"neow_cost":"NONE","seed_source_timestamp":971016270836979,"circlet_count":0,"master_deck":["AscendersBane","Strike_R","Strike_R","Defend_R","Defend_R+1","Defend_R","Defend_R","Bash","Pommel Strike","Twin Strike","Uppercut+1","Battle Trance+1","True Grit","Inflame+1","Anger","Reaper+1","Flame Barrier+1","Shrug It Off","Flame Barrier+1","Shockwave","Headbutt","Offering","Shrug It Off+1","Sword Boomerang+1","Armaments+1","Corruption","Shrug It Off","Feel No Pain"],"special_seed":0,"relics":["Burning Blood","Red Skull","Vajra","Strawberry","Lantern","Pen Nib","Snecko Eye","Incense Burner","Letter Opener","Bottled Lightning","Singing Bowl","Ornamental Fan","Bag of Preparation","Fusion Hammer","War Paint","Pocketwatch","Dead Branch","Oddly Smooth Stone","Bird Faced Urn","Bronze Scales","Bag of Marbles"],"potions_floor_usage":[21,24,33,41],"damage_taken":[{"damage":9.0,"enemies":"Jaw Worm","floor":1.0,"turns":4.0},{"damage":3.0,"enemies":"Small Slimes","floor":2.0,"turns":4.0},{"damage":6.0,"enemies":"Cultist","floor":5.0,"turns":3.0},{"damage":32.0,"enemies":"Gremlin Nob","floor":6.0,"turns":4.0},{"damage":20.0,"enemies":"Lagavulin","floor":10.0,"turns":5.0},{"damage":0.0,"enemies":"Looter","floor":11.0,"turns":1.0},{"damage":14.0,"enemies":"Exordium Wildlife","floor":12.0,"turns":4.0},{"damage":6.0,"enemies":"Gremlin Nob","floor":14.0,"turns":3.0},{"damage":0.0,"enemies":"Slime Boss","floor":16.0,"turns":4.0},{"damage":11,"enemies":"2 Thieves","floor":18,"turns":3},{"damage":0,"enemies":"Shell Parasite","floor":20,"turns":1},{"damage":15,"enemies":"3 Cultists","floor":21,"turns":5},{"damage":24,"enemies":"Snake Plant","floor":24,"turns":5},{"damage":0,"enemies":"Gremlin Leader","floor":25,"turns":4},{"damage":0,"enemies":"Book of Stabbing","floor":27,"turns":4},{"damage":7,"enemies":"Sentry and Sphere","floor":28,"turns":7},{"damage":0,"enemies":"Shelled Parasite and Fungi","floor":31,"turns":3},{"damage":95,"enemies":"Collector","floor":33,"turns":12},{"damage":2,"enemies":"Orb Walker","floor":35,"turns":3},{"damage":6,"enemies":"3 Shapes","floor":37,"turns":4},{"damage":38,"enemies":"Sphere and 2 Shapes","floor":39,"turns":6},{"damage":37,"enemies":"Reptomancer","floor":40,"turns":7},{"damage":0,"enemies":"Mind Bloom Boss Battle","floor":41,"turns":4},{"damage":18,"enemies":"Nemesis","floor":44,"turns":5},{"damage":9,"enemies":"3 Darklings","floor":45,"turns":5},{"damage":35,"enemies":"Reptomancer","floor":46,"turns":4},{"damage":6,"enemies":"Spire Growth","floor":47,"turns":3},{"damage":6,"enemies":"Nemesis","floor":48,"turns":3},{"damage":9,"enemies":"Donu and Deca","floor":50,"turns":6},{"damage":44,"enemies":"Awakened One","floor":51,"turns":5},{"damage":9,"enemies":"Shield and Spear","floor":55,"turns":4},{"damage":63,"enemies":"The Heart","floor":56,"turns":8}],"seed_played":"5527594465418386714","potions_obtained":[{"floor":1.0,"key":"BloodPotion"},{"floor":11.0,"key":"AttackPotion"},{"floor":12.0,"key":"PowerPotion"},{"floor":20,"key":"Block Potion"},{"floor":27,"key":"Fire Potion"},{"floor":28,"key":"Dexterity Potion"},{"floor":39,"key":"Regen Potion"},{"floor":44,"key":"Dexterity Potion"},{"floor":45,"key":"Energy Potion"}],"is_trial":false,"path_per_floor":["M","M","?","?","M","E","$","R","T","E","M","M","$","E","R","B",null,"M","?","M","M","?","R","M","E","T","E","M","T","$","M","R","B",null,"M","$","M","?","M","E","?","R","T","E","M","E","M","E","R","B","B",null,"R","$","E","B",null],"character_chosen":"IRONCLAD","items_purchased":["Battle Trance","Bag of Preparation","Shockwave","Offering","Bronze Scales","SteroidPotion"],"campfire_rested":2,"item_purchase_floors":[7,30,30,36,54,54],"current_hp_per_floor":[65,68,73,73,73,47,47,47,54,40,46,38,38,38,38,44,76,78,54,60,68,68,68,50,74,74,87,89,89,89,91,91,14,73,79,79,90,90,65,66,85,85,85,87,99,89,101,101,101,101,95,100,101,101,100,70],"gold":52,"neow_bonus":"RANDOM_COMMON_RELIC","is_prod":false,"is_daily":false,"chose_seed":false,"campfire_upgraded":4,"win_rate":0,"timestamp":1551055430,"path_taken":["M","M","?","?","M","E","$","R","T","E","M","M","?","E","R","BOSS","M","?","M","?","?","R","M","E","T","E","M","?","$","M","R","BOSS","M","$","M","?","M","E","?","R","T","E","M","E","M","E","R","BOSS","BOSS","R","$","E","BOSS"],"build_version":"2019-01-23","purchased_purges":3,"victory":true,"max_hp_per_floor":[75,75,80,80,80,80,80,80,87,87,87,87,87,87,87,87,87,87,87,87,87,87,87,87,87,87,87,89,89,89,91,91,93,93,93,93,95,95,97,97,97,97,97,99,99,99,101,101,101,101,101,101,101,101,101,101],"card_choices":[{"not_picked":["Wild Strike","Warcry"],"picked":"Rampage","floor":1.0},{"not_picked":["Juggernaut","Iron Wave"],"picked":"Pommel Strike","floor":2.0},{"not_picked":["Carnage","Flex"],"picked":"Twin Strike","floor":5.0},{"not_picked":["Burning Pact","Clothesline"],"picked":"Uppercut","floor":6.0},{"not_picked":["Pommel Strike","Perfected Strike","Barricade"],"picked":"SKIP","floor":10.0},{"not_picked":["Iron Wave","Wild Strike"],"picked":"True Grit","floor":11.0},{"not_picked":["Perfected Strike","Flame Barrier"],"picked":"Inflame","floor":12.0},{"not_picked":["Wild Strike","Havoc"],"picked":"Anger","floor":14.0},{"not_picked":["Fiend Fire","Offering"],"picked":"Reaper","floor":16.0},{"not_picked":["Iron Wave","Thunderclap","Rupture+1"],"picked":"SKIP","floor":18},{"not_picked":["Pommel Strike","Body Slam","Hemokinesis"],"picked":"SKIP","floor":20},{"not_picked":["Havoc","Thunderclap+1"],"picked":"Flame Barrier","floor":21},{"not_picked":["Searing Blow","Anger"],"picked":"Shrug It Off","floor":24},{"not_picked":["Perfected Strike","Twin Strike","Thunderclap"],"picked":"SKIP","floor":25},{"not_picked":["Shockwave","Burning Pact"],"picked":"Flame Barrier+1","floor":27},{"not_picked":["Corruption","Clash","Havoc"],"picked":"Singing Bowl","floor":28},{"not_picked":["Rage","Searing Blow","Warcry"],"picked":"Singing Bowl","floor":31},{"not_picked":["Dark Embrace","Barricade","Fiend Fire"],"picked":"Singing Bowl","floor":33},{"not_picked":["Corruption+1","Iron Wave+1"],"picked":"Headbutt","floor":35},{"not_picked":["Anger","Warcry","Twin Strike"],"picked":"Singing Bowl","floor":37},{"not_picked":["Perfected Strike","Rage","Dual Wield"],"picked":"Singing Bowl","floor":39},{"not_picked":["Havoc","Infernal Blade"],"picked":"Shrug It Off+1","floor":40},{"not_picked":["Immolate","Entrench"],"picked":"Sword Boomerang+1","floor":41},{"not_picked":["Wild Strike","Warcry","Cleave"],"picked":"Singing Bowl","floor":44},{"not_picked":["Evolve","Bludgeon"],"picked":"Armaments+1","floor":45},{"not_picked":["Wild Strike","Iron Wave"],"picked":"Corruption","floor":46},{"not_picked":["Rupture+1","Battle Trance","Clash"],"picked":"Singing Bowl","floor":47},{"not_picked":["Iron Wave+1","Pummel+1"],"picked":"Shrug It Off","floor":48},{"not_picked":["Shrug It Off","Dropkick"],"picked":"Feel No Pain","floor":55}],"player_experience":1202860,"relics_obtained":[{"floor":6.0,"key":"Vajra"},{"floor":9.0,"key":"Strawberry"},{"floor":10.0,"key":"Lantern"},{"floor":14.0,"key":"Pen Nib"},{"floor":25,"key":"Letter Opener"},{"floor":26,"key":"Bottled Lightning"},{"floor":27,"key":"Singing Bowl"},{"floor":29,"key":"Ornamental Fan"},{"floor":40,"key":"War Paint"},{"floor":41,"key":"Pocketwatch"},{"floor":44,"key":"Dead Branch"},{"floor":46,"key":"Oddly Smooth Stone"},{"floor":48,"key":"Bird Faced Urn"},{"floor":55,"key":"Bag of Marbles"}],"event_choices":[{"damage_healed":0.0,"max_hp_gain":5.0,"max_hp_loss":0.0,"gold_gain":0.0,"event_name":"Big Fish","player_choice":"Donut","floor":3.0,"gold_loss":0.0,"damage_taken":0.0},{"damage_healed":0.0,"max_hp_gain":0.0,"max_hp_loss":0.0,"gold_gain":0.0,"event_name":"The Cleric","player_choice":"Leave","floor":4.0,"gold_loss":0.0,"damage_taken":0.0},{"damage_healed":0,"gold_gain":180,"player_choice":"GOLD GOLD ","damage_taken":24,"max_hp_gain":0,"max_hp_loss":0,"event_name":"Knowing Skull","floor":19,"potions_obtained":[],"gold_loss":0,"cards_obtained":[]},{"damage_healed":0,"gold_gain":0,"player_choice":"Obtained Relic","damage_taken":0,"relics_obtained":["Incense Burner"],"max_hp_gain":0,"max_hp_loss":0,"event_name":"Addict","floor":22,"gold_loss":85},{"cards_removed":["Rampage"],"damage_healed":0,"gold_gain":0,"player_choice":"Removed Attack","damage_taken":0,"max_hp_gain":0,"max_hp_loss":0,"event_name":"Falling","floor":38,"gold_loss":0},{"damage_healed":0,"gold_gain":0,"player_choice":"Fight","damage_taken":0,"max_hp_gain":0,"max_hp_loss":0,"event_name":"MindBloom","floor":41,"gold_loss":0}],"is_beta":false,"boss_relics":[{"not_picked":["Sozu","Orrery"],"picked":"Snecko Eye"},{"not_picked":["Philosopher\u0027s Stone","Calling Bell"],"picked":"Fusion Hammer"}],"items_purged_floors":[7,13,54],"is_endless":false,"potions_floor_spawned":[1,11,12,14,20,27,28,31,39,40,44,45,46,47],"ascension_level":20}