{"gold_per_floor":[112,128,146,57,57,57,74,100,100,114,164,164,174,201,201,201],"floor_reached":16,"playtime":888,"items_purged":[],"score":224,"play_id":"c62a00cf-36d1-4eff-b941-f880cc343d71","local_time":"20190224133124","is_ascension_mode":true,"campfire_choices":[{"data":"Perfected Strike","floor":6,"key":"SMITH"},{"floor":12,"key":"REST"},{"data":"Armaments","floor":15,"key":"SMITH"}],"neow_cost":"NONE","seed_source_timestamp":934517304449398,"circlet_count":0,"master_deck":["AscendersBane","Strike_R","Strike_R","Strike_R","Strike_R","Strike_R","Defend_R","Defend_R","Defend_R","Defend_R","Bash","Shrug It Off","Perfected Strike+1","Metallicize","True Grit","Armaments+1","Cleave"],"relics":["Burning Blood","Vajra","Blood Vial","Sundial"],"potions_floor_usage":[7,8,14],"damage_taken":[{"damage":1,"enemies":"2 Louse","floor":1,"turns":3},{"damage":7,"enemies":"Cultist","floor":2,"turns":4},{"damage":7,"enemies":"Jaw Worm","floor":3,"turns":5},{"damage":11,"enemies":"Exordium Thugs","floor":7,"turns":5},{"damage":44,"enemies":"Lagavulin","floor":8,"turns":8},{"damage":9,"enemies":"2 Fungi Beasts","floor":10,"turns":4},{"damage":6,"enemies":"Blue Slaver","floor":13,"turns":4},{"damage":16,"enemies":"3 Sentries","floor":14,"turns":8},{"damage":57,"enemies":"Slime Boss","floor":16,"turns":12}],"seed_played":"-5254466654225472536","potions_obtained":[{"floor":2,"key":"SkillPotion"},{"floor":5,"key":"Weak Potion"},{"floor":5,"key":"Energy Potion"},{"floor":8,"key":"AttackPotion"}],"is_trial":false,"path_per_floor":["M","M","M","$","?","R","M","E","T","M","?","R","M","E","R","B"],"character_chosen":"IRONCLAD","items_purchased":["Metallicize"],"campfire_rested":1,"item_purchase_floors":[4],"current_hp_per_floor":[80,79,78,78,78,78,73,35,35,34,34,58,60,52,52,0],"gold":201,"neow_bonus":"TEN_PERCENT_HP_BONUS","is_prod":false,"is_daily":false,"chose_seed":false,"campfire_upgraded":2,"win_rate":0,"timestamp":1551015084,"path_taken":["M","M","M","$","?","R","M","E","T","?","?","R","M","E","R","BOSS"],"build_version":"2019-01-23","purchased_purges":0,"victory":false,"max_hp_per_floor":[82,82,82,82,82,82,82,82,82,82,82,82,82,82,82,82],"card_choices":[{"not_picked":["Flex","Heavy Blade","Clash"],"picked":"SKIP","floor":1},{"not_picked":["Rupture","Body Slam"],"picked":"Shrug It Off","floor":2},{"not_picked":["Clash","Heavy Blade"],"picked":"Perfected Strike","floor":3},{"not_picked":["Burning Pact","Power Through"],"picked":"True Grit","floor":7},{"not_picked":["Intimidate","Berserk","Thunderclap"],"picked":"SKIP","floor":8},{"not_picked":["Metallicize","Iron Wave"],"picked":"Armaments","floor":10},{"not_picked":["Havoc","Seeing Red","Sever Soul"],"picked":"SKIP","floor":13},{"not_picked":["Armaments","Reckless Charge"],"picked":"Cleave","floor":14}],"player_experience":1195355,"relics_obtained":[{"floor":8,"key":"Vajra"},{"floor":9,"key":"Blood Vial"},{"floor":14,"key":"Sundial"}],"event_choices":[{"damage_healed":0,"gold_gain":0,"player_choice":"Got Potions","damage_taken":0,"max_hp_gain":0,"max_hp_loss":0,"event_name":"Lab","floor":5,"gold_loss":0},{"damage_healed":0,"gold_gain":50,"player_choice":"Pray","damage_taken":0,"max_hp_gain":0,"max_hp_loss":0,"event_name":"Golden Shrine","floor":11,"gold_loss":0}],"is_beta":false,"boss_relics":[],"items_purged_floors":[],"is_endless":false,"potions_floor_spawned":[2,8],"killed_by":"Slime Boss","ascension_level":20}