{"gold_per_floor":[116,116,136,151,166,183,183,208,234,234,194],"floor_reached":11,"playtime":388,"items_purged":[],"score":150,"play_id":"81857b58-d251-49f8-8259-d7ab72be6118","local_time":"20190817000828","is_ascension_mode":true,"campfire_choices":[{"data":"Cleave","floor":7,"key":"SMITH"},{"data":"Rampage","floor":10,"key":"SMITH"}],"neow_cost":"TEN_PERCENT_HP_LOSS","seed_source_timestamp":1734489311174589,"circlet_count":0,"master_deck":["AscendersBane","Strike_R","Strike_R","Strike_R","Strike_R","Strike_R","Defend_R","Defend_R","Defend_R","Defend_R","Bash","Forethought","Purity","Rampage+1","Carnage","Cleave+1","Headbutt","Shrug It Off","Feed"],"relics":["Burning Blood","NlothsMask","Singing Bowl"],"potions_floor_usage":[],"damage_taken":[{"damage":11,"enemies":"Small Slimes","floor":1,"turns":4},{"damage":12,"enemies":"Cultist","floor":3,"turns":4},{"damage":10,"enemies":"2 Louse","floor":4,"turns":2},{"damage":9,"enemies":"2 Fungi Beasts","floor":5,"turns":3},{"damage":12,"enemies":"Looter","floor":6,"turns":3},{"damage":52,"enemies":"Gremlin Nob","floor":8,"turns":5},{"damage":17,"enemies":"Exordium Thugs","floor":11,"turns":2}],"seed_played":"7997500963333483188","potions_obtained":[{"floor":4,"key":"FairyPotion"},{"floor":8,"key":"Dexterity Potion"}],"is_trial":false,"path_per_floor":["M","?","M","M","M","M","R","E","T","R","M"],"character_chosen":"IRONCLAD","items_purchased":[],"campfire_rested":0,"item_purchase_floors":[],"current_hp_per_floor":[63,63,57,53,50,44,44,12,12,12,0],"gold":194,"neow_bonus":"RANDOM_COLORLESS_2","is_prod":false,"is_daily":false,"chose_seed":false,"campfire_upgraded":2,"win_rate":0,"timestamp":1565996908,"path_taken":["M","?","M","M","?","M","R","E","T","R","M"],"build_version":"2019-07-17","purchased_purges":0,"victory":false,"max_hp_per_floor":[68,68,68,68,68,68,68,68,68,68,68],"card_choices":[{"not_picked":["Entrench","Clash"],"picked":"Rampage","floor":1},{"not_picked":["Anger","Flex"],"picked":"Carnage","floor":3},{"not_picked":["Pommel Strike","Perfected Strike"],"picked":"Cleave","floor":4},{"not_picked":["Shrug It Off","Rupture"],"picked":"Headbutt","floor":5},{"not_picked":["Warcry","Clothesline"],"picked":"Shrug It Off","floor":6},{"not_picked":["Thunderclap","Sword Boomerang"],"picked":"Feed","floor":8}],"player_experience":1494061,"relics_obtained":[{"floor":8,"key":"Singing Bowl"}],"event_choices":[{"damage_healed":0,"gold_gain":0,"player_choice":"Trade","damage_taken":0,"relics_obtained":["NlothsMask"],"max_hp_gain":0,"max_hp_loss":0,"event_name":"FaceTrader","floor":2,"gold_loss":0}],"is_beta":false,"boss_relics":[],"items_purged_floors":[],"is_endless":false,"potions_floor_spawned":[4,8],"killed_by":"Exordium Thugs","ascension_level":20}