{"gold_per_floor":[115,115,132,28,41,74,91,91,91,103,148,160,182,228,240,324,336,366,378,368,380,53,53,86,86,86,86],"floor_reached":27,"playtime":1127,"items_purged":[],"score":498,"play_id":"62bff183-d606-4d0f-90e7-458429601f70","local_time":"20190821011345","is_ascension_mode":true,"campfire_choices":[{"data":"Bash","floor":8.0,"key":"SMITH"},{"data":"True Grit","floor":10.0,"key":"SMITH"},{"floor":15,"key":"REST"},{"data":"Flame Barrier","floor":23,"key":"SMITH"},{"floor":25,"key":"REST"}],"neow_cost":"NONE","seed_source_timestamp":159021331270700,"circlet_count":0,"master_deck":["AscendersBane","Strike_R+1","Strike_R+1","Strike_R+1","Strike_R+1","Strike_R+1","Defend_R+1","Defend_R+1","Defend_R+1","Defend_R+1","Bash+1","Sword Boomerang+1","Pommel Strike","Inflame","True Grit+1","Spot Weakness","Brutality","Limit Break","Flame Barrier+1","Cleave"],"special_seed":0,"relics":["Burning Blood","Strawberry","MawBank","Darkstone Periapt","Champion Belt","Runic Pyramid","Paper Frog","Thread and Needle","Sundial"],"potions_floor_usage":[14,14,14,20,27,27],"damage_taken":[{"damage":6.0,"enemies":"2 Louse","floor":1.0,"turns":3.0},{"damage":0.0,"enemies":"Cultist","floor":3.0,"turns":3.0},{"damage":0.0,"enemies":"Small Slimes","floor":5.0,"turns":3.0},{"damage":20.0,"enemies":"Gremlin Nob","floor":6.0,"turns":4.0},{"damage":11.0,"enemies":"Exordium Wildlife","floor":7.0,"turns":3.0},{"damage":18.0,"enemies":"Lagavulin","floor":11.0,"turns":7.0},{"damage":7.0,"enemies":"Looter","floor":13.0,"turns":4.0},{"damage":13,"enemies":"3 Sentries","floor":14,"turns":5},{"damage":54,"enemies":"Hexaghost","floor":16,"turns":8},{"damage":22,"enemies":"Shell Parasite","floor":18,"turns":4},{"damage":19,"enemies":"2 Thieves","floor":20,"turns":4},{"damage":49,"enemies":"Book of Stabbing","floor":24,"turns":5},{"damage":81,"enemies":"Slavers","floor":27,"turns":5}],"seed_played":"8697902046613720165","potions_obtained":[{"floor":3.0,"key":"Block Potion"},{"floor":11.0,"key":"SkillPotion"},{"floor":12.0,"key":"Poison Potion"},{"floor":14,"key":"Fruit Juice"},{"floor":16,"key":"BloodPotion"},{"floor":18,"key":"Explosive Potion"},{"floor":24,"key":"SkillPotion"}],"is_trial":false,"path_per_floor":["M","?","M","$","M","E","M","R","T","R","E","?","M","E","R","B",null,"M","?","M","?","$","R","E","R","T","E"],"character_chosen":"IRONCLAD","items_purchased":["Inflame","True Grit","Paper Frog","Cleave"],"campfire_rested":2,"item_purchase_floors":[4,4,22,22],"current_hp_per_floor":[75,50,56,56,62,55,50,50,50,50,38,38,37,35,63,15,74,58,58,68,87,87,87,44,72,72,0],"gold":86,"neow_bonus":"TEN_PERCENT_HP_BONUS","is_prod":false,"is_daily":false,"chose_seed":false,"campfire_upgraded":3,"win_rate":0,"timestamp":1566346425,"path_taken":["M","?","M","$","M","E","M","R","T","R","E","?","?","E","R","BOSS","M","?","M","?","$","R","E","R","T","E"],"build_version":"2019-07-17","purchased_purges":0,"victory":false,"max_hp_per_floor":[82,82,82,82,82,89,89,89,89,89,89,89,89,94,94,94,94,94,94,94,94,94,94,94,94,94,94],"card_choices":[{"not_picked":["Body Slam","Cleave"],"picked":"Sword Boomerang","floor":1.0},{"not_picked":["Flex","True Grit"],"picked":"Pommel Strike","floor":3.0},{"not_picked":["Armaments","Entrench","Headbutt"],"picked":"SKIP","floor":5.0},{"not_picked":["Sever Soul","Bloodletting"],"picked":"Spot Weakness","floor":6.0},{"not_picked":["Rage","Blood for Blood","Bloodletting"],"picked":"SKIP","floor":7.0},{"not_picked":["Sever Soul","Cleave"],"picked":"Brutality","floor":11.0},{"not_picked":["Sword Boomerang","Body Slam","Second Wind"],"picked":"SKIP","floor":13.0},{"not_picked":["Burning Pact","Sword Boomerang","Thunderclap"],"picked":"SKIP","floor":14},{"not_picked":["Burning Pact","Sword Boomerang","Thunderclap"],"picked":"SKIP","floor":14},{"not_picked":["Dark Embrace","Exhume"],"picked":"Limit Break","floor":16},{"not_picked":["Armaments","True Grit"],"picked":"Flame Barrier","floor":18},{"not_picked":["Wild Strike","Iron Wave","Armaments"],"picked":"SKIP","floor":20},{"not_picked":["Rage","Perfected Strike","Dropkick"],"picked":"SKIP","floor":24}],"player_experience":1536613,"relics_obtained":[{"floor":6.0,"key":"Strawberry"},{"floor":9.0,"key":"MawBank"},{"floor":11.0,"key":"Darkstone Periapt"},{"floor":14,"key":"Champion Belt"},{"floor":24,"key":"Thread and Needle"},{"floor":26,"key":"Sundial"}],"event_choices":[{"damage_healed":0.0,"max_hp_gain":0.0,"max_hp_loss":0.0,"gold_gain":0.0,"event_name":"Shining Light","player_choice":"Entered Light","floor":2.0,"gold_loss":0.0,"damage_taken":25.0,"cards_upgraded":["Defend_R","Sword Boomerang"]},{"damage_healed":0.0,"max_hp_gain":0.0,"max_hp_loss":0.0,"gold_gain":0.0,"event_name":"Lab","player_choice":"Got Potions","floor":12.0,"gold_loss":0.0,"damage_taken":0.0},{"damage_healed":0,"gold_gain":0,"player_choice":"Simplicity","damage_taken":0,"max_hp_gain":0,"max_hp_loss":0,"event_name":"Back to Basics","floor":19,"gold_loss":0,"cards_upgraded":["Strike_R","Strike_R","Strike_R","Strike_R","Strike_R","Defend_R","Defend_R","Defend_R"]},{"damage_healed":19,"gold_gain":0,"player_choice":"Heal","damage_taken":0,"max_hp_gain":0,"max_hp_loss":0,"event_name":"The Library","floor":21,"gold_loss":0}],"is_beta":false,"boss_relics":[{"not_picked":["Runic Dome","Lizard Tail"],"picked":"Runic Pyramid"}],"items_purged_floors":[],"is_endless":false,"potions_floor_spawned":[3,11,14,16,18,24],"killed_by":"Slavers","ascension_level":20}