{"gold_per_floor":[210,133,144,144,155,184,23,23,23,23],"floor_reached":10,"playtime":541,"items_purged":["Pain"],"score":132,"play_id":"69f9a0fb-0d2c-4f02-8c71-9d8d45eb4ef9","local_time":"20190821005239","is_ascension_mode":true,"campfire_choices":[],"neow_cost":"NONE","seed_source_timestamp":158467543550000,"circlet_count":0,"master_deck":["AscendersBane","Strike_R","Strike_R","Strike_R","Strike_R","Strike_R","Defend_R","Defend_R","Defend_R","Defend_R","Bash","Clothesline","Disarm","Shrug It Off","Disarm","Rampage"],"relics":["Burning Blood","WarpedTongs","Lantern","Question Card"],"potions_floor_usage":[6],"damage_taken":[{"damage":9,"enemies":"Jaw Worm","floor":1,"turns":4},{"damage":3,"enemies":"Cultist","floor":3,"turns":4},{"damage":9,"enemies":"Small Slimes","floor":5,"turns":4},{"damage":50,"enemies":"3 Sentries","floor":6,"turns":13},{"damage":29,"enemies":"Exordium Thugs","floor":10,"turns":5}],"seed_played":"-8071167412623541446","potions_obtained":[{"floor":1,"key":"EssenceOfSteel"}],"is_trial":false,"path_per_floor":["M","$","M","?","M","E","$","?","T","M"],"character_chosen":"IRONCLAD","items_purchased":["Disarm","Rampage"],"campfire_rested":0,"item_purchase_floors":[2,7],"current_hp_per_floor":[65,65,68,68,65,21,21,21,21,0],"gold":23,"neow_bonus":"HUNDRED_GOLD","is_prod":false,"is_daily":false,"chose_seed":false,"campfire_upgraded":0,"win_rate":0,"timestamp":1566345159,"path_taken":["M","$","M","?","?","E","$","?","T","M"],"build_version":"2019-07-17","purchased_purges":1,"victory":false,"max_hp_per_floor":[75,75,75,75,75,75,75,75,75,75],"card_choices":[{"not_picked":["Evolve","Sword Boomerang"],"picked":"Clothesline","floor":1},{"not_picked":["Wild Strike","Fire Breathing","Clash"],"picked":"SKIP","floor":3},{"not_picked":["Cleave","Heavy Blade"],"picked":"Shrug It Off","floor":5},{"not_picked":["Heavy Blade","Reckless Charge"],"picked":"Disarm","floor":6}],"player_experience":1536072,"relics_obtained":[{"floor":6,"key":"Lantern"},{"floor":9,"key":"Question Card"}],"event_choices":[{"damage_healed":0,"gold_gain":0,"player_choice":"Rummage","damage_taken":0,"relics_obtained":["WarpedTongs"],"max_hp_gain":0,"max_hp_loss":0,"event_name":"Accursed Blacksmith","floor":4,"gold_loss":0,"cards_obtained":["Pain"]},{"damage_healed":0,"gold_gain":0,"player_choice":"Ignored","damage_taken":0,"max_hp_gain":0,"max_hp_loss":0,"event_name":"WeMeetAgain","floor":8,"gold_loss":0}],"is_beta":false,"boss_relics":[],"items_purged_floors":[7],"is_endless":false,"potions_floor_spawned":[1],"killed_by":"Exordium Thugs","ascension_level":20}