{"gold_per_floor":[115,115,115,61,61,127,145,145,170,189,228,228,269,289,289,382,382,405,430,430,30,43,43,79,79,127,127,127,27,27,48,48,144,144,169,189,212,227,14,14,14,54,104,135,135],"floor_reached":45,"playtime":3163,"items_purged":["Strike_R","Strike_R"],"score":1068,"play_id":"2b6c3103-73fe-4031-b87a-bd944e9f09e8","local_time":"20190818004715","is_ascension_mode":true,"campfire_choices":[{"data":"Bash","floor":8,"key":"SMITH"},{"floor":12,"key":"REST"},{"data":"Disarm","floor":15,"key":"SMITH"},{"data":"Immolate","floor":23,"key":"SMITH"},{"data":"Spot Weakness","floor":27,"key":"SMITH"},{"data":"Shockwave","floor":30,"key":"SMITH"},{"floor":32,"key":"REST"},{"floor":41,"key":"REST"}],"neow_cost":"NONE","seed_source_timestamp":1820440182900617,"circlet_count":0,"master_deck":["AscendersBane","Strike_R","Defend_R","Defend_R","Defend_R","Bash+1","Battle Trance","Cleave","Disarm+1","Shockwave+1","Pommel Strike","Metallicize","Shrug It Off","Immolate+1","Clothesline+1","Havoc+1","Reaper","Uppercut","Spot Weakness+1","Fiend Fire","Heavy Blade","Inflame+1","Pummel"],"relics":["Black Blood","NeowsBlessing","Question Card","Golden Idol","Tiny Chest","Bag of Preparation","Art of War","StoneCalendar","Mango","Nunchaku","Regal Pillow","Busted Crown","Brimstone","Dream Catcher","Letter Opener"],"potions_floor_usage":[11,13,18,24,24,33,38],"damage_taken":[{"damage":0,"enemies":"Jaw Worm","floor":1,"turns":1},{"damage":0,"enemies":"Lagavulin","floor":6,"turns":1},{"damage":0,"enemies":"Small Slimes","floor":7,"turns":1},{"damage":3,"enemies":"2 Louse","floor":10,"turns":3},{"damage":35,"enemies":"3 Sentries","floor":11,"turns":7},{"damage":10,"enemies":"Lagavulin","floor":13,"turns":5},{"damage":8,"enemies":"Lots of Slimes","floor":14,"turns":3},{"damage":29,"enemies":"The Guardian","floor":16,"turns":13},{"damage":34,"enemies":"2 Thieves","floor":18,"turns":5},{"damage":11,"enemies":"Shell Parasite","floor":19,"turns":7},{"damage":15,"enemies":"Snake Plant","floor":22,"turns":4},{"damage":26,"enemies":"Book of Stabbing","floor":24,"turns":7},{"damage":3,"enemies":"Snecko","floor":31,"turns":4},{"damage":76,"enemies":"Automaton","floor":33,"turns":8},{"damage":3,"enemies":"Orb Walker","floor":35,"turns":2},{"damage":16,"enemies":"3 Shapes","floor":36,"turns":4},{"damage":49,"enemies":"Jaw Worm Horde","floor":37,"turns":4},{"damage":47,"enemies":"3 Darklings","floor":38,"turns":5},{"damage":88,"enemies":"Giant Head","floor":42,"turns":7},{"damage":18,"enemies":"Nemesis","floor":44,"turns":5},{"damage":30,"enemies":"Spire Growth","floor":45,"turns":2}],"seed_played":"8273344908889965201","potions_obtained":[{"floor":1,"key":"Regen Potion"},{"floor":11,"key":"Strength Potion"},{"floor":13,"key":"Energy Potion"},{"floor":16,"key":"SpeedPotion"},{"floor":19,"key":"SpeedPotion"},{"floor":24,"key":"Dexterity Potion"},{"floor":28,"key":"Block Potion"},{"floor":33,"key":"BloodPotion"}],"is_trial":false,"path_per_floor":["M","?","?","$","?","E","M","R","T","M","E","R","E","M","R","B",null,"M","M","?","$","M","R","E","?","T","R","?","$","R","M","R","B",null,"M","M","M","M","$","?","R","E","T","E","M"],"character_chosen":"IRONCLAD","items_purchased":["Cleave","Mango","Brimstone"],"campfire_rested":3,"item_purchase_floors":[4,21,39],"current_hp_per_floor":[74,74,63,63,37,43,49,49,49,52,38,60,56,54,54,31,64,40,39,39,53,48,48,38,38,38,38,38,38,38,57,89,23,73,80,89,50,35,35,35,76,35,35,27,0],"gold":135,"neow_bonus":"THREE_ENEMY_KILL","is_prod":false,"is_daily":false,"chose_seed":false,"campfire_upgraded":5,"win_rate":0,"timestamp":1566085635,"path_taken":["M","?","?","$","?","E","M","R","T","M","E","R","E","M","R","BOSS","M","M","?","$","M","R","E","?","T","R","?","$","R","M","R","BOSS","M","M","?","M","$","?","R","E","T","E","M"],"build_version":"2019-07-17","purchased_purges":2,"victory":false,"max_hp_per_floor":[75,75,75,75,75,75,75,75,75,75,75,75,75,75,75,75,75,75,75,75,89,89,89,89,89,89,89,89,89,89,89,89,89,89,89,89,89,89,89,89,89,89,89,89,89],"card_choices":[{"not_picked":["Pummel","Iron Wave"],"picked":"Battle Trance","floor":1},{"not_picked":["Iron Wave","Seeing Red","Thunderclap"],"picked":"Disarm","floor":6},{"not_picked":["Clash","Headbutt","Warcry"],"picked":"Shockwave","floor":7},{"not_picked":["Sever Soul","Burning Pact","Flex"],"picked":"Pommel Strike","floor":10},{"not_picked":["Pommel Strike","Searing Blow","Heavy Blade"],"picked":"Metallicize","floor":11},{"not_picked":["Searing Blow","Iron Wave","Reckless Charge"],"picked":"Shrug It Off","floor":13},{"not_picked":["Warcry","Ghostly Armor","Rupture","Twin Strike"],"picked":"SKIP","floor":14},{"not_picked":["Exhume","Offering","Impervious"],"picked":"Immolate","floor":16},{"not_picked":["Thunderclap","Heavy Blade","Pommel Strike"],"picked":"Clothesline+1","floor":18},{"not_picked":["Blood for Blood","True Grit","Whirlwind"],"picked":"Havoc+1","floor":19},{"not_picked":["Intimidate","Reckless Charge","Searing Blow+1","Headbutt"],"picked":"SKIP","floor":22},{"not_picked":["Armaments","Cleave","Infernal Blade"],"picked":"Spot Weakness","floor":24},{"not_picked":["Clash+1","Berserk","Flex","Armaments"],"picked":"SKIP","floor":31},{"not_picked":["Immolate","Bludgeon","Demon Form"],"picked":"Fiend Fire","floor":33},{"not_picked":["Rage"],"picked":"Heavy Blade","floor":35},{"not_picked":["True Grit"],"picked":"Spot Weakness","floor":36},{"not_picked":["Corruption"],"picked":"Inflame+1","floor":37},{"not_picked":["Sever Soul","Perfected Strike"],"picked":"SKIP","floor":38},{"not_picked":["Corruption","Rampage"],"picked":"SKIP","floor":42},{"not_picked":["Twin Strike"],"picked":"Pummel","floor":44}],"player_experience":1496596,"relics_obtained":[{"floor":6,"key":"Tiny Chest"},{"floor":9,"key":"Bag of Preparation"},{"floor":11,"key":"Art of War"},{"floor":13,"key":"StoneCalendar"},{"floor":24,"key":"Nunchaku"},{"floor":26,"key":"Regal Pillow"},{"floor":42,"key":"Dream Catcher"},{"floor":44,"key":"Letter Opener"}],"event_choices":[{"cards_removed":["Strike_R"],"damage_healed":0,"gold_gain":0,"player_choice":"Forget","damage_taken":0,"max_hp_gain":0,"max_hp_loss":0,"event_name":"Living Wall","floor":2,"gold_loss":0},{"damage_healed":0,"gold_gain":0,"player_choice":"Success","damage_taken":11,"relics_obtained":["Question Card"],"max_hp_gain":0,"max_hp_loss":0,"event_name":"Scrap Ooze","floor":3,"gold_loss":0},{"damage_healed":0,"gold_gain":0,"player_choice":"Take Damage","damage_taken":26,"relics_obtained":["Golden Idol"],"max_hp_gain":0,"max_hp_loss":0,"event_name":"Golden Idol","floor":5,"gold_loss":0},{"damage_healed":0,"gold_gain":0,"cards_transformed":["Strike_R","Defend_R"],"player_choice":"Became Test Subject","damage_taken":0,"max_hp_gain":0,"max_hp_loss":0,"event_name":"Drug Dealer","floor":20,"gold_loss":0,"cards_obtained":["Reaper","Uppercut"]},{"damage_healed":0,"gold_gain":0,"player_choice":"Ignored","damage_taken":0,"max_hp_gain":0,"max_hp_loss":0,"event_name":"Ghosts","floor":25,"gold_loss":0},{"damage_healed":0,"gold_gain":0,"player_choice":"Got Potions","damage_taken":0,"max_hp_gain":0,"max_hp_loss":0,"event_name":"Lab","floor":28,"gold_loss":0},{"cards_removed":["Spot Weakness"],"damage_healed":0,"gold_gain":0,"player_choice":"Removed Skill","damage_taken":0,"max_hp_gain":0,"max_hp_loss":0,"event_name":"Falling","floor":40,"gold_loss":0}],"is_beta":false,"boss_relics":[{"not_picked":["Runic Dome","Eternal Feather"],"picked":"Black Blood"},{"not_picked":["Calling Bell","Runic Cube"],"picked":"Busted Crown"}],"items_purged_floors":[21,29],"is_endless":false,"potions_floor_spawned":[1,11,13,16,19,24,33,36,37],"killed_by":"Spire Growth","ascension_level":20}