{"gold_per_floor":[112,112,33,49,124,150,162,162,162,162,182,182,27,61,61,61],"floor_reached":16,"playtime":701,"items_purged":["Strike_R"],"score":216,"play_id":"c280585a-5adc-4e26-89a1-4970579ec452","local_time":"20190819003319","is_ascension_mode":true,"campfire_choices":[{"data":"Carnage","floor":8,"key":"SMITH"},{"floor":12,"key":"REST"},{"data":"Rampage","floor":15,"key":"SMITH"}],"neow_cost":"NONE","seed_source_timestamp":1908441786220455,"circlet_count":0,"master_deck":["AscendersBane","Strike_R","Strike_R","Strike_R","Strike_R","Defend_R","Defend_R","Defend_R","Defend_R","Bash+1","Carnage+1","Pummel","Rampage+1","Metallicize","Shockwave+1"],"special_seed":0,"relics":["Burning Blood","Thread and Needle","Toxic Egg 2","Incense Burner"],"potions_floor_usage":[6,16,16],"damage_taken":[{"damage":7.0,"enemies":"Jaw Worm","floor":1.0,"turns":3.0},{"damage":7,"enemies":"2 Louse","floor":4,"turns":3},{"damage":32,"enemies":"Gremlin Nob","floor":6,"turns":4},{"damage":0,"enemies":"Cultist","floor":7,"turns":3},{"damage":5,"enemies":"Large Slime","floor":11,"turns":5},{"damage":21,"enemies":"Lagavulin","floor":14,"turns":8},{"damage":45,"enemies":"Hexaghost","floor":16,"turns":9}],"seed_played":"-8838185828667754604","potions_obtained":[{"floor":4,"key":"Explosive Potion"},{"floor":7,"key":"Block Potion"},{"floor":14,"key":"AttackPotion"}],"is_trial":false,"path_per_floor":["M","?","$","M","?","E","M","R","T","$","M","R","$","E","R","B"],"character_chosen":"IRONCLAD","items_purchased":["Carnage","Shockwave+1"],"campfire_rested":1,"item_purchase_floors":[3,13],"current_hp_per_floor":[67,67,67,66,55,29,35,35,35,35,36,58,58,43,43,0],"gold":61,"neow_bonus":"UPGRADE_CARD","is_prod":false,"is_daily":false,"chose_seed":false,"campfire_upgraded":2,"win_rate":0,"timestamp":1566171199,"path_taken":["M","?","$","M","?","E","M","R","T","?","?","R","$","E","R","BOSS"],"build_version":"2019-07-17","purchased_purges":1,"victory":false,"max_hp_per_floor":[75,75,75,75,75,75,75,75,75,75,75,75,75,75,75,75],"card_choices":[{"not_picked":["Warcry","Flex","Fire Breathing"],"picked":"SKIP","floor":1.0},{"not_picked":["Body Slam","Wild Strike"],"picked":"Pummel","floor":4},{"not_picked":["Body Slam","Warcry"],"picked":"Rampage","floor":6},{"not_picked":["Thunderclap","Body Slam"],"picked":"Metallicize","floor":7},{"not_picked":["Cleave","Evolve","Seeing Red+1"],"picked":"SKIP","floor":11},{"not_picked":["Flex+1","Intimidate+1","Bloodletting+1"],"picked":"SKIP","floor":14}],"player_experience":1518199,"relics_obtained":[{"floor":6,"key":"Thread and Needle"},{"floor":9,"key":"Toxic Egg 2"},{"floor":14,"key":"Incense Burner"}],"event_choices":[{"damage_healed":0,"gold_gain":0,"player_choice":"Leave","damage_taken":0,"max_hp_gain":0,"max_hp_loss":0,"event_name":"The Cleric","floor":2,"gold_loss":0},{"damage_healed":0,"gold_gain":75,"player_choice":"Gather Gold","damage_taken":11,"max_hp_gain":0,"max_hp_loss":0,"event_name":"World of Goop","floor":5,"gold_loss":0}],"is_beta":false,"boss_relics":[],"items_purged_floors":[13],"is_endless":false,"potions_floor_spawned":[4,7,14],"killed_by":"Hexaghost","ascension_level":20}