{"gold_per_floor":[115,145,162,172,191,223,223,253,253,36,52,52,52,81,81,81],"floor_reached":16,"playtime":889,"items_purged":[],"score":240,"play_id":"71ef8602-467c-4042-a086-ace11b3e3f44","local_time":"20190817235419","is_ascension_mode":true,"campfire_choices":[{"data":"Bash","floor":7,"key":"SMITH"},{"data":"Clothesline","floor":13,"key":"SMITH"},{"data":"Pommel Strike","floor":15,"key":"SMITH"}],"neow_cost":"NONE","seed_source_timestamp":1819539191844233,"circlet_count":0,"master_deck":["AscendersBane","Strike_R","Strike_R","Strike_R","Strike_R","Strike_R","Defend_R","Defend_R","Defend_R","Defend_R","Bash+1","Clothesline+1","Shrug It Off","Pommel Strike+1","Corruption","Shockwave","Barricade"],"relics":["Burning Blood","Tiny Chest","Mercury Hourglass","The Courier","Mummified Hand","Omamori","Potion Belt"],"potions_floor_usage":[6,6,8,16],"damage_taken":[{"damage":6,"enemies":"Cultist","floor":1,"turns":3},{"damage":9,"enemies":"2 Louse","floor":3,"turns":3},{"damage":4,"enemies":"Jaw Worm","floor":4,"turns":4},{"damage":47,"enemies":"Gremlin Gang","floor":5,"turns":5},{"damage":32,"enemies":"Lagavulin","floor":6,"turns":9},{"damage":6,"enemies":"Gremlin Nob","floor":8,"turns":3},{"damage":13,"enemies":"Exordium Wildlife","floor":11,"turns":4},{"damage":27,"enemies":"3 Sentries","floor":14,"turns":6},{"damage":62,"enemies":"Hexaghost","floor":16,"turns":9}],"seed_played":"7090803747206291057","potions_obtained":[{"floor":1,"key":"BloodPotion"},{"floor":5,"key":"SteroidPotion"},{"floor":6,"key":"AttackPotion"},{"floor":14,"key":"Fire Potion"}],"is_trial":false,"path_per_floor":["M","?","M","M","M","E","R","E","T","$","M","?","R","E","R","B"],"character_chosen":"IRONCLAD","items_purchased":["Corruption","Shockwave","Omamori"],"campfire_rested":0,"item_purchase_floors":[10,10,10],"current_hp_per_floor":[75,75,72,74,33,27,27,27,27,27,20,82,82,61,61,0],"gold":81,"neow_bonus":"TEN_PERCENT_HP_BONUS","is_prod":false,"is_daily":false,"chose_seed":false,"campfire_upgraded":3,"win_rate":0,"timestamp":1566082459,"path_taken":["M","?","M","M","?","E","R","E","T","$","M","?","R","E","R","BOSS"],"build_version":"2019-07-17","purchased_purges":0,"victory":false,"max_hp_per_floor":[82,82,82,82,82,82,82,82,82,82,82,82,82,82,82,82],"card_choices":[{"not_picked":["Ghostly Armor","Sword Boomerang"],"picked":"Body Slam","floor":1},{"not_picked":["Anger","Armaments"],"picked":"Clothesline","floor":3},{"not_picked":["Rage","Thunderclap"],"picked":"Shrug It Off","floor":4},{"not_picked":["Armaments","Searing Blow"],"picked":"Pommel Strike","floor":5},{"not_picked":["Whirlwind","Dark Embrace","Perfected Strike"],"picked":"SKIP","floor":6},{"not_picked":["Clash","Searing Blow"],"picked":"Reckless Charge","floor":8},{"not_picked":["Armaments","Thunderclap","Clothesline"],"picked":"SKIP","floor":11},{"not_picked":["Headbutt","Carnage"],"picked":"Barricade","floor":14}],"player_experience":1495707,"relics_obtained":[{"floor":6,"key":"Mercury Hourglass"},{"floor":8,"key":"The Courier"},{"floor":9,"key":"Mummified Hand"},{"floor":14,"key":"Potion Belt"}],"event_choices":[{"cards_removed":["Body Slam"],"damage_healed":0,"gold_gain":0,"player_choice":"Gave Card","damage_taken":0,"relics_obtained":["Tiny Chest"],"max_hp_gain":0,"max_hp_loss":0,"event_name":"WeMeetAgain","floor":2,"gold_loss":0},{"cards_removed":["Reckless Charge"],"damage_healed":62,"gold_gain":0,"player_choice":"Offered Uncommon","damage_taken":0,"max_hp_gain":0,"max_hp_loss":0,"event_name":"Bonfire Elementals","floor":12,"gold_loss":0}],"is_beta":false,"boss_relics":[],"items_purged_floors":[],"is_endless":false,"potions_floor_spawned":[1,5,6,14],"killed_by":"Hexaghost","ascension_level":20}