{"gold_per_floor":[111,129,159,170,170,170,198,31,31,57,57,72,72],"floor_reached":13,"playtime":693,"items_purged":[],"score":186,"play_id":"28644359-4437-4ce8-a170-bf708f58c19f","local_time":"20190818010242","is_ascension_mode":true,"campfire_choices":[{"floor":6,"key":"REST"},{"floor":11,"key":"REST"}],"neow_cost":"NONE","seed_source_timestamp":1823838918856941,"circlet_count":0,"master_deck":["AscendersBane","Strike_R","Strike_R","Strike_R","Strike_R","Strike_R","Defend_R","Defend_R","Defend_R","Defend_R","Bash+1","Infernal Blade","Carnage","Exhume","Shrug It Off","Uppercut","Infernal Blade","Cleave"],"relics":["Burning Blood","Tiny Chest","Sundial","Dodecahedron","Art of War"],"potions_floor_usage":[7,10,12],"damage_taken":[{"damage":9,"enemies":"2 Louse","floor":1,"turns":3},{"damage":10,"enemies":"Small Slimes","floor":2,"turns":3},{"damage":4,"enemies":"Cultist","floor":4,"turns":3},{"damage":39,"enemies":"3 Sentries","floor":7,"turns":5},{"damage":20,"enemies":"Lagavulin","floor":10,"turns":6},{"damage":9,"enemies":"Lots of Slimes","floor":12,"turns":4},{"damage":42,"enemies":"3 Sentries","floor":13,"turns":6}],"seed_played":"805279203975049030","potions_obtained":[{"floor":1,"key":"SkillPotion"},{"floor":7,"key":"Block Potion"},{"floor":12,"key":"Ancient Potion"}],"is_trial":false,"path_per_floor":["M","M","?","M","?","R","E","$","T","E","R","M","E"],"character_chosen":"IRONCLAD","items_purchased":["Fire Potion","Shrug It Off","Uppercut"],"campfire_rested":2,"item_purchase_floors":[8,8,8],"current_hp_per_floor":[72,68,33,35,35,59,26,26,26,12,36,33,0],"gold":72,"neow_bonus":"TEN_PERCENT_HP_BONUS","is_prod":false,"is_daily":false,"chose_seed":false,"campfire_upgraded":0,"win_rate":0,"timestamp":1566086562,"path_taken":["M","M","?","M","?","R","E","$","T","E","R","?","E"],"build_version":"2019-07-17","purchased_purges":0,"victory":false,"max_hp_per_floor":[82,82,82,82,82,82,82,82,82,82,82,82,82],"card_choices":[{"not_picked":["Seeing Red","Clash"],"picked":"Infernal Blade","floor":1},{"not_picked":["Body Slam","Armaments"],"picked":"Carnage","floor":2},{"not_picked":["Anger","Warcry"],"picked":"Exhume","floor":4},{"not_picked":["Sever Soul","Dropkick","Body Slam"],"picked":"SKIP","floor":7},{"not_picked":["Seeing Red","Heavy Blade"],"picked":"Infernal Blade","floor":10},{"not_picked":["Wild Strike","Twin Strike"],"picked":"Cleave","floor":12}],"player_experience":1499759,"relics_obtained":[{"floor":7,"key":"Sundial"},{"floor":9,"key":"Dodecahedron"},{"floor":10,"key":"Art of War"}],"event_choices":[{"damage_healed":0,"gold_gain":0,"player_choice":"Success","damage_taken":35,"relics_obtained":["Tiny Chest"],"max_hp_gain":0,"max_hp_loss":0,"event_name":"Scrap Ooze","floor":3,"gold_loss":0},{"damage_healed":0,"gold_gain":0,"player_choice":"Upgraded","damage_taken":0,"max_hp_gain":0,"max_hp_loss":0,"event_name":"Upgrade Shrine","floor":5,"gold_loss":0,"cards_upgraded":["Bash"]}],"is_beta":false,"boss_relics":[],"items_purged_floors":[],"is_endless":false,"potions_floor_spawned":[1,7,12],"killed_by":"3 Sentries","ascension_level":20}