{"gold_per_floor":[113,113,133,133,143,143,178,13,40,40,40,40,55,82,82,160,160,179,17,17,31,41,41,74,74,119,119],"floor_reached":27,"playtime":1400,"items_purged":[],"score":478,"play_id":"d095649a-87f4-4c1b-a57d-21c99710330c","local_time":"20190818013242","is_ascension_mode":true,"campfire_choices":[{"data":"Pommel Strike","floor":6.0,"key":"SMITH"},{"floor":10.0,"key":"REST"},{"floor":15.0,"key":"REST"},{"data":"Immolate","floor":23,"key":"SMITH"}],"neow_cost":"NONE","seed_source_timestamp":1824912068689335,"circlet_count":0,"master_deck":["AscendersBane","Strike_R+1","Strike_R","Strike_R+1","Strike_R","Defend_R+1","Defend_R","Defend_R","Bash+1","Disarm+1","Shrug It Off","Pommel Strike+1","Reckless Charge","Offering","Rampage","Immolate+1","Shockwave","Metallicize","Feed","Necronomicurse"],"special_seed":0,"relics":["Burning Blood","Ancient Tea Set","Pen Nib","Turnip","Snecko Eye","Nloth\u0027s Gift","Mercury Hourglass","Necronomicon","Bag of Marbles"],"potions_floor_usage":[18,24],"damage_taken":[{"damage":7.0,"enemies":"2 Louse","floor":1.0,"turns":4.0},{"damage":4.0,"enemies":"Cultist","floor":3.0,"turns":4.0},{"damage":0.0,"enemies":"Small Slimes","floor":5.0,"turns":3.0},{"damage":35.0,"enemies":"Lagavulin","floor":7.0,"turns":8.0},{"damage":8.0,"enemies":"Exordium Wildlife","floor":13.0,"turns":3.0},{"damage":28.0,"enemies":"3 Sentries","floor":14.0,"turns":7.0},{"damage":28,"enemies":"The Guardian","floor":16,"turns":10},{"damage":16,"enemies":"Shell Parasite","floor":18,"turns":4},{"damage":4,"enemies":"Chosen","floor":21,"turns":3},{"damage":0,"enemies":"Snecko","floor":22,"turns":3},{"damage":29,"enemies":"Slavers","floor":24,"turns":3},{"damage":16,"enemies":"Book of Stabbing","floor":27,"turns":3}],"seed_played":"-3265846477495283486","potions_obtained":[{"floor":1.0,"key":"Ancient Potion"},{"floor":7.0,"key":"Poison Potion"},{"floor":16,"key":"Ancient Potion"},{"floor":21,"key":"Dexterity Potion"},{"floor":22,"key":"Fire Potion"},{"floor":24,"key":"GamblersBrew"}],"is_trial":false,"path_per_floor":["M","?","M","?","M","R","E","$","T","R","$","?","M","E","R","B",null,"M","$","?","M","M","R","E","?","T","E"],"character_chosen":"IRONCLAD","items_purchased":["Offering","Whetstone"],"campfire_rested":2,"item_purchase_floors":[8,19],"current_hp_per_floor":[67,67,69,46,52,52,23,23,23,45,45,45,43,21,43,21,62,52,52,52,54,60,60,37,16,16,0],"gold":119,"neow_bonus":"REMOVE_CARD","is_prod":false,"is_daily":false,"chose_seed":false,"campfire_upgraded":2,"win_rate":0,"timestamp":1566088362,"path_taken":["M","?","?","?","M","R","E","$","T","R","$","?","M","E","R","BOSS","M","$","?","M","?","R","E","?","T","E"],"build_version":"2019-07-17","purchased_purges":0,"victory":false,"max_hp_per_floor":[75,75,75,75,75,75,75,75,75,75,75,75,75,75,75,75,75,75,75,75,75,75,75,75,75,75,75],"card_choices":[{"not_picked":["Whirlwind","Heavy Blade"],"picked":"Disarm","floor":1.0},{"not_picked":["Whirlwind","Heavy Blade"],"picked":"Shrug It Off","floor":3.0},{"not_picked":["Warcry","Entrench"],"picked":"Pommel Strike","floor":5.0},{"not_picked":["Havoc","Anger"],"picked":"Reckless Charge","floor":7.0},{"not_picked":["Wild Strike","Whirlwind"],"picked":"Rampage","floor":13.0},{"not_picked":["Wild Strike","Rupture","Corruption"],"picked":"SKIP","floor":14.0},{"not_picked":["Juggernaut","Reaper"],"picked":"Immolate","floor":16},{"not_picked":["Anger","Dual Wield","Armaments"],"picked":"SKIP","floor":18},{"not_picked":["Body Slam","Perfected Strike"],"picked":"Shockwave","floor":21},{"not_picked":["Entrench+1","Whirlwind"],"picked":"Metallicize","floor":22},{"not_picked":["Reckless Charge","Exhume"],"picked":"Feed","floor":24}],"player_experience":1500794,"relics_obtained":[{"floor":7.0,"key":"Ancient Tea Set"},{"floor":9.0,"key":"Pen Nib"},{"floor":14.0,"key":"Turnip"},{"floor":24,"key":"Mercury Hourglass"},{"floor":25,"key":"Necronomicon"},{"floor":26,"key":"Bag of Marbles"}],"event_choices":[{"cards_removed":["Defend_R"],"damage_healed":0.0,"max_hp_gain":0.0,"max_hp_loss":0.0,"gold_gain":0.0,"event_name":"Bonfire Elementals","player_choice":"Offered Basic","floor":2.0,"gold_loss":0.0,"damage_taken":0.0},{"damage_healed":0.0,"max_hp_gain":0.0,"max_hp_loss":0.0,"gold_gain":0.0,"event_name":"Shining Light","player_choice":"Entered Light","floor":4.0,"gold_loss":0.0,"damage_taken":23.0,"cards_upgraded":["Defend_R","Bash"]},{"damage_healed":0.0,"max_hp_gain":0.0,"max_hp_loss":0.0,"gold_gain":0.0,"event_name":"Living Wall","player_choice":"Grow","floor":12.0,"gold_loss":0.0,"damage_taken":0.0,"cards_upgraded":["Disarm"]},{"damage_healed":0,"gold_gain":0,"player_choice":"Traded Relic","damage_taken":0,"relics_obtained":["Nloth\u0027s Gift"],"max_hp_gain":0,"max_hp_loss":0,"event_name":"N\u0027loth","floor":20,"relics_lost":["Whetstone"],"gold_loss":0},{"damage_healed":0,"gold_gain":0,"player_choice":"Obtained Book","damage_taken":21,"max_hp_gain":0,"max_hp_loss":0,"event_name":"Cursed Tome","floor":25,"gold_loss":0}],"is_beta":false,"boss_relics":[{"not_picked":["Runic Cube","Fusion Hammer"],"picked":"Snecko Eye"}],"items_purged_floors":[],"is_endless":false,"potions_floor_spawned":[1,7,16,21,22,24],"killed_by":"Book of Stabbing","ascension_level":20}