{"gold_per_floor":[20,20,20,39,49,49,49,77,77,2,2,30,30,106,106,106],"floor_reached":16,"playtime":744,"items_purged":[],"score":212,"play_id":"9689e4f5-3daa-41e0-b96a-85652498e1c6","local_time":"20190819213906","is_ascension_mode":true,"campfire_choices":[{"data":"Immolate","floor":6,"key":"SMITH"},{"data":"Corruption","floor":11,"key":"SMITH"},{"floor":15,"key":"REST"}],"neow_cost":"NO_GOLD","seed_source_timestamp":60250346453800,"circlet_count":0,"master_deck":["AscendersBane","Strike_R","Strike_R","Strike_R+1","Strike_R+1","Defend_R","Defend_R","Defend_R","Defend_R","Bash+1","Anger","Immolate+1","Corruption+1","Flame Barrier"],"relics":["Burning Blood","Unceasing Top","Blue Candle","Anchor","Whetstone","Boot"],"potions_floor_usage":[16,16],"damage_taken":[{"damage":7,"enemies":"Small Slimes","floor":1,"turns":4},{"damage":2,"enemies":"Jaw Worm","floor":4,"turns":3},{"damage":6,"enemies":"Cultist","floor":5,"turns":4},{"damage":25,"enemies":"3 Sentries","floor":8,"turns":6},{"damage":25,"enemies":"Lagavulin","floor":12,"turns":5},{"damage":46,"enemies":"The Guardian","floor":16,"turns":8}],"seed_played":"-6835787789470418805","potions_obtained":[{"floor":5,"key":"EssenceOfSteel"},{"floor":12,"key":"GamblersBrew"}],"is_trial":false,"path_per_floor":["M","$","?","M","M","R","$","E","T","?","R","E","?","?","R","B"],"character_chosen":"IRONCLAD","items_purchased":[],"campfire_rested":1,"item_purchase_floors":[],"current_hp_per_floor":[67,67,67,71,71,71,71,52,52,52,52,33,22,22,44,0],"gold":106,"neow_bonus":"ONE_RARE_RELIC","is_prod":false,"is_daily":false,"chose_seed":false,"campfire_upgraded":2,"win_rate":0,"timestamp":1566247146,"path_taken":["M","$","?","M","M","R","$","E","T","?","R","E","?","?","R","BOSS"],"build_version":"2019-07-17","purchased_purges":0,"victory":false,"max_hp_per_floor":[75,75,75,75,75,75,75,75,75,75,75,75,75,75,75,75],"card_choices":[{"not_picked":["Battle Trance","Dropkick"],"picked":"Anger","floor":1},{"not_picked":["Heavy Blade","Wild Strike","Iron Wave"],"picked":"SKIP","floor":4},{"not_picked":["Heavy Blade","Shrug It Off"],"picked":"Immolate","floor":5},{"not_picked":["Rupture","Combust"],"picked":"Corruption","floor":8},{"not_picked":["Uppercut","Seeing Red"],"picked":"Flame Barrier","floor":12}],"player_experience":1526928,"relics_obtained":[{"floor":8,"key":"Blue Candle"},{"floor":9,"key":"Anchor"},{"floor":12,"key":"Whetstone"}],"event_choices":[{"damage_healed":0,"gold_gain":0,"player_choice":"Grow","damage_taken":0,"max_hp_gain":0,"max_hp_loss":0,"event_name":"Living Wall","floor":3,"gold_loss":0,"cards_upgraded":["Bash"]},{"cards_removed":["Strike_R"],"damage_healed":0,"gold_gain":0,"player_choice":"Card Removal","damage_taken":0,"max_hp_gain":0,"max_hp_loss":0,"event_name":"The Cleric","floor":10,"gold_loss":75},{"damage_healed":0,"gold_gain":0,"player_choice":"Success","damage_taken":11,"relics_obtained":["Boot"],"max_hp_gain":0,"max_hp_loss":0,"event_name":"Scrap Ooze","floor":13,"gold_loss":0},{"damage_healed":0,"gold_gain":76,"player_choice":"Gained Gold","damage_taken":0,"max_hp_gain":0,"max_hp_loss":0,"event_name":"Golden Wing","floor":14,"gold_loss":0}],"is_beta":false,"boss_relics":[],"items_purged_floors":[],"is_endless":false,"potions_floor_spawned":[5,12],"killed_by":"The Guardian","ascension_level":20}