{"gold_per_floor":[118,118,118,136,136,162,162,189,189,58,78,105,30,46,46,46],"floor_reached":16,"playtime":938,"items_purged":["Strike_R"],"score":286,"play_id":"6f1e24e2-04fe-45e1-8743-b39a892dbccc","local_time":"20190819224859","is_ascension_mode":true,"campfire_choices":[{"data":"Flame Barrier","floor":7,"key":"SMITH"},{"floor":15,"key":"REST"}],"neow_cost":"NONE","seed_source_timestamp":64249778509500,"circlet_count":0,"master_deck":["AscendersBane","Strike_R","Strike_R","Strike_R","Strike_R","Defend_R","Defend_R","Defend_R","Bash+1","Flame Barrier+1","Shrug It Off","Combust","Disarm","Rampage"],"relics":["Burning Blood","NeowsBlessing","Kunai","Paper Frog","Art of War"],"potions_floor_usage":[8,12,16,16],"damage_taken":[{"damage":0,"enemies":"2 Louse","floor":1,"turns":1},{"damage":0,"enemies":"Small Slimes","floor":4,"turns":2},{"damage":0,"enemies":"Gremlin Nob","floor":6,"turns":1},{"damage":55,"enemies":"3 Sentries","floor":8,"turns":12},{"damage":2,"enemies":"Jaw Worm","floor":11,"turns":4},{"damage":22,"enemies":"Gremlin Nob","floor":12,"turns":4},{"damage":15,"enemies":"Lots of Slimes","floor":14,"turns":4},{"damage":46,"enemies":"Slime Boss","floor":16,"turns":7}],"seed_played":"-8247144680681334048","potions_obtained":[{"floor":6,"key":"Regen Potion"},{"floor":8,"key":"Strength Potion"},{"floor":12,"key":"LiquidBronze"}],"is_trial":false,"path_per_floor":["M","?","?","M","?","E","R","E","T","$","M","E","$","M","R","B"],"character_chosen":"IRONCLAD","items_purchased":["Combust","Fire Potion"],"campfire_rested":1,"item_purchase_floors":[10,10],"current_hp_per_floor":[74,67,67,73,73,75,75,41,41,41,45,29,29,20,42,0],"gold":46,"neow_bonus":"THREE_ENEMY_KILL","is_prod":false,"is_daily":false,"chose_seed":false,"campfire_upgraded":1,"win_rate":0,"timestamp":1566251339,"path_taken":["M","?","?","M","?","E","R","E","T","$","M","E","$","M","R","BOSS"],"build_version":"2019-07-17","purchased_purges":1,"victory":false,"max_hp_per_floor":[75,75,75,75,75,75,75,75,75,75,75,75,75,75,75,75],"card_choices":[{"not_picked":["Perfected Strike","Armaments","Warcry"],"picked":"SKIP","floor":1},{"not_picked":["Reckless Charge","Power Through"],"picked":"Flame Barrier","floor":4},{"not_picked":["Pummel","Heavy Blade","Bloodletting"],"picked":"SKIP","floor":6},{"not_picked":["Armaments","Flame Barrier"],"picked":"Shrug It Off","floor":8},{"not_picked":["Intimidate","Clothesline"],"picked":"Disarm","floor":11},{"not_picked":["Metallicize","Havoc"],"picked":"Rampage","floor":12},{"not_picked":["Twin Strike","Armaments","Uppercut"],"picked":"SKIP","floor":14}],"player_experience":1529328,"relics_obtained":[{"floor":6,"key":"Kunai"},{"floor":8,"key":"Paper Frog"},{"floor":12,"key":"Art of War"}],"event_choices":[{"cards_removed":["Defend_R"],"damage_healed":0,"gold_gain":0,"player_choice":"Card Removal","damage_taken":7,"max_hp_gain":0,"max_hp_loss":0,"event_name":"Golden Wing","floor":2,"gold_loss":0},{"damage_healed":0,"gold_gain":0,"player_choice":"Leave","damage_taken":0,"max_hp_gain":0,"max_hp_loss":0,"event_name":"The Cleric","floor":3,"gold_loss":0},{"damage_healed":0,"gold_gain":0,"player_choice":"Grow","damage_taken":0,"max_hp_gain":0,"max_hp_loss":0,"event_name":"Living Wall","floor":5,"gold_loss":0,"cards_upgraded":["Bash"]}],"is_beta":false,"boss_relics":[],"items_purged_floors":[13],"is_endless":false,"potions_floor_spawned":[6,8,12],"killed_by":"Slime Boss","ascension_level":20}