{"gold_per_floor":[214,232,382,395,101,135,135,146,146,146,146,173,173,184,184,184],"floor_reached":16,"playtime":744,"items_purged":["Doubt"],"score":220,"play_id":"e8c4da62-933a-4a6d-9e06-1f2afac98f4b","local_time":"20190819004555","is_ascension_mode":true,"campfire_choices":[{"data":"Carnage","floor":7,"key":"SMITH"},{"data":"Uppercut","floor":11,"key":"SMITH"},{"data":"Armaments","floor":15,"key":"SMITH"}],"neow_cost":"NONE","seed_source_timestamp":1909180966166559,"circlet_count":0,"master_deck":["AscendersBane","Strike_R","Strike_R","Strike_R","Strike_R","Defend_R","Defend_R","Defend_R","Defend_R","Bash","Shrug It Off","Combust","Carnage+1","Uppercut+1","Feel No Pain","Battle Trance","Armaments+1"],"relics":["Burning Blood","Gremlin Horn","Sundial","Art of War"],"potions_floor_usage":[6,8,16],"damage_taken":[{"damage":4,"enemies":"Small Slimes","floor":1,"turns":4},{"damage":5,"enemies":"2 Louse","floor":2,"turns":4},{"damage":14,"enemies":"Jaw Worm","floor":4,"turns":6},{"damage":18,"enemies":"3 Sentries","floor":6,"turns":6},{"damage":6,"enemies":"Exordium Thugs","floor":8,"turns":3},{"damage":23,"enemies":"Lagavulin","floor":12,"turns":5},{"damage":6,"enemies":"Looter","floor":14,"turns":2},{"damage":52,"enemies":"Hexaghost","floor":16,"turns":10}],"seed_played":"-5862373378861304347","potions_obtained":[{"floor":2,"key":"Block Potion"},{"floor":6,"key":"SkillPotion"},{"floor":12,"key":"Dexterity Potion"}],"is_trial":false,"path_per_floor":["M","M","?","M","$","E","R","M","T","?","R","E","?","M","R","B"],"character_chosen":"IRONCLAD","items_purchased":["Uppercut","Feel No Pain","Explosive Potion"],"campfire_rested":0,"item_purchase_floors":[5,5,5],"current_hp_per_floor":[70,71,71,63,63,51,51,51,51,75,75,58,51,51,51,0],"gold":184,"neow_bonus":"HUNDRED_GOLD","is_prod":false,"is_daily":false,"chose_seed":false,"campfire_upgraded":3,"win_rate":0,"timestamp":1566171955,"path_taken":["M","M","?","M","$","E","R","M","T","?","R","E","?","M","R","BOSS"],"build_version":"2019-07-17","purchased_purges":1,"victory":false,"max_hp_per_floor":[75,75,75,75,75,75,75,75,75,75,75,75,75,75,75,75],"card_choices":[{"not_picked":["Havoc","Hemokinesis"],"picked":"Shrug It Off","floor":1},{"not_picked":["True Grit","Disarm"],"picked":"Combust","floor":2},{"not_picked":["Shrug It Off","Headbutt"],"picked":"Carnage","floor":4},{"not_picked":["Entrench","Intimidate","Sentinel"],"picked":"SKIP","floor":6},{"not_picked":["Sever Soul","Havoc","Iron Wave"],"picked":"SKIP","floor":8},{"not_picked":["Dropkick","Shrug It Off"],"picked":"Battle Trance","floor":12},{"not_picked":["Body Slam","Second Wind"],"picked":"Armaments","floor":14}],"player_experience":1518900,"relics_obtained":[{"floor":6,"key":"Gremlin Horn"},{"floor":9,"key":"Sundial"},{"floor":12,"key":"Art of War"}],"event_choices":[{"damage_healed":0,"gold_gain":150,"player_choice":"AGREE","damage_taken":0,"max_hp_gain":0,"max_hp_loss":0,"event_name":"Liars Game","floor":3,"gold_loss":0,"cards_obtained":["Doubt"]},{"damage_healed":25,"gold_gain":0,"player_choice":"Banana","damage_taken":0,"max_hp_gain":0,"max_hp_loss":0,"event_name":"Big Fish","floor":10,"gold_loss":0},{"cards_removed":["Strike_R"],"damage_healed":0,"gold_gain":0,"player_choice":"Card Removal","damage_taken":7,"max_hp_gain":0,"max_hp_loss":0,"event_name":"Golden Wing","floor":13,"gold_loss":0}],"is_beta":false,"boss_relics":[],"items_purged_floors":[5],"is_endless":false,"potions_floor_spawned":[2,6,12],"killed_by":"Hexaghost","ascension_level":20}