{"gold_per_floor":[10,10,10,29,49,49,72,112,135,21,21,36,36,52,52,147,147,160,160,0,13,63,107,107,143,173,173,197,197,224,243,243,342,342,355,480,307,307,331,331],"floor_reached":40,"playtime":2313,"items_purged":["Strike_R"],"score":873,"play_id":"b054fa3e-1b90-4e94-8773-8d201f3cb0d1","local_time":"20190818134148","is_ascension_mode":true,"campfire_choices":[{"data":"Bash","floor":6,"key":"SMITH"},{"floor":11,"key":"REST"},{"data":"Disarm","floor":13,"key":"SMITH"},{"floor":15,"key":"REST"},{"data":"Immolate","floor":24,"key":"SMITH"},{"data":"Shockwave","floor":27,"key":"SMITH"},{"data":"Pommel Strike","floor":29,"key":"SMITH"},{"floor":32,"key":"REST"}],"neow_cost":"NO_GOLD","seed_source_timestamp":1867763415495857,"circlet_count":0,"master_deck":["AscendersBane","Defend_R","Defend_R","Defend_R","Bash+1","Disarm+1","Shockwave+1","Headbutt+1","Pommel Strike+1","Battle Trance","Immolate+1","Shrug It Off","Bite","Bite","Bite","Bite","Bite+1","Evolve","Metallicize","Burning Pact","Clothesline","Bludgeon"],"relics":["Burning Blood","StoneCalendar","Golden Idol","CultistMask","Boot","Lantern","Snecko Eye","Regal Pillow","Ancient Tea Set","Bag of Preparation","Tiny Chest","Dream Catcher","Busted Crown","Magic Flower","Whetstone"],"potions_floor_usage":[7,16,23,31,33,33],"damage_taken":[{"damage":1,"enemies":"Cultist","floor":1,"turns":3},{"damage":1,"enemies":"2 Louse","floor":4,"turns":3},{"damage":18,"enemies":"Jaw Worm","floor":5,"turns":6},{"damage":13,"enemies":"Exordium Wildlife","floor":7,"turns":4},{"damage":31,"enemies":"3 Sentries","floor":8,"turns":7},{"damage":7,"enemies":"Looter","floor":12,"turns":4},{"damage":13,"enemies":"Gremlin Gang","floor":14,"turns":3},{"damage":32,"enemies":"Hexaghost","floor":16,"turns":9},{"damage":16,"enemies":"Shell Parasite","floor":18,"turns":4},{"damage":16,"enemies":"Chosen","floor":21,"turns":5},{"damage":26,"enemies":"Slavers","floor":23,"turns":5},{"damage":23,"enemies":"Gremlin Leader","floor":25,"turns":4},{"damage":5,"enemies":"Snake Plant","floor":28,"turns":4},{"damage":47,"enemies":"Sentry and Sphere","floor":31,"turns":6},{"damage":59,"enemies":"Collector","floor":33,"turns":10},{"damage":5,"enemies":"Orb Walker","floor":35,"turns":3},{"damage":0,"enemies":"Mind Bloom Boss Battle","floor":36,"turns":3},{"damage":0,"enemies":"3 Darklings","floor":39,"turns":2},{"damage":60,"enemies":"Reptomancer","floor":40,"turns":3}],"seed_played":"-3889670820857617020","potions_obtained":[{"floor":4,"key":"Fire Potion"},{"floor":5,"key":"SteroidPotion"},{"floor":8,"key":"PowerPotion"},{"floor":18,"key":"Dexterity Potion"},{"floor":28,"key":"Fire Potion"},{"floor":31,"key":"GamblersBrew"},{"floor":35,"key":"Poison Potion"}],"is_trial":false,"path_per_floor":["M","?","?","M","M","R","M","E","T","$","R","M","R","M","R","B",null,"M","?","$","M","?","E","R","E","T","R","M","R","T","M","R","B",null,"M","?","$","?","M","E"],"character_chosen":"IRONCLAD","items_purchased":["Battle Trance","Regal Pillow","Whetstone"],"campfire_rested":3,"item_purchase_floors":[10,20,37],"current_hp_per_floor":[73,47,47,52,40,40,33,8,8,8,30,29,29,22,44,18,61,51,51,51,47,47,39,39,36,36,36,49,49,49,16,46,19,44,49,52,52,52,52,0],"gold":331,"neow_bonus":"ONE_RARE_RELIC","is_prod":false,"is_daily":false,"chose_seed":false,"campfire_upgraded":5,"win_rate":0,"timestamp":1566132108,"path_taken":["M","?","?","M","M","R","M","E","T","$","R","M","R","M","R","BOSS","M","?","$","M","?","E","R","E","T","R","M","R","?","M","R","BOSS","M","?","$","?","M","E"],"build_version":"2019-07-17","purchased_purges":1,"victory":false,"max_hp_per_floor":[75,75,75,75,75,75,75,75,75,75,75,75,75,75,75,75,75,75,52,52,52,52,52,52,52,52,52,52,52,52,52,52,52,52,52,52,52,52,52,52],"card_choices":[{"not_picked":["Shrug It Off","Thunderclap"],"picked":"Disarm","floor":1},{"not_picked":["Sentinel","Flex"],"picked":"Shockwave","floor":4},{"not_picked":["Infernal Blade","Cleave"],"picked":"Headbutt","floor":5},{"not_picked":["Clothesline","Burning Pact"],"picked":"Pommel Strike","floor":7},{"not_picked":["Sever Soul","Clothesline","Warcry"],"picked":"SKIP","floor":8},{"not_picked":["Seeing Red","Barricade","Twin Strike"],"picked":"SKIP","floor":12},{"not_picked":["Rupture","Carnage","Perfected Strike"],"picked":"SKIP","floor":14},{"not_picked":["Double Tap","Bludgeon"],"picked":"Immolate","floor":16},{"not_picked":["Sentinel","Warcry"],"picked":"Shrug It Off","floor":18},{"not_picked":["Entrench","Pommel Strike"],"picked":"Evolve","floor":21},{"not_picked":["Whirlwind","Twin Strike","Wild Strike"],"picked":"SKIP","floor":23},{"not_picked":["Feel No Pain","Heavy Blade","Limit Break"],"picked":"SKIP","floor":25},{"not_picked":["Corruption","Havoc"],"picked":"Metallicize","floor":28},{"not_picked":["Battle Trance","Thunderclap"],"picked":"Burning Pact","floor":31},{"not_picked":["Iron Wave","Clash"],"picked":"Clothesline","floor":32},{"not_picked":["Brutality","Limit Break"],"picked":"Bludgeon","floor":33},{"not_picked":["Sword Boomerang"],"picked":"SKIP","floor":35},{"not_picked":["Sword Boomerang+1"],"picked":"SKIP","floor":39}],"player_experience":1511364,"relics_obtained":[{"floor":8,"key":"Boot"},{"floor":9,"key":"Lantern"},{"floor":23,"key":"Ancient Tea Set"},{"floor":25,"key":"Bag of Preparation"},{"floor":26,"key":"Tiny Chest"},{"floor":30,"key":"Dream Catcher"},{"floor":36,"key":"Magic Flower"}],"event_choices":[{"damage_healed":0,"gold_gain":0,"player_choice":"Take Damage","damage_taken":26,"relics_obtained":["Golden Idol"],"max_hp_gain":0,"max_hp_loss":0,"event_name":"Golden Idol","floor":2,"gold_loss":0},{"damage_healed":0,"gold_gain":0,"player_choice":"Trade","damage_taken":0,"relics_obtained":["CultistMask"],"max_hp_gain":0,"max_hp_loss":0,"event_name":"FaceTrader","floor":3,"gold_loss":0},{"damage_healed":0,"gold_gain":0,"player_choice":"Became a vampire","damage_taken":0,"max_hp_gain":0,"max_hp_loss":23,"event_name":"Vampires","floor":19,"gold_loss":0,"cards_obtained":["Bite","Bite","Bite","Bite","Bite"]},{"damage_healed":0,"gold_gain":50,"player_choice":"Stole From Cult","damage_taken":0,"max_hp_gain":0,"max_hp_loss":0,"event_name":"Nest","floor":22,"gold_loss":0},{"damage_healed":0,"gold_gain":0,"player_choice":"Fight","damage_taken":0,"max_hp_gain":0,"max_hp_loss":0,"event_name":"MindBloom","floor":36,"gold_loss":0},{"cards_removed":["Defend_R"],"damage_healed":0,"gold_gain":0,"player_choice":"Purged","damage_taken":0,"max_hp_gain":0,"max_hp_loss":0,"event_name":"Purifier","floor":38,"gold_loss":0}],"is_beta":false,"boss_relics":[{"not_picked":["Eternal Feather","Runic Cube"],"picked":"Snecko Eye"},{"not_picked":["Calling Bell","Tiny House"],"picked":"Busted Crown"}],"items_purged_floors":[10],"is_endless":false,"potions_floor_spawned":[4,5,8,18,28,31,35],"killed_by":"Reptomancer","ascension_level":20}