{"gold_per_floor":[110,110,110,17,17,17,17,44,114,114,124,124,154,167,167,167],"floor_reached":16,"playtime":342,"items_purged":[],"score":262,"play_id":"6e7ecfe7-ae81-4a23-834c-e4fbb5cc818e","local_time":"20190818010835","is_ascension_mode":true,"campfire_choices":[{"data":"Bash","floor":6,"key":"SMITH"},{"data":"Evolve","floor":10,"key":"SMITH"},{"data":"Combust","floor":12,"key":"SMITH"},{"data":"Warcry","floor":15,"key":"SMITH"}],"neow_cost":"NONE","seed_source_timestamp":1824542965134829,"circlet_count":0,"master_deck":["AscendersBane","Strike_R","Strike_R","Strike_R","Strike_R","Defend_R","Defend_R","Defend_R+1","Defend_R","Bash+1","Sword Boomerang+1","Evolve+1","Warcry+1","Combust+1","Flex+1","Havoc+1"],"relics":["Burning Blood","NeowsBlessing","Omamori","Pear","Toxic Egg 2"],"potions_floor_usage":[13,13,16],"damage_taken":[{"damage":0,"enemies":"2 Louse","floor":1,"turns":1},{"damage":0,"enemies":"3 Sentries","floor":8,"turns":2},{"damage":0,"enemies":"Small Slimes","floor":11,"turns":1},{"damage":26,"enemies":"Lagavulin","floor":13,"turns":5},{"damage":2,"enemies":"Cultist","floor":14,"turns":3},{"damage":59,"enemies":"The Guardian","floor":16,"turns":6}],"seed_played":"3332070083918644776","potions_obtained":[{"floor":1,"key":"AttackPotion"},{"floor":14,"key":"LiquidBronze"}],"is_trial":false,"path_per_floor":["M","?","?","$","?","R","$","E","T","R","M","R","E","M","R","B"],"character_chosen":"IRONCLAD","items_purchased":["Evolve","FearPotion"],"campfire_rested":0,"item_purchase_floors":[4,4],"current_hp_per_floor":[74,74,51,51,51,51,51,57,67,67,73,73,53,57,57,0],"gold":167,"neow_bonus":"THREE_ENEMY_KILL","is_prod":false,"is_daily":false,"chose_seed":false,"campfire_upgraded":4,"win_rate":0,"timestamp":1566086915,"path_taken":["M","?","?","$","?","R","$","E","T","R","M","R","E","?","R","BOSS"],"build_version":"2019-07-17","purchased_purges":0,"victory":false,"max_hp_per_floor":[75,75,75,75,75,75,75,75,85,85,85,85,85,85,85,85],"card_choices":[{"not_picked":["Warcry","Blood for Blood"],"picked":"Sword Boomerang","floor":1},{"not_picked":["Clash","Searing Blow"],"picked":"Warcry","floor":8},{"not_picked":["Sever Soul","Rupture"],"picked":"Combust","floor":11},{"not_picked":["Pummel","Whirlwind"],"picked":"Flex","floor":13},{"not_picked":["Sever Soul","Carnage"],"picked":"Havoc+1","floor":14}],"player_experience":1500452,"relics_obtained":[{"floor":8,"key":"Omamori"},{"floor":9,"key":"Pear"},{"floor":13,"key":"Toxic Egg 2"}],"event_choices":[{"damage_healed":0,"gold_gain":0,"player_choice":"Leave","damage_taken":0,"max_hp_gain":0,"max_hp_loss":0,"event_name":"The Cleric","floor":2,"gold_loss":0},{"damage_healed":0,"gold_gain":0,"player_choice":"Entered Light","damage_taken":23,"max_hp_gain":0,"max_hp_loss":0,"event_name":"Shining Light","floor":3,"gold_loss":0,"cards_upgraded":["Sword Boomerang","Defend_R"]},{"cards_removed":["Strike_R"],"damage_healed":0,"gold_gain":0,"player_choice":"Purged","damage_taken":0,"max_hp_gain":0,"max_hp_loss":0,"event_name":"Purifier","floor":5,"gold_loss":0}],"is_beta":false,"boss_relics":[],"items_purged_floors":[],"is_endless":false,"potions_floor_spawned":[1,14],"killed_by":"The Guardian","ascension_level":20}