{"gold_per_floor":[119,132,148,148,73,73,99,117,141,141,175,175,195,224,224,297,297,315,315,315,326,341,341,341,361,361,361,395,412,412,431,431,502,502,521,98,115,129,143,174,174,274,324,355,0,34,34,45,45,45,45],"floor_reached":52,"playtime":3416,"items_purged":["Strike_R","Strike_R+1"],"score":1889,"play_id":"430f9a3a-8eaa-417a-9bf6-be4be497c777","local_time":"20190821222055","is_ascension_mode":true,"campfire_choices":[{"data":"Juggernaut","floor":6,"key":"SMITH"},{"data":"Flame Barrier","floor":12,"key":"SMITH"},{"data":"Combust","floor":15,"key":"SMITH"},{"data":"Shockwave","floor":23,"key":"SMITH"},{"data":"Clothesline","floor":30,"key":"SMITH"},{"floor":32,"key":"REST"},{"data":"Juggernaut","floor":41,"key":"SMITH"},{"data":"Shrug It Off","floor":49,"key":"SMITH"}],"neow_cost":"NONE","seed_source_timestamp":232874881755400,"circlet_count":0,"master_deck":["AscendersBane","Strike_R+1","Strike_R+1","Defend_R+1","Defend_R+1","Defend_R+1","Defend_R+1","Bash+1","Juggernaut+1","Combust+1","Shrug It Off","Metallicize","Flame Barrier+1","Shockwave+1","Shrug It Off+1","Feed","Clothesline+1","Metallicize","Necronomicurse","Juggernaut+1","Rampage+1"],"relics":["Burning Blood","Orichalcum","Vajra","Ancient Tea Set","Ginger","Sozu","Necronomicon","Bronze Scales","Busted Crown","Thread and Needle","Matryoshka","Charon\u0027s Ashes","Lantern","Omamori","Oddly Smooth Stone","Red Mask","Boot"],"potions_floor_usage":[11,50,51],"damage_taken":[{"damage":13,"enemies":"2 Louse","floor":1,"turns":4},{"damage":7,"enemies":"Jaw Worm","floor":2,"turns":4},{"damage":1,"enemies":"Cultist","floor":3,"turns":4},{"damage":11,"enemies":"Lagavulin","floor":7,"turns":7},{"damage":0,"enemies":"2 Fungi Beasts","floor":8,"turns":3},{"damage":10,"enemies":"Gremlin Nob","floor":11,"turns":4},{"damage":3,"enemies":"3 Louse","floor":13,"turns":3},{"damage":16,"enemies":"3 Sentries","floor":14,"turns":6},{"damage":24,"enemies":"The Guardian","floor":16,"turns":10},{"damage":20,"enemies":"2 Thieves","floor":18,"turns":4},{"damage":5,"enemies":"Chosen","floor":21,"turns":4},{"damage":6,"enemies":"Snecko","floor":22,"turns":4},{"damage":4,"enemies":"Cultist and Chosen","floor":25,"turns":4},{"damage":12,"enemies":"Book of Stabbing","floor":28,"turns":4},{"damage":0,"enemies":"Centurion and Healer","floor":29,"turns":6},{"damage":10,"enemies":"Snake Plant","floor":31,"turns":2},{"damage":36,"enemies":"Collector","floor":33,"turns":7},{"damage":4,"enemies":"3 Shapes","floor":35,"turns":4},{"damage":0,"enemies":"3 Darklings","floor":37,"turns":5},{"damage":2,"enemies":"Maw","floor":38,"turns":5},{"damage":29,"enemies":"Jaw Worm Horde","floor":39,"turns":4},{"damage":7,"enemies":"Nemesis","floor":40,"turns":7},{"damage":0,"enemies":"Mind Bloom Boss Battle","floor":42,"turns":5},{"damage":16,"enemies":"Giant Head","floor":44,"turns":6},{"damage":5,"enemies":"Nemesis","floor":46,"turns":5},{"damage":4,"enemies":"4 Shapes","floor":48,"turns":4},{"damage":60,"enemies":"Awakened One","floor":50,"turns":13},{"damage":14,"enemies":"Donu and Deca","floor":51,"turns":8}],"seed_played":"-6952581748087536537","potions_obtained":[{"floor":1,"key":"Dexterity Potion"},{"floor":3,"key":"Block Potion"},{"floor":11,"key":"Energy Potion"}],"is_trial":false,"path_per_floor":["M","M","M","?","$","R","E","M","T","?","E","R","M","E","R","B",null,"M","$","?","M","M","R","?","M","T","?","E","M","R","M","R","B",null,"M","$","M","M","M","E","R","?","T","E","?","E","?","M","R","B","B",null],"character_chosen":"IRONCLAD","items_purchased":["Thread and Needle"],"campfire_rested":1,"item_purchase_floors":[36],"current_hp_per_floor":[61,60,65,70,70,70,65,71,71,71,67,67,70,60,60,42,71,57,57,57,58,61,61,40,42,42,42,36,45,45,41,66,36,74,79,79,88,92,72,71,71,77,77,67,67,71,71,73,73,19,11],"gold":45,"neow_bonus":"TRANSFORM_CARD","is_prod":false,"is_daily":false,"chose_seed":false,"campfire_upgraded":7,"win_rate":0,"timestamp":1566422455,"path_taken":["M","M","M","?","$","R","E","M","T","?","E","R","M","E","R","BOSS","M","$","?","M","?","R","?","M","T","?","E","M","R","M","R","BOSS","M","$","M","M","M","E","R","?","T","E","?","E","?","M","R","BOSS","BOSS"],"build_version":"2019-07-17","purchased_purges":2,"victory":true,"max_hp_per_floor":[75,75,75,80,80,80,80,80,80,80,80,80,80,80,80,80,80,80,80,80,80,83,83,83,83,83,83,83,86,86,86,86,86,86,89,89,92,92,95,95,95,95,95,95,95,98,93,93,93,93,93],"card_choices":[{"not_picked":["Wild Strike","Havoc"],"picked":"Combust","floor":1},{"not_picked":["Battle Trance","Blood for Blood"],"picked":"Shrug It Off","floor":2},{"not_picked":["Hemokinesis","Shockwave"],"picked":"Metallicize","floor":3},{"not_picked":["Clash","Armaments"],"picked":"Flame Barrier","floor":7},{"not_picked":["Bloodletting","Spot Weakness","Inflame"],"picked":"SKIP","floor":8},{"not_picked":["Berserk","Fire Breathing"],"picked":"Shockwave","floor":11},{"not_picked":["Perfected Strike","Armaments"],"picked":"Shrug It Off","floor":13},{"not_picked":["Dual Wield","Iron Wave","Twin Strike"],"picked":"SKIP","floor":14},{"not_picked":["Double Tap","Limit Break"],"picked":"Feed","floor":16},{"not_picked":["Perfected Strike","Dropkick+1"],"picked":"Clothesline","floor":18},{"not_picked":["Perfected Strike+1","Bloodletting"],"picked":"Metallicize","floor":21},{"not_picked":["Inflame","Flex","Sword Boomerang+1"],"picked":"SKIP","floor":22},{"not_picked":["Clothesline+1","Cleave","Uppercut"],"picked":"SKIP","floor":25},{"not_picked":["Reckless Charge","Burning Pact","True Grit"],"picked":"SKIP","floor":28},{"not_picked":["Headbutt","Twin Strike","Havoc"],"picked":"SKIP","floor":29},{"not_picked":["Metallicize","Blood for Blood","Heavy Blade"],"picked":"SKIP","floor":31},{"not_picked":["Berserk","Double Tap"],"picked":"Juggernaut","floor":33},{"not_picked":["Sword Boomerang+1"],"picked":"SKIP","floor":35},{"not_picked":[],"picked":"Rampage+1","floor":37},{"not_picked":["Heavy Blade"],"picked":"SKIP","floor":38},{"not_picked":["Perfected Strike"],"picked":"SKIP","floor":39},{"not_picked":["Clothesline"],"picked":"SKIP","floor":40},{"not_picked":["Clothesline+1"],"picked":"SKIP","floor":44},{"not_picked":["Seeing Red"],"picked":"SKIP","floor":46},{"not_picked":["Clothesline"],"picked":"SKIP","floor":48}],"player_experience":1537740,"relics_obtained":[{"floor":7,"key":"Orichalcum"},{"floor":9,"key":"Vajra"},{"floor":11,"key":"Ancient Tea Set"},{"floor":14,"key":"Ginger"},{"floor":24,"key":"Necronomicon"},{"floor":26,"key":"Bronze Scales"},{"floor":40,"key":"Matryoshka"},{"floor":42,"key":"Charon\u0027s Ashes"},{"floor":43,"key":"Lantern"},{"floor":43,"key":"Omamori"},{"floor":44,"key":"Oddly Smooth Stone"},{"floor":46,"key":"Boot"}],"event_choices":[{"damage_healed":0,"gold_gain":0,"player_choice":"Donut","damage_taken":0,"max_hp_gain":5,"max_hp_loss":0,"event_name":"Big Fish","floor":4,"gold_loss":0},{"damage_healed":0,"gold_gain":0,"player_choice":"Grow","damage_taken":0,"max_hp_gain":0,"max_hp_loss":0,"event_name":"Living Wall","floor":10,"gold_loss":0,"cards_upgraded":["Bash"]},{"damage_healed":0,"gold_gain":0,"player_choice":"0 cards matched","damage_taken":0,"max_hp_gain":0,"max_hp_loss":0,"event_name":"Match and Keep!","floor":20,"gold_loss":0,"cards_obtained":[]},{"damage_healed":0,"gold_gain":0,"player_choice":"Obtained Book","damage_taken":21,"max_hp_gain":0,"max_hp_loss":0,"event_name":"Cursed Tome","floor":24,"gold_loss":0},{"damage_healed":0,"gold_gain":0,"player_choice":"Simplicity","damage_taken":0,"max_hp_gain":0,"max_hp_loss":0,"event_name":"Back to Basics","floor":27,"gold_loss":0,"cards_upgraded":["Strike_R","Strike_R","Strike_R","Defend_R","Defend_R","Defend_R","Defend_R"]},{"damage_healed":0,"gold_gain":0,"player_choice":"Fight","damage_taken":0,"max_hp_gain":0,"max_hp_loss":0,"event_name":"MindBloom","floor":42,"gold_loss":0},{"damage_healed":0,"gold_gain":0,"player_choice":"Paid","damage_taken":0,"relics_obtained":["Red Mask"],"max_hp_gain":0,"max_hp_loss":0,"event_name":"Tomb of Lord Red Mask","floor":45,"gold_loss":355},{"damage_healed":0,"gold_gain":0,"player_choice":"Max HP","damage_taken":0,"max_hp_gain":0,"max_hp_loss":5,"event_name":"Winding Halls","floor":47,"gold_loss":0}],"is_beta":false,"boss_relics":[{"not_picked":["Pandora\u0027s Box","Black Star"],"picked":"Sozu"},{"not_picked":["Tiny House","Runic Cube"],"picked":"Busted Crown"}],"items_purged_floors":[5,36],"is_endless":false,"potions_floor_spawned":[1,3,11,14,18,22,29,31,33,39,40,44,48],"ascension_level":20}