{"gold_per_floor":[112,131,131,149,168,193,193,12,60,91,103,134,21,54,54,132,132,151,161,191,13,13,13,47,47,47,72,72,72,102,102,102,173,173,191,191,191,202,9,9,22,22,46,83,112,124,169,201,213,225,237],"floor_reached":51,"playtime":3904,"items_purged":["Strike_R"],"score":1553,"play_id":"ce72b13c-2b71-4b62-b4f7-b59d7de9815f","local_time":"20190818105142","is_ascension_mode":true,"campfire_choices":[{"floor":7.0,"key":"REST"},{"data":"Body Slam","floor":15.0,"key":"SMITH"},{"floor":23,"key":"REST"},{"data":"Juggernaut","floor":25,"key":"SMITH"},{"floor":28,"key":"REST"},{"data":"Cleave","floor":32,"key":"SMITH"},{"data":"Sword Boomerang","floor":40,"key":"SMITH"},{"floor":42,"key":"REST"},{"floor":46,"key":"REST"},{"data":"Metallicize","floor":49,"key":"SMITH"}],"neow_cost":"NONE","seed_source_timestamp":0,"circlet_count":0,"master_deck":["AscendersBane","Strike_R+1","Defend_R","Defend_R","Defend_R","Defend_R","Bash","Body Slam+1","Anger","Cleave+1","Metallicize","Shrug It Off+1","Limit Break+1","Reaper+1","Power Through+1","Armaments+1","Flex+1","True Grit+1","Sword Boomerang+1","Juggernaut+1","Metallicize+1","Panacea+1","Shockwave+1","Reaper+1","Uppercut+1","Reaper+1","Shrug It Off+1","Headbutt+1","Reaper+1","Metallicize+1"],"special_seed":0,"relics":["Burning Blood","Toxic Egg 2","Oddly Smooth Stone","Boot","Blood Vial","Unceasing Top","Velvet Choker","Red Mask","MutagenicStrength","Dodecahedron","Whetstone","Molten Egg 2","Bottled Lightning","Empty Cage","Bag of Marbles","MawBank","Sundial","Mummified Hand"],"potions_floor_usage":[20,30,30,44,51,51],"damage_taken":[{"damage":5.0,"enemies":"Small Slimes","floor":1.0,"turns":3.0},{"damage":6.0,"enemies":"Cultist","floor":2.0,"turns":3.0},{"damage":0.0,"enemies":"2 Louse","floor":4.0,"turns":3.0},{"damage":8.0,"enemies":"2 Fungi Beasts","floor":5.0,"turns":3.0},{"damage":55.0,"enemies":"3 Sentries","floor":6.0,"turns":8.0},{"damage":37.0,"enemies":"Lagavulin","floor":10.0,"turns":11.0},{"damage":30.0,"enemies":"Large Slime","floor":11.0,"turns":8.0},{"damage":4.0,"enemies":"3 Sentries","floor":12.0,"turns":9.0},{"damage":15.0,"enemies":"Lagavulin","floor":14.0,"turns":8.0},{"damage":38.0,"enemies":"Hexaghost","floor":16.0,"turns":11.0},{"damage":10,"enemies":"3 Byrds","floor":18,"turns":6},{"damage":9,"enemies":"2 Thieves","floor":19,"turns":4},{"damage":48,"enemies":"Masked Bandits","floor":20,"turns":4},{"damage":30,"enemies":"Book of Stabbing","floor":24,"turns":5},{"damage":36,"enemies":"Slavers","floor":27,"turns":8},{"damage":0,"enemies":"Gremlin Leader","floor":30,"turns":5},{"damage":53,"enemies":"Collector","floor":33,"turns":7},{"damage":2,"enemies":"3 Shapes","floor":35,"turns":3},{"damage":35,"enemies":"3 Darklings","floor":38,"turns":8},{"damage":69,"enemies":"Writhing Mass","floor":41,"turns":8},{"damage":33,"enemies":"Nemesis","floor":44,"turns":7},{"damage":46,"enemies":"4 Shapes","floor":45,"turns":9},{"damage":33,"enemies":"Reptomancer","floor":47,"turns":9},{"damage":4,"enemies":"Jaw Worm Horde","floor":48,"turns":4},{"damage":86,"enemies":"Donu and Deca","floor":50,"turns":8},{"damage":108,"enemies":"Time Eater","floor":51,"turns":13}],"seed_played":"-1797895460525778771","potions_obtained":[{"floor":1.0,"key":"Ancient Potion"},{"floor":10.0,"key":"BloodPotion"},{"floor":11.0,"key":"Block Potion"},{"floor":12.0,"key":"Energy Potion"},{"floor":14.0,"key":"AttackPotion"},{"floor":16.0,"key":"Explosive Potion"},{"floor":20,"key":"Swift Potion"},{"floor":27,"key":"EssenceOfSteel"},{"floor":30,"key":"Dexterity Potion"},{"floor":38,"key":"Regen Potion"},{"floor":47,"key":"AttackPotion"}],"is_trial":false,"path_per_floor":["M","M","?","M","M","E","R","$","T","E","M","E","$","E","R","B",null,"M","M","?","$","?","R","E","R","T","E","R","?","E","T","R","B",null,"M","?","?","M","$","R","M","R","T","E","M","R","E","M","R","B","B"],"character_chosen":"IRONCLAD","items_purchased":["Shrug It Off+1","Limit Break+1","Flex+1","True Grit+1","Panacea+1","Shrug It Off+1","Bag of Marbles"],"campfire_rested":5,"item_purchase_floors":[8,8,13,13,21,39,39],"current_hp_per_floor":[76,76,76,82,80,31,55,55,55,24,20,32,32,33,33,11,64,62,68,40,40,40,64,42,42,42,35,59,59,82,82,82,82,82,82,78,78,49,49,49,17,40,40,57,63,78,78,78,78,62,0],"gold":237,"neow_bonus":"TEN_PERCENT_HP_BONUS","is_prod":false,"is_daily":false,"chose_seed":false,"campfire_upgraded":5,"win_rate":0,"timestamp":1566121902,"path_taken":["M","M","?","M","?","E","R","?","T","E","M","E","$","E","R","BOSS","M","M","?","$","?","R","E","R","T","E","R","?","E","?","R","BOSS","M","?","?","M","$","R","M","R","T","E","M","R","E","M","R","BOSS","BOSS"],"build_version":"2019-07-17","purchased_purges":1,"victory":false,"max_hp_per_floor":[82,82,82,82,82,82,82,82,82,82,82,82,82,82,82,82,82,82,82,82,82,82,82,82,82,82,82,82,82,82,82,82,82,82,82,78,78,78,78,78,78,78,78,78,78,78,78,78,78,78,78],"card_choices":[{"not_picked":["Seeing Red","Dropkick"],"picked":"Body Slam","floor":1.0},{"not_picked":["Wild Strike","Twin Strike"],"picked":"Anger","floor":2.0},{"not_picked":["Dual Wield","Rage"],"picked":"Cleave","floor":4.0},{"not_picked":["Second Wind","Wild Strike","Flex"],"picked":"SKIP","floor":5.0},{"not_picked":["Warcry","Heavy Blade"],"picked":"Metallicize","floor":6.0},{"not_picked":["Cleave","Perfected Strike"],"picked":"Reaper","floor":10.0},{"not_picked":["Rupture","Warcry+1"],"picked":"Power Through+1","floor":11.0},{"not_picked":["Dual Wield+1","Second Wind+1"],"picked":"Armaments+1","floor":12.0},{"not_picked":["Reckless Charge","Cleave"],"picked":"Sword Boomerang","floor":14.0},{"not_picked":["Fiend Fire","Berserk"],"picked":"Juggernaut","floor":16.0},{"not_picked":["Iron Wave+1","Havoc+1"],"picked":"Metallicize","floor":18},{"not_picked":["Havoc+1","Anger","Heavy Blade"],"picked":"SKIP","floor":19},{"not_picked":["Fiend Fire","Entrench+1"],"picked":"Shockwave+1","floor":24},{"not_picked":["Dual Wield+1","Entrench+1","Corruption"],"picked":"SKIP","floor":27},{"not_picked":["Clash+1","Rupture","Thunderclap"],"picked":"SKIP","floor":30},{"not_picked":["Demon Form","Brutality"],"picked":"Reaper+1","floor":33},{"not_picked":["Reckless Charge+1","Flex+1"],"picked":"Uppercut+1","floor":35},{"not_picked":["Armaments+1","Iron Wave+1","Sword Boomerang+1"],"picked":"SKIP","floor":38},{"not_picked":["Clothesline+1","Sentinel+1"],"picked":"Headbutt+1","floor":41},{"not_picked":["Sword Boomerang+1","Headbutt+1","Pommel Strike+1"],"picked":"SKIP","floor":44},{"not_picked":["Metallicize","Fire Breathing","Power Through+1"],"picked":"SKIP","floor":45},{"not_picked":["Shrug It Off+1","Rage+1"],"picked":"Reaper+1","floor":47},{"not_picked":["Clash+1","Wild Strike+1"],"picked":"Metallicize+1","floor":48}],"player_experience":1502597,"relics_obtained":[{"floor":6.0,"key":"Toxic Egg 2"},{"floor":9.0,"key":"Oddly Smooth Stone"},{"floor":10.0,"key":"Boot"},{"floor":12.0,"key":"Blood Vial"},{"floor":14.0,"key":"Unceasing Top"},{"floor":20,"key":"Red Mask"},{"floor":24,"key":"Dodecahedron"},{"floor":27,"key":"Whetstone"},{"floor":30,"key":"Molten Egg 2"},{"floor":31,"key":"Bottled Lightning"},{"floor":43,"key":"MawBank"},{"floor":44,"key":"Sundial"},{"floor":47,"key":"Mummified Hand"}],"event_choices":[{"cards_removed":["Strike_R"],"damage_healed":0.0,"max_hp_gain":0.0,"max_hp_loss":0.0,"gold_gain":0.0,"event_name":"Bonfire Elementals","player_choice":"Offered Basic","floor":3.0,"gold_loss":0.0,"damage_taken":0.0},{"damage_healed":0,"gold_gain":0,"player_choice":"Fought Bandits","damage_taken":0,"max_hp_gain":0,"max_hp_loss":0,"event_name":"Masked Bandits","floor":20,"gold_loss":0},{"damage_healed":0,"gold_gain":0,"player_choice":"Inject Mutagens","damage_taken":0,"relics_obtained":["MutagenicStrength"],"max_hp_gain":0,"max_hp_loss":0,"event_name":"Drug Dealer","floor":22,"gold_loss":0},{"damage_healed":0,"gold_gain":0,"player_choice":"Ignored","damage_taken":0,"max_hp_gain":0,"max_hp_loss":0,"event_name":"The Mausoleum","floor":29,"gold_loss":0},{"damage_healed":0,"gold_gain":0,"player_choice":"Max HP","damage_taken":0,"max_hp_gain":0,"max_hp_loss":4,"event_name":"Winding Halls","floor":36,"gold_loss":0},{"damage_healed":0,"gold_gain":0,"player_choice":"Copied","damage_taken":0,"max_hp_gain":0,"max_hp_loss":0,"event_name":"Duplicator","floor":37,"gold_loss":0,"cards_obtained":["Reaper"]}],"is_beta":false,"boss_relics":[{"not_picked":["Black Blood","White Beast Statue"],"picked":"Velvet Choker"},{"not_picked":["Eternal Feather","Busted Crown"],"picked":"Empty Cage"}],"items_purged_floors":[21],"is_endless":false,"potions_floor_spawned":[1,10,11,12,14,16,20,27,30,38,41,47,48],"killed_by":"Time Eater","ascension_level":20}