{"gold_per_floor":[117,41,41,52,52,80,80,80,152,183,148,183,197,228,228,306,306,321,159,174,192,202,202,236,252,275,308,324,352,352,371,371,448,448,466,466,485,23,41,71,71,98,144,144,160,176,176,204,204,204,204],"floor_reached":51,"playtime":4522,"items_purged":["Strike_R","Strike_R"],"score":1700,"play_id":"d07e2893-ba73-44aa-a2d8-db03de889337","local_time":"20190818150025","is_ascension_mode":true,"campfire_choices":[{"data":"Rampage","floor":7.0,"key":"SMITH"},{"data":"Inflame","floor":15,"key":"SMITH"},{"floor":23,"key":"REST"},{"floor":32,"key":"RECALL"},{"floor":41,"key":"REST"},{"floor":44,"key":"REST"},{"floor":49,"key":"REST"}],"neow_cost":"NONE","seed_source_timestamp":1870091504380445,"circlet_count":0,"master_deck":["AscendersBane","Strike_R","Strike_R","Strike_R","Defend_R","Defend_R","Defend_R","Defend_R","Bash+1","Wild Strike","Rampage+1","Clothesline","Inflame+1","Cleave+1","Metallicize","Reaper+1","Ghostly Armor","Evolve","Pommel Strike+1","Dual Wield+1","Battle Trance","J.A.X.","Inflame","Offering","Rupture","Pommel Strike+1","Juggernaut","Double Tap","Battle Trance+1","Dark Embrace","Uppercut+1","Reckless Charge+1"],"special_seed":0,"relics":["Burning Blood","PreservedInsect","Mummified Hand","Sundial","Molten Egg 2","Blood Vial","Happy Flower","Centennial Puzzle","Fusion Hammer","Mercury Hourglass","Bag of Marbles","Potion Belt","Regal Pillow","Mark of Pain","Paper Frog","Dream Catcher","Red Skull","Oddly Smooth Stone"],"potions_floor_usage":[16,33,33,35,40,40,48,50,50,51],"damage_taken":[{"damage":18.0,"enemies":"Cultist","floor":1.0,"turns":6.0},{"damage":0.0,"enemies":"Small Slimes","floor":4.0,"turns":2.0},{"damage":20.0,"enemies":"Lagavulin","floor":6.0,"turns":5.0},{"damage":6.0,"enemies":"Gremlin Nob","floor":10.0,"turns":3.0},{"damage":10.0,"enemies":"Lagavulin","floor":12.0,"turns":5.0},{"damage":5.0,"enemies":"2 Louse","floor":13.0,"turns":2.0},{"damage":9,"enemies":"3 Sentries","floor":14,"turns":4},{"damage":7,"enemies":"Slime Boss","floor":16,"turns":6},{"damage":19,"enemies":"Shell Parasite","floor":18,"turns":4},{"damage":21,"enemies":"Chosen","floor":20,"turns":5},{"damage":7,"enemies":"Centurion and Healer","floor":21,"turns":5},{"damage":38,"enemies":"Snake Plant","floor":22,"turns":6},{"damage":42,"enemies":"Slavers","floor":24,"turns":4},{"damage":10,"enemies":"Snecko","floor":25,"turns":4},{"damage":0,"enemies":"Gremlin Leader","floor":27,"turns":3},{"damage":16,"enemies":"Chosen and Byrds","floor":28,"turns":5},{"damage":15,"enemies":"Slavers","floor":29,"turns":4},{"damage":29,"enemies":"Shelled Parasite and Fungi","floor":31,"turns":2},{"damage":90,"enemies":"Collector","floor":33,"turns":8},{"damage":28,"enemies":"3 Darklings","floor":35,"turns":5},{"damage":37,"enemies":"3 Shapes","floor":37,"turns":4},{"damage":40,"enemies":"Spire Growth","floor":39,"turns":4},{"damage":0,"enemies":"Reptomancer","floor":40,"turns":2},{"damage":9,"enemies":"Giant Head","floor":42,"turns":4},{"damage":23,"enemies":"Sphere and 2 Shapes","floor":45,"turns":4},{"damage":39,"enemies":"4 Shapes","floor":46,"turns":5},{"damage":9,"enemies":"Nemesis","floor":48,"turns":3},{"damage":79,"enemies":"Time Eater","floor":50,"turns":9},{"damage":87,"enemies":"Awakened One","floor":51,"turns":4}],"seed_played":"7403126067431141712","potions_obtained":[{"floor":4.0,"key":"Poison Potion"},{"floor":6.0,"key":"Fire Potion"},{"floor":14,"key":"Swift Potion"},{"floor":16,"key":"Regen Potion"},{"floor":20,"key":"SneckoOil"},{"floor":28,"key":"SkillPotion"},{"floor":29,"key":"Dexterity Potion"},{"floor":33,"key":"SkillPotion"},{"floor":35,"key":"Regen Potion"},{"floor":40,"key":"SpeedPotion"},{"floor":46,"key":"SkillPotion"}],"is_trial":false,"path_per_floor":["M","$","$","M","?","E","R","?","T","E","?","E","M","E","R","B",null,"M","$","M","M","M","R","E","M","T","E","M","E","?","M","R","B",null,"M","?","M","$","M","E","R","E","T","R","M","M","?","E","R","B","B"],"character_chosen":"IRONCLAD","items_purchased":["Rampage","Evolve","Paper Frog","Pommel Strike+1","Block Potion"],"campfire_rested":4,"item_purchase_floors":[2,19,38,38,38],"current_hp_per_floor":[56,56,56,62,51,37,37,37,37,37,55,53,56,55,55,56,70,71,71,67,75,62,75,39,49,49,69,73,66,66,61,61,66,73,64,64,54,54,33,75,75,72,72,75,61,42,42,64,75,75,0],"gold":204,"neow_bonus":"RANDOM_COMMON_RELIC","is_prod":false,"is_daily":false,"chose_seed":false,"campfire_upgraded":2,"win_rate":0,"timestamp":1566136825,"path_taken":["M","?","$","M","?","E","R","?","T","E","?","E","M","E","R","BOSS","M","$","M","M","M","R","E","M","T","E","M","E","?","M","R","BOSS","M","?","M","$","M","E","R","E","T","R","M","M","?","E","R","BOSS","BOSS"],"build_version":"2019-07-17","purchased_purges":2,"victory":false,"max_hp_per_floor":[75,75,75,75,75,75,75,75,75,75,75,75,75,75,75,75,75,75,75,75,75,75,75,75,75,75,75,75,75,75,75,75,75,75,75,75,75,75,75,75,75,75,75,75,75,75,75,75,75,75,75],"card_choices":[{"not_picked":["True Grit","Clash"],"picked":"Wild Strike","floor":1.0},{"not_picked":["Seeing Red","Anger"],"picked":"Clothesline","floor":4.0},{"not_picked":["Havoc","Anger"],"picked":"Inflame","floor":6.0},{"not_picked":["Twin Strike+1","Headbutt+1"],"picked":"Cleave+1","floor":10.0},{"not_picked":["Bloodletting","Flex","Armaments"],"picked":"SKIP","floor":12.0},{"not_picked":["Clash+1","Anger+1"],"picked":"Metallicize","floor":13.0},{"not_picked":["Clothesline+1","Sword Boomerang+1"],"picked":"Metallicize","floor":14},{"not_picked":["Barricade","Brutality"],"picked":"Reaper+1","floor":16},{"not_picked":["Hemokinesis+1","Warcry"],"picked":"Ghostly Armor","floor":18},{"not_picked":["Body Slam+1","Rampage+1"],"picked":"Pommel Strike+1","floor":20},{"not_picked":["Havoc+1","Seeing Red"],"picked":"Dual Wield+1","floor":21},{"not_picked":["Clash+1","Cleave+1"],"picked":"Battle Trance","floor":22},{"not_picked":["Berserk","Sword Boomerang+1","Iron Wave+1"],"picked":"SKIP","floor":24},{"not_picked":["Havoc+1","Burning Pact","Hemokinesis+1"],"picked":"SKIP","floor":25},{"not_picked":["Sever Soul+1","Rampage+1","Rupture"],"picked":"SKIP","floor":27},{"not_picked":["Cleave+1","Headbutt+1","Heavy Blade+1"],"picked":"SKIP","floor":28},{"not_picked":["Pommel Strike+1","Anger+1","True Grit+1"],"picked":"SKIP","floor":29},{"not_picked":["Disarm","Spot Weakness"],"picked":"Inflame","floor":31},{"not_picked":["Berserk","Fiend Fire+1"],"picked":"Offering","floor":33},{"not_picked":["Pommel Strike+1","Metallicize"],"picked":"Rupture","floor":35},{"not_picked":["Warcry","Body Slam+1","Anger+1"],"picked":"SKIP","floor":37},{"not_picked":["Heavy Blade+1","Shrug It Off"],"picked":"Juggernaut","floor":39},{"not_picked":["Blood for Blood+1","Dark Embrace","Warcry+1"],"picked":"SKIP","floor":40},{"not_picked":["Infernal Blade","Sword Boomerang+1"],"picked":"Double Tap","floor":42},{"not_picked":["True Grit","Body Slam+1"],"picked":"Battle Trance+1","floor":44},{"not_picked":["Body Slam+1","Clothesline+1","Anger+1"],"picked":"SKIP","floor":45},{"not_picked":["Headbutt+1","Blood for Blood+1"],"picked":"Dark Embrace","floor":46},{"not_picked":["Headbutt+1","Havoc"],"picked":"Uppercut+1","floor":48},{"not_picked":["Body Slam+1","Havoc"],"picked":"Reckless Charge+1","floor":49}],"player_experience":1513677,"relics_obtained":[{"floor":6.0,"key":"Sundial"},{"floor":9.0,"key":"Molten Egg 2"},{"floor":10.0,"key":"Blood Vial"},{"floor":12.0,"key":"Happy Flower"},{"floor":14,"key":"Centennial Puzzle"},{"floor":24,"key":"Mercury Hourglass"},{"floor":26,"key":"Bag of Marbles"},{"floor":27,"key":"Potion Belt"},{"floor":29,"key":"Regal Pillow"},{"floor":40,"key":"Dream Catcher"},{"floor":42,"key":"Red Skull"},{"floor":48,"key":"Oddly Smooth Stone"}],"event_choices":[{"damage_healed":0.0,"max_hp_gain":0.0,"max_hp_loss":0.0,"gold_gain":0.0,"event_name":"Scrap Ooze","player_choice":"Success","floor":5.0,"gold_loss":0.0,"damage_taken":11.0,"relics_obtained":["Mummified Hand"]},{"damage_healed":0.0,"max_hp_gain":0.0,"max_hp_loss":0.0,"gold_gain":0.0,"event_name":"Living Wall","player_choice":"Grow","floor":8.0,"gold_loss":0.0,"damage_taken":0.0,"cards_upgraded":["Bash"]},{"damage_healed":18.0,"max_hp_gain":0.0,"max_hp_loss":0.0,"gold_gain":0.0,"event_name":"The Cleric","player_choice":"Healed","floor":11.0,"gold_loss":35.0,"damage_taken":0.0},{"damage_healed":0,"gold_gain":0,"player_choice":"Obtain J.A.X.","damage_taken":0,"max_hp_gain":0,"max_hp_loss":0,"event_name":"Drug Dealer","floor":30,"gold_loss":0,"cards_obtained":["J.A.X."]},{"cards_removed":["Metallicize"],"damage_healed":0,"gold_gain":0,"player_choice":"Removed Power","damage_taken":0,"max_hp_gain":0,"max_hp_loss":0,"event_name":"Falling","floor":36,"gold_loss":0},{"damage_healed":0,"gold_gain":0,"player_choice":"Ignored","damage_taken":0,"max_hp_gain":0,"max_hp_loss":0,"event_name":"Tomb of Lord Red Mask","floor":47,"gold_loss":0}],"is_beta":false,"boss_relics":[{"not_picked":["Black Blood","Runic Cube"],"picked":"Fusion Hammer"},{"not_picked":["White Beast Statue","Eternal Feather"],"picked":"Mark of Pain"}],"items_purged_floors":[19,38],"is_endless":false,"potions_floor_spawned":[4,6,14,16,18,20,28,29,33,35,40,46],"killed_by":"Awakened One","ascension_level":20}