{"gold_per_floor":[113,130,130,130,142,142,173,173,199,199,214,228,263,263,263,340,340,354,367,367,367,381,381,381],"floor_reached":24,"playtime":1038,"items_purged":[],"score":412,"play_id":"97987f5f-7d2f-40c6-b491-60bfdcc990c6","local_time":"20190827232521","is_ascension_mode":true,"campfire_choices":[{"data":"Bash","floor":6,"key":"SMITH"},{"data":"Immolate","floor":8,"key":"SMITH"},{"data":"Twin Strike","floor":10,"key":"SMITH"},{"data":"Disarm","floor":15,"key":"SMITH"},{"floor":23,"key":"REST"}],"neow_cost":"NONE","seed_source_timestamp":757540599733200,"circlet_count":0,"master_deck":["AscendersBane","Strike_R","Strike_R","Strike_R","Strike_R","Strike_R","Defend_R","Defend_R","Defend_R","Defend_R","Bash+1","Perfected Strike+1","Twin Strike+1","Headbutt","Immolate+1","Disarm","Disarm+1","Immolate","Flame Barrier","Uppercut"],"relics":["Burning Blood","Happy Flower","Kunai","Ancient Tea Set","Oddly Smooth Stone","Cursed Key","Enchiridion"],"potions_floor_usage":[22,24],"damage_taken":[{"damage":9,"enemies":"2 Louse","floor":1,"turns":4},{"damage":4,"enemies":"Jaw Worm","floor":2,"turns":3},{"damage":1,"enemies":"Cultist","floor":5,"turns":3},{"damage":8,"enemies":"Gremlin Nob","floor":7,"turns":3},{"damage":0,"enemies":"2 Fungi Beasts","floor":11,"turns":2},{"damage":4,"enemies":"Red Slaver","floor":12,"turns":3},{"damage":5,"enemies":"3 Sentries","floor":13,"turns":4},{"damage":62,"enemies":"Slime Boss","floor":16,"turns":9},{"damage":19,"enemies":"Shell Parasite","floor":18,"turns":4},{"damage":20,"enemies":"3 Byrds","floor":19,"turns":4},{"damage":3,"enemies":"Snake Plant","floor":22,"turns":4},{"damage":50,"enemies":"Gremlin Leader","floor":24,"turns":7}],"seed_played":"3261612891884419965","potions_obtained":[{"floor":11,"key":"Swift Potion"},{"floor":12,"key":"Dexterity Potion"},{"floor":19,"key":"Explosive Potion"},{"floor":22,"key":"Ancient Potion"}],"is_trial":false,"path_per_floor":["M","M","?","T","M","R","E","R","T","R","M","M","E","?","R","B",null,"M","M","?","?","M","R","E"],"character_chosen":"IRONCLAD","items_purchased":[],"campfire_rested":1,"item_purchase_floors":[],"current_hp_per_floor":[65,67,67,67,72,72,70,70,70,70,75,75,75,71,71,15,60,47,33,12,12,15,37,0],"gold":381,"neow_bonus":"RANDOM_COMMON_RELIC","is_prod":false,"is_daily":false,"chose_seed":false,"campfire_upgraded":4,"win_rate":0,"timestamp":1566944721,"path_taken":["M","M","?","?","M","R","E","R","T","R","M","M","E","?","R","BOSS","M","M","?","?","?","R","E"],"build_version":"2019-07-17","purchased_purges":0,"victory":false,"max_hp_per_floor":[75,75,75,75,75,75,75,75,75,75,75,75,75,75,75,75,75,75,75,75,75,75,75,75],"card_choices":[{"not_picked":["Wild Strike","Twin Strike"],"picked":"Perfected Strike","floor":1},{"not_picked":["Rupture","Shrug It Off"],"picked":"Twin Strike","floor":2},{"not_picked":["Blood for Blood","Iron Wave"],"picked":"Headbutt","floor":5},{"not_picked":["Demon Form","Wild Strike"],"picked":"Immolate","floor":7},{"not_picked":["Thunderclap","Clash"],"picked":"Disarm","floor":11},{"not_picked":["Warcry","Carnage"],"picked":"Disarm","floor":12},{"not_picked":["Rupture","Limit Break","Clash"],"picked":"SKIP","floor":13},{"not_picked":["Feed","Exhume"],"picked":"Immolate","floor":16},{"not_picked":["Flex","Cleave"],"picked":"Flame Barrier","floor":18},{"not_picked":["Fire Breathing","Iron Wave"],"picked":"Uppercut","floor":19},{"not_picked":["Anger","Combust","Sword Boomerang"],"picked":"SKIP","floor":22}],"player_experience":1552045,"relics_obtained":[{"floor":4,"key":"Kunai"},{"floor":7,"key":"Ancient Tea Set"},{"floor":13,"key":"Oddly Smooth Stone"},{"floor":20,"key":"Enchiridion"}],"event_choices":[{"damage_healed":0,"gold_gain":0,"player_choice":"Grow","damage_taken":0,"max_hp_gain":0,"max_hp_loss":0,"event_name":"Living Wall","floor":3,"gold_loss":0,"cards_upgraded":["Perfected Strike"]},{"damage_healed":0,"gold_gain":0,"player_choice":"Bought 0 Potions","damage_taken":0,"max_hp_gain":0,"max_hp_loss":0,"event_name":"The Woman in Blue","floor":14,"gold_loss":0},{"damage_healed":0,"gold_gain":0,"player_choice":"Obtained Book","damage_taken":21,"max_hp_gain":0,"max_hp_loss":0,"event_name":"Cursed Tome","floor":20,"gold_loss":0},{"damage_healed":0,"gold_gain":0,"player_choice":"Leave","damage_taken":0,"max_hp_gain":0,"max_hp_loss":0,"event_name":"FaceTrader","floor":21,"gold_loss":0}],"is_beta":false,"boss_relics":[{"not_picked":["Fusion Hammer","Mark of Pain"],"picked":"Cursed Key"}],"items_purged_floors":[],"is_endless":false,"potions_floor_spawned":[11,12,19,22],"killed_by":"Gremlin Leader","ascension_level":20}