{"gold_per_floor":[367,3,3,13,13,13,46,60,60,85,50,64,64,98,98,174,174,185,185,195,210,210,210,237,237,237,248,280,292,30,60,60,135,135,150,150,163,178,19,52,70,70,70,70,85,85,117,133,133,133,133,133,133,40,40],"floor_reached":55,"playtime":5364,"items_purged":["Strike_R","Strike_R"],"score":2010,"play_id":"5b8dab90-fc7e-475e-8374-30aca3823ff8","local_time":"20190819212249","is_ascension_mode":true,"campfire_choices":[{"data":"Bash","floor":6.0,"key":"SMITH"},{"data":"True Grit","floor":15.0,"key":"SMITH"},{"data":"Immolate","floor":23.0,"key":"SMITH"},{"floor":25.0,"key":"REST"},{"floor":32.0,"key":"RECALL"},{"floor":42.0,"key":"REST"},{"data":"Inflame","floor":44.0,"key":"SMITH"},{"floor":46.0,"key":"REST"},{"data":"Corruption","floor":49,"key":"SMITH"},{"data":"Disarm","floor":53,"key":"SMITH"}],"neow_cost":"TEN_PERCENT_HP_LOSS","seed_source_timestamp":54632504505100,"circlet_count":0,"master_deck":["AscendersBane","Strike_R","Strike_R","Strike_R","Defend_R","Defend_R","Defend_R","Defend_R","Bash+1","Anger","Twin Strike","Flame Barrier+1","Pommel Strike","True Grit+1","Inflame+1","Disarm","Disarm+1","Immolate+1","Shockwave","Heavy Blade","Apotheosis","Juggernaut","Impervious","Clothesline+1","Sever Soul+1","Sever Soul+1","Corruption+1","Corruption"],"special_seed":0,"relics":["Burning Blood","Vajra","Pear","Shuriken","Dodecahedron","Bottled Lightning","Snecko Eye","MutagenicStrength","Smiling Mask","Bottled Flame","Dead Branch","Molten Egg 2","Mark of Pain","Pantograph","Mercury Hourglass"],"potions_floor_usage":[51],"damage_taken":[{"damage":4.0,"enemies":"2 Louse","floor":1.0,"turns":4.0},{"damage":2.0,"enemies":"Jaw Worm","floor":4.0,"turns":4.0},{"damage":35.0,"enemies":"Lagavulin","floor":7.0,"turns":6.0},{"damage":1.0,"enemies":"Small Slimes","floor":8.0,"turns":3.0},{"damage":28.0,"enemies":"3 Sentries","floor":10.0,"turns":8.0},{"damage":1.0,"enemies":"Looter","floor":12.0,"turns":4.0},{"damage":20.0,"enemies":"Lagavulin","floor":14.0,"turns":5.0},{"damage":37.0,"enemies":"Hexaghost","floor":16.0,"turns":9.0},{"damage":4.0,"enemies":"Shell Parasite","floor":18.0,"turns":3.0},{"damage":10.0,"enemies":"3 Byrds","floor":20.0,"turns":4.0},{"damage":8.0,"enemies":"Snake Plant","floor":21.0,"turns":5.0},{"damage":21.0,"enemies":"Gremlin Leader","floor":24.0,"turns":4.0},{"damage":10.0,"enemies":"Centurion and Healer","floor":27.0,"turns":4.0},{"damage":0.0,"enemies":"Slavers","floor":28.0,"turns":2.0},{"damage":0.0,"enemies":"Cultist and Chosen","floor":29.0,"turns":2.0},{"damage":16.0,"enemies":"Book of Stabbing","floor":31.0,"turns":3.0},{"damage":29.0,"enemies":"Automaton","floor":33.0,"turns":6.0},{"damage":1.0,"enemies":"3 Darklings","floor":35.0,"turns":3.0},{"damage":0.0,"enemies":"Orb Walker","floor":37.0,"turns":3.0},{"damage":1.0,"enemies":"Writhing Mass","floor":38.0,"turns":7.0},{"damage":27.0,"enemies":"Giant Head","floor":40.0,"turns":6.0},{"damage":6.0,"enemies":"4 Shapes","floor":41.0,"turns":5.0},{"damage":15.0,"enemies":"Transient","floor":45.0,"turns":6.0},{"damage":15.0,"enemies":"Nemesis","floor":47.0,"turns":7.0},{"damage":6.0,"enemies":"Jaw Worm Horde","floor":48.0,"turns":3.0},{"damage":19,"enemies":"Time Eater","floor":50,"turns":9},{"damage":14,"enemies":"Awakened One","floor":51,"turns":7},{"damage":81,"enemies":"Shield and Spear","floor":55,"turns":3}],"seed_played":"-1553633521483027003","potions_obtained":[{"floor":1.0,"key":"GamblersBrew"},{"floor":7.0,"key":"Explosive Potion"},{"floor":10.0,"key":"Dexterity Potion"},{"floor":16.0,"key":"SteroidPotion"},{"floor":24.0,"key":"Explosive Potion"},{"floor":31.0,"key":"Dexterity Potion"},{"floor":33.0,"key":"Ancient Potion"},{"floor":41.0,"key":"Swift Potion"}],"is_trial":false,"path_per_floor":["M","$","?","M","?","R","E","M","T","E","?","M","?","E","R","B",null,"M","?","M","M","?","R","E","R","T","M","E","M","$","E","R","B",null,"M","?","M","M","$","E","M","R","T","R","M","R","E","M","R","B","B",null,"R","$","E"],"character_chosen":"IRONCLAD","items_purchased":["Vajra","Twin Strike","Flame Barrier","Block Potion","Apotheosis","Clothesline+1","Sever Soul+1","PowerPotion","Corruption"],"campfire_rested":3,"item_purchase_floors":[2,2,2,2,30,39,39,54,54],"current_hp_per_floor":[68,68,68,68,73,73,54,59,59,37,57,62,62,48,48,17,67,69,69,65,63,63,63,48,72,72,68,74,80,80,70,70,47,74,79,79,83,83,83,62,62,83,83,83,74,83,74,74,74,70,75,81,81,81,0],"gold":40,"neow_bonus":"TWO_FIFTY_GOLD","is_prod":false,"is_daily":false,"chose_seed":false,"campfire_upgraded":6,"win_rate":0,"timestamp":1566246169,"path_taken":["M","$","?","M","?","R","E","M","T","E","?","M","?","E","R","BOSS","M","?","M","M","?","R","E","R","T","?","E","M","$","E","R","BOSS","M","?","?","M","$","E","M","R","T","R","M","R","E","M","R","BOSS","BOSS","R","$","E"],"build_version":"2019-07-17","purchased_purges":2,"victory":false,"max_hp_per_floor":[68,68,68,68,73,73,83,83,83,83,83,83,83,83,83,83,83,83,83,83,83,83,83,83,83,83,83,83,83,83,83,83,83,83,83,83,83,83,83,83,83,83,83,83,83,83,83,83,83,83,83,83,83,83,83],"card_choices":[{"not_picked":["Seeing Red","Wild Strike"],"picked":"Anger","floor":1.0},{"not_picked":["Evolve","Clash","Perfected Strike"],"picked":"SKIP","floor":4.0},{"not_picked":["Shrug It Off","Thunderclap"],"picked":"Pommel Strike","floor":7.0},{"not_picked":["Rage","Iron Wave"],"picked":"True Grit","floor":8.0},{"not_picked":["Metallicize","Shrug It Off"],"picked":"Inflame","floor":10.0},{"not_picked":["Thunderclap","Headbutt"],"picked":"Disarm","floor":12.0},{"not_picked":["Sentinel","Flex"],"picked":"Disarm","floor":14.0},{"not_picked":["Double Tap","Exhume"],"picked":"Immolate","floor":16.0},{"not_picked":["Feel No Pain","Wild Strike","Bloodletting"],"picked":"SKIP","floor":18.0},{"not_picked":["Headbutt","Perfected Strike","Armaments"],"picked":"SKIP","floor":20.0},{"not_picked":["Havoc","Iron Wave"],"picked":"Heavy Blade","floor":21.0},{"not_picked":["Warcry","True Grit","Clash"],"picked":"SKIP","floor":24.0},{"not_picked":["Body Slam","Havoc","Cleave"],"picked":"SKIP","floor":27.0},{"not_picked":["Heavy Blade","Fire Breathing","Combust"],"picked":"SKIP","floor":28.0},{"not_picked":["Searing Blow","Carnage","Metallicize"],"picked":"SKIP","floor":29.0},{"not_picked":["Pommel Strike","Sword Boomerang"],"picked":"Juggernaut","floor":31.0},{"not_picked":["Juggernaut","Feed+1"],"picked":"Impervious","floor":33.0},{"not_picked":["Infernal Blade","Sword Boomerang+1","Heavy Blade+1"],"picked":"SKIP","floor":35.0},{"not_picked":["Perfected Strike+1","Havoc","Battle Trance"],"picked":"SKIP","floor":37.0},{"not_picked":["Armaments","Rampage+1","Flex"],"picked":"SKIP","floor":38.0},{"not_picked":["Warcry","Berserk","Clothesline+1"],"picked":"SKIP","floor":40.0},{"not_picked":["Twin Strike+1","Thunderclap+1","Carnage+1"],"picked":"SKIP","floor":41.0},{"not_picked":["Clothesline+1","Seeing Red+1","Dual Wield"],"picked":"SKIP","floor":45.0},{"not_picked":["Brutality","Thunderclap+1"],"picked":"Sever Soul+1","floor":47.0},{"not_picked":["Armaments","Blood for Blood+1"],"picked":"Corruption","floor":48.0}],"player_experience":1521564,"relics_obtained":[{"floor":7.0,"key":"Pear"},{"floor":9.0,"key":"Shuriken"},{"floor":10.0,"key":"Dodecahedron"},{"floor":14.0,"key":"Bottled Lightning"},{"floor":24.0,"key":"Smiling Mask"},{"floor":26.0,"key":"Bottled Flame"},{"floor":28.0,"key":"Dead Branch"},{"floor":31.0,"key":"Molten Egg 2"},{"floor":40.0,"key":"Pantograph"},{"floor":47.0,"key":"Mercury Hourglass"}],"event_choices":[{"damage_healed":0.0,"max_hp_gain":0.0,"max_hp_loss":0.0,"gold_gain":0.0,"event_name":"Liars Game","player_choice":"Ignored","floor":3.0,"gold_loss":0.0,"damage_taken":0.0},{"damage_healed":0.0,"max_hp_gain":5.0,"max_hp_loss":0.0,"gold_gain":0.0,"event_name":"Big Fish","player_choice":"Donut","floor":5.0,"gold_loss":0.0,"damage_taken":0.0},{"damage_healed":20.0,"max_hp_gain":0.0,"max_hp_loss":0.0,"gold_gain":0.0,"event_name":"The Cleric","player_choice":"Healed","floor":11.0,"gold_loss":35.0,"damage_taken":0.0},{"damage_healed":0.0,"max_hp_gain":0.0,"max_hp_loss":0.0,"gold_gain":0.0,"event_name":"Living Wall","player_choice":"Grow","floor":13.0,"gold_loss":0.0,"damage_taken":0.0,"cards_upgraded":["Flame Barrier"]},{"damage_healed":0.0,"max_hp_gain":0.0,"max_hp_loss":0.0,"gold_gain":0.0,"event_name":"The Library","player_choice":"Read","floor":19.0,"gold_loss":0.0,"damage_taken":0.0,"cards_obtained":["Shockwave"]},{"damage_healed":0.0,"max_hp_gain":0.0,"max_hp_loss":0.0,"gold_gain":0.0,"event_name":"Drug Dealer","player_choice":"Inject Mutagens","floor":22.0,"gold_loss":0.0,"damage_taken":0.0,"relics_obtained":["MutagenicStrength"]},{"damage_healed":0.0,"max_hp_gain":0.0,"max_hp_loss":0.0,"gold_gain":0.0,"event_name":"Match and Keep!","player_choice":"0 cards matched","floor":36.0,"gold_loss":0.0,"damage_taken":0.0,"cards_obtained":[]}],"is_beta":false,"boss_relics":[{"not_picked":["Calling Bell","Eternal Feather"],"picked":"Snecko Eye"},{"not_picked":["Busted Crown","Astrolabe"],"picked":"Mark of Pain"}],"items_purged_floors":[30,39],"is_endless":false,"potions_floor_spawned":[1,7,10,16,24,27,31,33,35,38,41,47],"killed_by":"Shield and Spear","ascension_level":20}