{"gold_per_floor":[111,169,180,255,267,267,302,302,302,302,33,33,60,60,60,60],"floor_reached":16,"playtime":524,"items_purged":["Strike_R"],"score":212,"play_id":"11890f72-2405-4264-9b9a-83d1cbada5f9","local_time":"20190819214945","is_ascension_mode":true,"campfire_choices":[{"data":"Cleave","floor":6,"key":"SMITH"},{"data":"Anger","floor":8,"key":"SMITH"},{"floor":10,"key":"REST"},{"floor":15,"key":"REST"}],"neow_cost":"NONE","seed_source_timestamp":61109886396100,"circlet_count":0,"master_deck":["AscendersBane","Strike_R","Strike_R+1","Strike_R","Strike_R+1","Defend_R","Defend_R","Defend_R","Defend_R","Bash+1","Cleave+1","Anger+1","Reaper","Feel No Pain"],"relics":["Burning Blood","Smiling Mask","Ornamental Fan","Potion Belt","Boot"],"potions_floor_usage":[7,7],"damage_taken":[{"damage":7,"enemies":"Small Slimes","floor":1,"turns":3},{"damage":5,"enemies":"2 Louse","floor":3,"turns":3},{"damage":6,"enemies":"Cultist","floor":5,"turns":3},{"damage":26,"enemies":"Gremlin Nob","floor":7,"turns":4},{"damage":32,"enemies":"Lagavulin","floor":13,"turns":7},{"damage":34,"enemies":"Slime Boss","floor":16,"turns":3}],"seed_played":"341771185254762510","potions_obtained":[{"floor":3,"key":"Weak Potion"},{"floor":5,"key":"SkillPotion"},{"floor":13,"key":"Dexterity Potion"}],"is_trial":false,"path_per_floor":["M","?","M","?","M","R","E","R","T","R","$","?","E","?","R","B"],"character_chosen":"IRONCLAD","items_purchased":["Reaper","Feel No Pain"],"campfire_rested":2,"item_purchase_floors":[11,11],"current_hp_per_floor":[67,67,68,57,57,57,37,37,37,59,59,59,33,10,32,0],"gold":60,"neow_bonus":"UPGRADE_CARD","is_prod":false,"is_daily":false,"chose_seed":false,"campfire_upgraded":2,"win_rate":0,"timestamp":1566247785,"path_taken":["M","?","M","?","M","R","E","R","T","R","$","?","E","?","R","BOSS"],"build_version":"2019-07-17","purchased_purges":1,"victory":false,"max_hp_per_floor":[75,75,75,75,75,75,75,75,75,75,75,75,75,75,75,75],"card_choices":[{"not_picked":["Thunderclap","Flex","Sword Boomerang"],"picked":"SKIP","floor":1},{"not_picked":["Flame Barrier","Warcry"],"picked":"Cleave","floor":3},{"not_picked":["Clash","Havoc"],"picked":"Anger","floor":5},{"not_picked":["Burning Pact","Dropkick","Blood for Blood"],"picked":"SKIP","floor":7},{"not_picked":["Flex","Seeing Red","Intimidate"],"picked":"SKIP","floor":13}],"player_experience":1527672,"relics_obtained":[{"floor":7,"key":"Smiling Mask"},{"floor":9,"key":"Ornamental Fan"},{"floor":13,"key":"Boot"}],"event_choices":[{"damage_healed":0,"gold_gain":58,"player_choice":"Gained Gold","damage_taken":0,"max_hp_gain":0,"max_hp_loss":0,"event_name":"Golden Wing","floor":2,"gold_loss":0},{"damage_healed":0,"gold_gain":75,"player_choice":"Gather Gold","damage_taken":11,"max_hp_gain":0,"max_hp_loss":0,"event_name":"World of Goop","floor":4,"gold_loss":0},{"damage_healed":0,"gold_gain":0,"player_choice":"Searched \u00271\u0027 times","damage_taken":0,"relics_obtained":["Potion Belt"],"max_hp_gain":0,"max_hp_loss":0,"event_name":"Dead Adventurer","floor":12,"gold_loss":0},{"damage_healed":0,"gold_gain":0,"player_choice":"Entered Light","damage_taken":23,"max_hp_gain":0,"max_hp_loss":0,"event_name":"Shining Light","floor":14,"gold_loss":0,"cards_upgraded":["Strike_R","Strike_R"]}],"is_beta":false,"boss_relics":[],"items_purged_floors":[11],"is_endless":false,"potions_floor_spawned":[3,5,13],"killed_by":"Slime Boss","ascension_level":20}