{"gold_per_floor":[111,123,273,3,3,38,38,68,68,94,14,14,81,97,97,171,171,189,205,205,215,215,215,244,244,244,244],"floor_reached":27,"playtime":1460,"items_purged":["Doubt"],"score":494,"play_id":"5939b7d7-c089-4dbb-9d0b-5fbcb0e7a42c","local_time":"20190818121826","is_ascension_mode":true,"campfire_choices":[{"data":"Bludgeon","floor":7,"key":"SMITH"},{"data":"Uppercut","floor":12,"key":"SMITH"},{"data":"Disarm","floor":15,"key":"SMITH"},{"floor":23,"key":"REST"},{"floor":25,"key":"REST"}],"neow_cost":"NONE","seed_source_timestamp":1863566348293673,"circlet_count":0,"master_deck":["AscendersBane","Strike_R+1","Strike_R+1","Strike_R+1","Defend_R+1","Defend_R+1","Defend_R+1","Bash","Headbutt","Spot Weakness","Bludgeon+1","Disarm+1","Twin Strike","Uppercut+1","Double Tap","Heavy Blade+1","Corruption+1","Flame Barrier+1","Anger+1","Combust","Disarm","Limit Break"],"special_seed":0,"relics":["Burning Blood","Shuriken","Gremlin Horn","Matryoshka","Astrolabe","Art of War","Paper Frog","Pear"],"potions_floor_usage":[6,10,16,16,19,21],"damage_taken":[{"damage":2.0,"enemies":"Cultist","floor":1.0,"turns":4.0},{"damage":19.0,"enemies":"Jaw Worm","floor":2.0,"turns":4.0},{"damage":32,"enemies":"Gremlin Nob","floor":6,"turns":4},{"damage":25,"enemies":"Lagavulin","floor":8,"turns":7},{"damage":6,"enemies":"Gremlin Nob","floor":10,"turns":3},{"damage":14,"enemies":"2 Louse","floor":14,"turns":2},{"damage":26,"enemies":"The Guardian","floor":16,"turns":9},{"damage":36,"enemies":"2 Thieves","floor":18,"turns":4},{"damage":11,"enemies":"3 Byrds","floor":19,"turns":7},{"damage":25,"enemies":"Snake Plant","floor":21,"turns":5},{"damage":30,"enemies":"Book of Stabbing","floor":24,"turns":6},{"damage":43,"enemies":"Slavers","floor":27,"turns":2}],"seed_played":"-5071320339457028066","potions_obtained":[{"floor":0.0,"key":"EntropicBrew"},{"floor":0.0,"key":"SteroidPotion"},{"floor":2.0,"key":"BloodPotion"},{"floor":10,"key":"SkillPotion"},{"floor":14,"key":"SkillPotion"},{"floor":18,"key":"Block Potion"},{"floor":19,"key":"Block Potion"}],"is_trial":false,"path_per_floor":["M","M","?","$","?","E","R","E","T","E","$","R","?","M","R","B",null,"M","M","?","M","?","R","E","R","T","E"],"character_chosen":"IRONCLAD","items_purchased":["Spot Weakness","Bludgeon","Uppercut"],"campfire_rested":2,"item_purchase_floors":[4,4,11],"current_hp_per_floor":[72,59,59,59,64,58,58,39,39,39,39,39,39,31,31,11,63,33,28,28,9,9,33,9,33,43,0],"gold":244,"neow_bonus":"THREE_SMALL_POTIONS","is_prod":false,"is_daily":false,"chose_seed":false,"campfire_upgraded":3,"win_rate":0,"timestamp":1566127106,"path_taken":["M","M","?","$","?","E","R","E","T","E","$","R","?","M","R","BOSS","M","M","?","M","?","R","E","R","T","E"],"build_version":"2019-07-17","purchased_purges":1,"victory":false,"max_hp_per_floor":[75,75,75,75,80,80,80,80,80,80,80,80,80,80,80,80,80,80,80,80,80,80,80,80,80,90,90],"card_choices":[{"not_picked":["Clash","Anger"],"picked":"Headbutt","floor":1.0},{"not_picked":["Armaments","Intimidate","Thunderclap"],"picked":"SKIP","floor":2.0},{"not_picked":["Entrench","Intimidate","Dual Wield"],"picked":"SKIP","floor":6},{"not_picked":["Armaments","Battle Trance"],"picked":"Disarm","floor":8},{"not_picked":["Dropkick","Warcry"],"picked":"Twin Strike","floor":10},{"not_picked":["Headbutt","Twin Strike","Rage"],"picked":"SKIP","floor":14},{"not_picked":["Dark Embrace","Demon Form"],"picked":"Double Tap","floor":16},{"not_picked":["Pommel Strike","Blood for Blood+1"],"picked":"Anger+1","floor":18},{"not_picked":["Iron Wave","Body Slam"],"picked":"Combust","floor":19},{"not_picked":["Sentinel","Anger"],"picked":"Disarm","floor":21},{"not_picked":["Pommel Strike","Flex"],"picked":"Limit Break","floor":24}],"player_experience":1507643,"relics_obtained":[{"floor":6,"key":"Shuriken"},{"floor":8,"key":"Gremlin Horn"},{"floor":10,"key":"Matryoshka"},{"floor":24,"key":"Art of War"},{"floor":26,"key":"Paper Frog"},{"floor":26,"key":"Pear"}],"event_choices":[{"damage_healed":0.0,"max_hp_gain":0.0,"max_hp_loss":0.0,"gold_gain":150.0,"event_name":"Liars Game","player_choice":"AGREE","floor":3.0,"gold_loss":0.0,"damage_taken":0.0,"cards_obtained":["Doubt"]},{"damage_healed":0.0,"max_hp_gain":5.0,"max_hp_loss":0.0,"gold_gain":0.0,"event_name":"Big Fish","player_choice":"Donut","floor":5.0,"gold_loss":0.0,"damage_taken":0.0},{"damage_healed":0,"gold_gain":67,"player_choice":"Gained Gold","damage_taken":0,"max_hp_gain":0,"max_hp_loss":0,"event_name":"Golden Wing","floor":13,"gold_loss":0},{"damage_healed":0,"gold_gain":0,"player_choice":"Ignored","damage_taken":0,"max_hp_gain":0,"max_hp_loss":0,"event_name":"Ghosts","floor":20,"gold_loss":0},{"damage_healed":0,"gold_gain":0,"player_choice":"Simplicity","damage_taken":0,"max_hp_gain":0,"max_hp_loss":0,"event_name":"Back to Basics","floor":22,"gold_loss":0,"cards_upgraded":["Strike_R","Strike_R","Strike_R","Defend_R","Defend_R","Defend_R"]}],"is_beta":false,"boss_relics":[{"not_picked":["White Beast Statue","Runic Dome"],"picked":"Astrolabe"}],"items_purged_floors":[4],"is_endless":false,"potions_floor_spawned":[2,10,14,18,19],"killed_by":"Slavers","ascension_level":20}