{"gold_per_floor":[216,228,244,169,181,181,216,231,231,231,259,259,46,80,80,154,154,170,180,29,0,0,26,37,56,56,69,69,12,39,57,57,57],"floor_reached":33,"playtime":1920,"items_purged":["Strike_R"],"score":614,"play_id":"01c4840d-60ab-4b37-ad65-41eccee828c1","local_time":"20190819011806","is_ascension_mode":true,"campfire_choices":[{"data":"Bash","floor":6,"key":"SMITH"},{"data":"Combust","floor":12,"key":"SMITH"},{"data":"Clothesline","floor":15,"key":"SMITH"},{"floor":28,"key":"REST"},{"floor":32,"key":"REST"}],"neow_cost":"NONE","seed_source_timestamp":1909935116834664,"circlet_count":0,"master_deck":["AscendersBane","Strike_R","Strike_R+1","Strike_R","Strike_R+1","Defend_R","Defend_R","Defend_R","Defend_R","Bash+1","Anger","Shrug It Off","Pommel Strike","True Grit","Clothesline+1","Inflame","Combust+1","Reaper","Rupture","Shockwave","Dark Shackles","Metallicize"],"relics":["Burning Blood","Whetstone","Torii","Du-Vu Doll","Medical Kit","Mercury Hourglass","Philosopher\u0027s Stone","Peace Pipe","Dodecahedron","Charon\u0027s Ashes"],"potions_floor_usage":[7,11,19,23,23,30,30,33],"damage_taken":[{"damage":7,"enemies":"Jaw Worm","floor":1,"turns":3},{"damage":7,"enemies":"2 Louse","floor":2,"turns":2},{"damage":0,"enemies":"Cultist","floor":3,"turns":3},{"damage":8,"enemies":"Blue Slaver","floor":5,"turns":3},{"damage":27,"enemies":"3 Sentries","floor":7,"turns":9},{"damage":6,"enemies":"Looter","floor":8,"turns":2},{"damage":15,"enemies":"Gremlin Nob","floor":11,"turns":4},{"damage":31,"enemies":"Lagavulin","floor":14,"turns":7},{"damage":30,"enemies":"The Guardian","floor":16,"turns":8},{"damage":12,"enemies":"Chosen","floor":18,"turns":3},{"damage":16,"enemies":"3 Byrds","floor":19,"turns":3},{"damage":32,"enemies":"Gremlin Leader","floor":23,"turns":5},{"damage":16,"enemies":"Snake Plant","floor":24,"turns":4},{"damage":25,"enemies":"Centurion and Healer","floor":25,"turns":7},{"damage":14,"enemies":"3 Cultists","floor":27,"turns":5},{"damage":37,"enemies":"Slavers","floor":30,"turns":5},{"damage":21,"enemies":"Chosen and Byrds","floor":31,"turns":4},{"damage":68,"enemies":"Champ","floor":33,"turns":6}],"seed_played":"-149900291341773285","potions_obtained":[{"floor":2,"key":"Regen Potion"},{"floor":7,"key":"BloodPotion"},{"floor":8,"key":"Block Potion"},{"floor":14,"key":"SpeedPotion"},{"floor":16,"key":"Block Potion"},{"floor":18,"key":"LiquidBronze"},{"floor":25,"key":"GamblersBrew"},{"floor":30,"key":"Strength Potion"},{"floor":31,"key":"FairyPotion"}],"is_trial":false,"path_per_floor":["M","M","M","$","M","R","E","M","T","$","E","R","$","E","R","B",null,"M","M","$","?","?","E","M","M","T","M","R","$","E","M","R","B"],"character_chosen":"IRONCLAD","items_purchased":["Medical Kit","Dark Shackles","AttackPotion","Strength Potion"],"campfire_rested":2,"item_purchase_floors":[13,20,20,29],"current_hp_per_floor":[67,66,72,72,70,70,64,64,64,64,73,73,73,48,48,24,62,63,62,62,62,62,36,36,27,27,19,41,41,30,15,37,0],"gold":57,"neow_bonus":"HUNDRED_GOLD","is_prod":false,"is_daily":false,"chose_seed":false,"campfire_upgraded":3,"win_rate":0,"timestamp":1566173886,"path_taken":["M","M","M","$","M","R","E","M","T","$","E","R","$","E","R","BOSS","M","M","$","?","?","E","M","M","T","?","R","$","E","M","R","BOSS"],"build_version":"2019-07-17","purchased_purges":1,"victory":false,"max_hp_per_floor":[75,75,75,75,75,75,75,75,75,75,75,75,75,75,75,75,75,75,75,75,75,75,75,75,75,75,75,75,75,75,75,75,75],"card_choices":[{"not_picked":["Iron Wave","Pommel Strike"],"picked":"Anger","floor":1},{"not_picked":["Twin Strike","Armaments"],"picked":"Shrug It Off","floor":2},{"not_picked":["Sentinel","Thunderclap"],"picked":"Pommel Strike","floor":3},{"not_picked":["Sword Boomerang","Heavy Blade"],"picked":"True Grit","floor":5},{"not_picked":["Exhume","Uppercut"],"picked":"Clothesline","floor":7},{"not_picked":["Heavy Blade","Rupture"],"picked":"Inflame","floor":8},{"not_picked":["Perfected Strike","Clothesline"],"picked":"Combust","floor":11},{"not_picked":["Sentinel","Entrench","Armaments"],"picked":"SKIP","floor":14},{"not_picked":["Feed","Offering"],"picked":"Reaper","floor":16},{"not_picked":["Body Slam","Shrug It Off+1"],"picked":"Rupture","floor":18},{"not_picked":["Sentinel","Thunderclap"],"picked":"Shockwave","floor":19},{"not_picked":["Flex","Dropkick","True Grit"],"picked":"SKIP","floor":23},{"not_picked":["Sword Boomerang","Ghostly Armor","Immolate"],"picked":"SKIP","floor":24},{"not_picked":["True Grit","Iron Wave+1"],"picked":"Metallicize","floor":25},{"not_picked":["Clothesline","Pommel Strike","Wild Strike"],"picked":"SKIP","floor":27},{"not_picked":["Barricade","Warcry","Pommel Strike"],"picked":"SKIP","floor":30},{"not_picked":["Heavy Blade","Shrug It Off","Armaments"],"picked":"SKIP","floor":31}],"player_experience":1519644,"relics_obtained":[{"floor":7,"key":"Whetstone"},{"floor":9,"key":"Torii"},{"floor":11,"key":"Du-Vu Doll"},{"floor":14,"key":"Mercury Hourglass"},{"floor":23,"key":"Peace Pipe"},{"floor":26,"key":"Dodecahedron"},{"floor":30,"key":"Charon\u0027s Ashes"}],"event_choices":[{"damage_healed":0,"gold_gain":0,"player_choice":"Paid Fearfully","damage_taken":0,"max_hp_gain":0,"max_hp_loss":0,"event_name":"Masked Bandits","floor":21,"gold_loss":29},{"damage_healed":0,"gold_gain":0,"player_choice":"0 cards matched","damage_taken":0,"max_hp_gain":0,"max_hp_loss":0,"event_name":"Match and Keep!","floor":22,"gold_loss":0,"cards_obtained":[]}],"is_beta":false,"boss_relics":[{"not_picked":["White Beast Statue","Orrery"],"picked":"Philosopher\u0027s Stone"}],"items_purged_floors":[4],"is_endless":false,"potions_floor_spawned":[2,7,8,14,16,18,25,30,31],"killed_by":"Champ","ascension_level":20}