{"gold_per_floor":[109,109,3,3,22,52,62,62,62,93,103,116,41,74,74,148,148,162,174,185,185,200,200,229,229,310,310],"floor_reached":27,"playtime":1677,"items_purged":["Strike_R"],"score":556,"play_id":"b554836a-ca63-4ed8-bc10-e7a2433c9708","local_time":"20190829002432","is_ascension_mode":true,"campfire_choices":[{"data":"Carnage","floor":8,"key":"SMITH"},{"data":"Armaments","floor":15,"key":"SMITH"},{"floor":23,"key":"REST"},{"floor":25,"key":"REST"}],"neow_cost":"NONE","seed_source_timestamp":846854940479600,"circlet_count":0,"master_deck":["AscendersBane","Strike_R+1","Strike_R","Strike_R","Defend_R","Defend_R","Defend_R","Defend_R+1","Bash","Pommel Strike","Carnage+1","Armaments+1","Clothesline","True Grit","Rampage","Berserk+1","Offering","Reaper","True Grit+1","Shrug It Off+1","Dark Embrace+1","Metallicize+1","Impervious"],"relics":["Burning Blood","Frozen Egg 2","Pear","Strawberry","Shuriken","Black Star","Nloth\u0027s Gift","Blood Vial","The Courier","Kunai"],"potions_floor_usage":[11,16,19,22,24,27],"damage_taken":[{"damage":0,"enemies":"Small Slimes","floor":1,"turns":1},{"damage":0,"enemies":"Jaw Worm","floor":5,"turns":1},{"damage":0,"enemies":"Lagavulin","floor":6,"turns":1},{"damage":1,"enemies":"Cultist","floor":7,"turns":3},{"damage":8,"enemies":"Gremlin Nob","floor":10,"turns":3},{"damage":11,"enemies":"Lots of Slimes","floor":11,"turns":6},{"damage":8,"enemies":"Blue Slaver","floor":12,"turns":2},{"damage":16,"enemies":"Lagavulin","floor":14,"turns":8},{"damage":34,"enemies":"The Guardian","floor":16,"turns":6},{"damage":6,"enemies":"Chosen","floor":18,"turns":3},{"damage":40,"enemies":"2 Thieves","floor":19,"turns":4},{"damage":39,"enemies":"Snake Plant","floor":20,"turns":7},{"damage":31,"enemies":"Centurion and Healer","floor":22,"turns":9},{"damage":74,"enemies":"Slavers","floor":24,"turns":8},{"damage":48,"enemies":"Chosen and Byrds","floor":27,"turns":5}],"seed_played":"855301910505464532","potions_obtained":[{"floor":1,"key":"Dexterity Potion"},{"floor":5,"key":"EssenceOfSteel"},{"floor":11,"key":"Strength Potion"},{"floor":16,"key":"SteroidPotion"},{"floor":22,"key":"BloodPotion"},{"floor":24,"key":"Weak Potion"}],"is_trial":false,"path_per_floor":["M","?","$","?","M","E","M","R","T","E","M","M","$","E","R","B",null,"M","M","M","?","M","R","E","R","T","M"],"character_chosen":"IRONCLAD","items_purchased":["Carnage","Armaments"],"campfire_rested":2,"item_purchase_floors":[3,3],"current_hp_per_floor":[74,67,67,44,50,56,61,61,71,76,71,69,69,59,59,31,77,77,63,36,36,21,48,9,36,36,0],"gold":310,"neow_bonus":"THREE_ENEMY_KILL","is_prod":false,"is_daily":false,"chose_seed":false,"campfire_upgraded":2,"win_rate":0,"timestamp":1567034672,"path_taken":["M","?","$","?","?","E","M","R","T","E","?","M","$","E","R","BOSS","M","M","?","?","M","R","E","R","T","?"],"build_version":"2019-07-17","purchased_purges":1,"victory":false,"max_hp_per_floor":[75,75,75,75,75,75,75,75,85,92,92,92,92,92,92,92,92,92,92,92,92,92,92,92,92,92,92],"card_choices":[{"not_picked":["Sever Soul","Clash"],"picked":"Pommel Strike","floor":1},{"not_picked":["Cleave","Fire Breathing","Burning Pact"],"picked":"SKIP","floor":5},{"not_picked":["Whirlwind","Shrug It Off"],"picked":"Clothesline","floor":6},{"not_picked":["Thunderclap","Twin Strike"],"picked":"True Grit","floor":7},{"not_picked":["True Grit","Sentinel","Bloodletting"],"picked":"SKIP","floor":10},{"not_picked":["Wild Strike","Warcry"],"picked":"Rampage","floor":11},{"not_picked":["Clothesline","Combust+1"],"picked":"Berserk+1","floor":12},{"not_picked":["Headbutt","Cleave"],"picked":"Offering","floor":14},{"not_picked":["Juggernaut+1","Demon Form+1"],"picked":"Reaper","floor":16},{"not_picked":["Sword Boomerang","Rupture+1"],"picked":"True Grit+1","floor":18},{"not_picked":["Twin Strike","Havoc"],"picked":"Shrug It Off+1","floor":19},{"not_picked":["Heavy Blade","Clash"],"picked":"Dark Embrace+1","floor":20},{"not_picked":["Rampage","Body Slam"],"picked":"Metallicize+1","floor":22},{"not_picked":["Whirlwind","Rupture+1"],"picked":"Impervious","floor":24}],"player_experience":1558573,"relics_obtained":[{"floor":6,"key":"Frozen Egg 2"},{"floor":9,"key":"Pear"},{"floor":10,"key":"Strawberry"},{"floor":14,"key":"Shuriken"},{"floor":24,"key":"Blood Vial"},{"floor":24,"key":"The Courier"},{"floor":26,"key":"Kunai"}],"event_choices":[{"cards_removed":["Strike_R"],"damage_healed":0,"gold_gain":0,"player_choice":"Card Removal","damage_taken":7,"max_hp_gain":0,"max_hp_loss":0,"event_name":"Golden Wing","floor":2,"gold_loss":0},{"damage_healed":0,"gold_gain":0,"player_choice":"Entered Light","damage_taken":23,"max_hp_gain":0,"max_hp_loss":0,"event_name":"Shining Light","floor":4,"gold_loss":0,"cards_upgraded":["Defend_R","Strike_R"]},{"damage_healed":0,"gold_gain":0,"player_choice":"Traded Relic","damage_taken":0,"relics_obtained":["Nloth\u0027s Gift"],"max_hp_gain":0,"max_hp_loss":0,"event_name":"N\u0027loth","floor":21,"relics_lost":["NeowsBlessing"],"gold_loss":0}],"is_beta":false,"boss_relics":[{"not_picked":["Cursed Key","Calling Bell"],"picked":"Black Star"}],"items_purged_floors":[13],"is_endless":false,"potions_floor_spawned":[1,5,11,14,16,22,24],"killed_by":"Chosen and Byrds","ascension_level":20}