{"gold_per_floor":[119,119,129,129,129,129,160,172,172,203,203,203,222,238,238,312,312,326,337,356,368,74,84,84,113,137,137,172,97,109,159,159,238,238,252,298,318,40,40,68,68,68,93,108,108,122,122,142,142,142,142,142,142,17,17],"floor_reached":55,"playtime":3863,"items_purged":["Strike_R","Strike_R","Strike_R"],"score":1844,"play_id":"fb301f1b-92e5-43bf-89b0-0c4ebfbffda8","local_time":"20190908102852","is_ascension_mode":true,"campfire_choices":[{"data":"Clothesline","floor":6,"key":"SMITH"},{"data":"Metallicize","floor":11,"key":"SMITH"},{"data":"Demon Form","floor":15,"key":"SMITH"},{"data":"Immolate","floor":24,"key":"SMITH"},{"floor":27,"key":"REST"},{"data":"Flame Barrier","floor":32,"key":"SMITH"},{"floor":41,"key":"REST"},{"floor":45,"key":"RECALL"},{"data":"Juggernaut","floor":47,"key":"SMITH"},{"floor":49,"key":"REST"},{"data":"Shrug It Off","floor":53,"key":"SMITH"}],"neow_cost":"NONE","seed_source_timestamp":1744931386959000,"circlet_count":0,"master_deck":["AscendersBane","Defend_R","Defend_R","Defend_R","Defend_R","Bash+1","Clothesline+1","Shrug It Off","Evolve","Metallicize+1","Battle Trance","Demon Form+1","Immolate+1","Flame Barrier+1","Shrug It Off+1","Whirlwind+1","Juggernaut+1","Warcry+1","Power Through","Juggernaut","Flash of Steel","Shrug It Off+1","Metallicize+1","True Grit+1"],"relics":["Burning Blood","NeowsBlessing","GremlinMask","Mummified Hand","Anchor","Mercury Hourglass","Mark of Pain","PreservedInsect","Centennial Puzzle","Regal Pillow","Runic Dome","Thread and Needle","Toxic Egg 2","Art of War"],"potions_floor_usage":[10,25,36],"damage_taken":[{"damage":0,"enemies":"Small Slimes","floor":1,"turns":1},{"damage":0,"enemies":"2 Louse","floor":3,"turns":1},{"damage":0,"enemies":"Lagavulin","floor":7,"turns":1},{"damage":1,"enemies":"Cultist","floor":8,"turns":3},{"damage":29,"enemies":"3 Sentries","floor":10,"turns":12},{"damage":0,"enemies":"Looter","floor":13,"turns":3},{"damage":6,"enemies":"Large Slime","floor":14,"turns":6},{"damage":25,"enemies":"The Guardian","floor":16,"turns":9},{"damage":7,"enemies":"2 Thieves","floor":18,"turns":4},{"damage":7,"enemies":"Shell Parasite","floor":19,"turns":8},{"damage":16,"enemies":"3 Cultists","floor":20,"turns":4},{"damage":14,"enemies":"Snake Plant","floor":21,"turns":4},{"damage":14,"enemies":"Centurion and Healer","floor":23,"turns":8},{"damage":30,"enemies":"Slavers","floor":25,"turns":5},{"damage":17,"enemies":"Book of Stabbing","floor":28,"turns":5},{"damage":0,"enemies":"Snecko","floor":30,"turns":4},{"damage":28,"enemies":"Collector","floor":33,"turns":8},{"damage":0,"enemies":"3 Shapes","floor":35,"turns":4},{"damage":40,"enemies":"2 Orb Walkers","floor":36,"turns":4},{"damage":4,"enemies":"3 Darklings","floor":37,"turns":4},{"damage":17,"enemies":"Nemesis","floor":40,"turns":5},{"damage":22,"enemies":"Spire Growth","floor":44,"turns":4},{"damage":9,"enemies":"Maw","floor":46,"turns":6},{"damage":0,"enemies":"Sphere and 2 Shapes","floor":48,"turns":3},{"damage":34,"enemies":"Time Eater","floor":50,"turns":9},{"damage":16,"enemies":"Donu and Deca","floor":51,"turns":8},{"damage":83,"enemies":"Shield and Spear","floor":55,"turns":3}],"seed_played":"-9211202168583084315","potions_obtained":[{"floor":1,"key":"Regen Potion"},{"floor":7,"key":"Poison Potion"},{"floor":14,"key":"Weak Potion"},{"floor":23,"key":"BloodPotion"},{"floor":28,"key":"LiquidBronze"},{"floor":40,"key":"Strength Potion"}],"is_trial":false,"path_per_floor":["M","?","M","?","?","R","E","M","T","E","R","?","M","M","R","B",null,"M","M","M","M","$","M","R","E","T","R","E","?","M","?","R","B",null,"M","?","M","$","?","E","R","?","T","M","R","M","R","M","R","B","B",null,"R","$","E"],"character_chosen":"IRONCLAD","items_purchased":["PreservedInsect","Shrug It Off","Juggernaut"],"campfire_rested":3,"item_purchase_floors":[22,22,38],"current_hp_per_floor":[74,74,75,80,80,80,80,80,80,72,72,65,71,71,71,52,73,72,71,61,53,53,45,45,41,41,65,54,54,60,60,60,38,70,76,42,44,44,39,28,67,67,67,51,51,48,48,54,80,52,42,71,71,71,0],"gold":17,"neow_bonus":"THREE_ENEMY_KILL","is_prod":false,"is_daily":false,"chose_seed":false,"campfire_upgraded":7,"win_rate":0,"timestamp":1567934932,"path_taken":["M","?","M","?","?","R","E","?","T","E","R","?","M","M","R","BOSS","M","M","M","M","$","M","R","E","T","R","E","?","M","?","R","BOSS","M","?","M","$","?","E","R","?","T","M","R","M","R","?","R","BOSS","BOSS","R","$","E"],"build_version":"2019-07-17","purchased_purges":3,"victory":false,"max_hp_per_floor":[75,75,75,80,80,80,80,80,80,80,80,80,80,80,80,80,80,80,80,80,80,80,80,80,80,80,80,80,80,80,80,80,80,80,80,80,80,80,80,80,80,80,80,80,80,80,80,80,80,80,80,80,80,80,80],"card_choices":[{"not_picked":["Blood for Blood","Spot Weakness"],"picked":"Clothesline","floor":1},{"not_picked":["Evolve","Thunderclap"],"picked":"Shrug It Off","floor":3},{"not_picked":["Clash","Perfected Strike"],"picked":"Evolve","floor":7},{"not_picked":["Twin Strike","Havoc","Clash"],"picked":"SKIP","floor":8},{"not_picked":["Armaments","Burning Pact"],"picked":"Metallicize","floor":10},{"not_picked":["Wild Strike","Thunderclap"],"picked":"Battle Trance","floor":13},{"not_picked":["Pommel Strike","Anger"],"picked":"Demon Form","floor":14},{"not_picked":["Exhume","Barricade"],"picked":"Immolate","floor":16},{"not_picked":["Sword Boomerang","Iron Wave","Twin Strike"],"picked":"SKIP","floor":18},{"not_picked":["Second Wind","Iron Wave","Whirlwind"],"picked":"SKIP","floor":19},{"not_picked":["Twin Strike+1","Clothesline+1"],"picked":"Flame Barrier","floor":20},{"not_picked":["Carnage","Entrench","Intimidate"],"picked":"SKIP","floor":21},{"not_picked":["Exhume","Clothesline"],"picked":"Whirlwind+1","floor":23},{"not_picked":["Headbutt","Pommel Strike","Iron Wave"],"picked":"SKIP","floor":25},{"not_picked":["Thunderclap","Wild Strike","Dual Wield"],"picked":"SKIP","floor":28},{"not_picked":["Carnage","True Grit","Sword Boomerang"],"picked":"SKIP","floor":30},{"not_picked":["Brutality","Double Tap"],"picked":"Juggernaut","floor":33},{"not_picked":["Havoc+1","Anger+1"],"picked":"Warcry+1","floor":35},{"not_picked":["Flex","Sentinel"],"picked":"Power Through","floor":37},{"not_picked":["Dramatic Entrance","Purity"],"picked":"Flash of Steel","floor":39},{"not_picked":["Reckless Charge","Pommel Strike"],"picked":"Shrug It Off","floor":40},{"not_picked":["Perfected Strike","Clothesline","Sever Soul"],"picked":"SKIP","floor":44},{"not_picked":["Rupture","Iron Wave","Headbutt"],"picked":"SKIP","floor":46},{"not_picked":["Warcry+1","Body Slam"],"picked":"True Grit+1","floor":48}],"player_experience":1655811,"relics_obtained":[{"floor":7,"key":"Mummified Hand"},{"floor":9,"key":"Anchor"},{"floor":10,"key":"Mercury Hourglass"},{"floor":25,"key":"Centennial Puzzle"},{"floor":28,"key":"Regal Pillow"},{"floor":36,"key":"Thread and Needle"},{"floor":40,"key":"Toxic Egg 2"},{"floor":43,"key":"Art of War"}],"event_choices":[{"damage_healed":0,"gold_gain":0,"player_choice":"Grow","damage_taken":0,"max_hp_gain":0,"max_hp_loss":0,"event_name":"Living Wall","floor":2,"gold_loss":0,"cards_upgraded":["Bash"]},{"damage_healed":0,"gold_gain":0,"player_choice":"Donut","damage_taken":0,"max_hp_gain":5,"max_hp_loss":0,"event_name":"Big Fish","floor":4,"gold_loss":0},{"damage_healed":0,"gold_gain":0,"player_choice":"Trade","damage_taken":0,"relics_obtained":["GremlinMask"],"max_hp_gain":0,"max_hp_loss":0,"event_name":"FaceTrader","floor":5,"gold_loss":0},{"cards_removed":["Strike_R"],"damage_healed":0,"gold_gain":0,"player_choice":"Card Removal","damage_taken":7,"max_hp_gain":0,"max_hp_loss":0,"event_name":"Golden Wing","floor":12,"gold_loss":0},{"cards_removed":["Strike_R"],"damage_healed":0,"gold_gain":0,"player_choice":"Gave Gold","damage_taken":0,"max_hp_gain":0,"max_hp_loss":0,"event_name":"Beggar","floor":29,"gold_loss":75},{"damage_healed":0,"gold_gain":50,"player_choice":"Stole From Cult","damage_taken":0,"max_hp_gain":0,"max_hp_loss":0,"event_name":"Nest","floor":31,"gold_loss":0},{"damage_healed":0,"gold_gain":0,"player_choice":"Fight","damage_taken":0,"max_hp_gain":0,"max_hp_loss":0,"event_name":"Mysterious Sphere","floor":36,"gold_loss":0},{"damage_healed":0,"gold_gain":0,"player_choice":"Memory 2","damage_taken":5,"max_hp_gain":0,"max_hp_loss":0,"event_name":"SensoryStone","floor":39,"gold_loss":0},{"damage_healed":0,"gold_gain":0,"player_choice":"Copied","damage_taken":0,"max_hp_gain":0,"max_hp_loss":0,"event_name":"Duplicator","floor":42,"gold_loss":0,"cards_obtained":["Metallicize"]}],"is_beta":false,"boss_relics":[{"not_picked":["Pandora\u0027s Box","Empty Cage"],"picked":"Mark of Pain"},{"not_picked":["Coffee Dripper","Lizard Tail"],"picked":"Runic Dome"}],"items_purged_floors":[22,38,54],"is_endless":false,"potions_floor_spawned":[1,7,8,14,21,23,28,30,35,40,48],"killed_by":"Shield and Spear","ascension_level":20}