{"gold_per_floor":[363,380,380,46,63,91,119,138,209,234,294,294,327,327,327,404,454,466,516,530,13,28,28,55,55,78,105,105,125,150,150,150,227,227,239,8,8,19,19,47,60,95,175,206,217,235,235,285,285,285,285],"floor_reached":52,"playtime":3816,"items_purged":["Pain","Strike_R"],"score":2207,"play_id":"39fc5a51-42eb-4058-a1b1-fdc17f152566","local_time":"20190828224652","is_ascension_mode":true,"campfire_choices":[{"data":"Apotheosis","floor":12,"key":"SMITH"},{"data":"Disarm","floor":15,"key":"SMITH"},{"data":"Corruption","floor":23,"key":"SMITH"},{"floor":25,"key":"REST"},{"data":"Dark Embrace","floor":28,"key":"SMITH"},{"floor":32,"key":"REST"},{"floor":47,"key":"REST"},{"floor":49,"key":"REST"}],"neow_cost":"CURSE","seed_source_timestamp":838843130969600,"circlet_count":0,"master_deck":["AscendersBane","Strike_R","Strike_R","Defend_R","Defend_R","Defend_R","Bash","Disarm+1","Apotheosis+1","Pommel Strike","Offering+1","Anger","Cleave","Fiend Fire","True Grit","Dark Embrace+1","Combust","Sentinel","Seeing Red","Spot Weakness","Corruption+1","Rampage","Offering","Warcry","Juggernaut+1","Decay","Impervious","Second Wind+1","Warcry+1","Ghostly Armor+1","Metallicize+1","Disarm","Feed","Shockwave","Brutality+1","Warcry+1","Rupture+1"],"relics":["Burning Blood","Unceasing Top","Odd Mushroom","Gremlin Horn","Vajra","Strawberry","Darkstone Periapt","Tiny House","Lantern","Orichalcum","Ancient Tea Set","Frozen Egg 2","Sundial","Astrolabe","Centennial Puzzle","Bag of Preparation","Molten Egg 2","Bag of Marbles","Pocketwatch"],"potions_floor_usage":[6,6,13,20,27,30,38,40,51],"damage_taken":[{"damage":17,"enemies":"Jaw Worm","floor":1,"turns":3},{"damage":17,"enemies":"Small Slimes","floor":2,"turns":4},{"damage":0,"enemies":"2 Louse","floor":5,"turns":4},{"damage":39,"enemies":"3 Sentries","floor":6,"turns":7},{"damage":7,"enemies":"The Mushroom Lair","floor":7,"turns":4},{"damage":5,"enemies":"2 Fungi Beasts","floor":8,"turns":3},{"damage":7,"enemies":"Lagavulin","floor":10,"turns":4},{"damage":6,"enemies":"Gremlin Nob","floor":11,"turns":2},{"damage":8,"enemies":"Gremlin Nob","floor":13,"turns":3},{"damage":30,"enemies":"Hexaghost","floor":16,"turns":6},{"damage":25,"enemies":"Spheric Guardian","floor":18,"turns":4},{"damage":12,"enemies":"Chosen","floor":20,"turns":4},{"damage":17,"enemies":"Snake Plant","floor":22,"turns":3},{"damage":36,"enemies":"Book of Stabbing","floor":24,"turns":3},{"damage":13,"enemies":"Gremlin Leader","floor":27,"turns":3},{"damage":24,"enemies":"Cultist and Chosen","floor":29,"turns":3},{"damage":12,"enemies":"Book of Stabbing","floor":30,"turns":1},{"damage":43,"enemies":"Champ","floor":33,"turns":13},{"damage":21,"enemies":"Orb Walker","floor":35,"turns":3},{"damage":18,"enemies":"3 Darklings","floor":38,"turns":5},{"damage":13,"enemies":"Reptomancer","floor":40,"turns":2},{"damage":14,"enemies":"Writhing Mass","floor":41,"turns":4},{"damage":14,"enemies":"Nemesis","floor":42,"turns":3},{"damage":7,"enemies":"Reptomancer","floor":44,"turns":2},{"damage":18,"enemies":"Sphere and 2 Shapes","floor":45,"turns":4},{"damage":11,"enemies":"Transient","floor":46,"turns":6},{"damage":15,"enemies":"2 Orb Walkers","floor":48,"turns":3},{"damage":45,"enemies":"Time Eater","floor":50,"turns":8},{"damage":27,"enemies":"Donu and Deca","floor":51,"turns":4}],"seed_played":"401028722642912702","potions_obtained":[{"floor":2,"key":"Swift Potion"},{"floor":5,"key":"Fire Potion"},{"floor":6,"key":"SneckoOil"},{"floor":7,"key":"Ancient Potion"},{"floor":10,"key":"EssenceOfSteel"},{"floor":13,"key":"EssenceOfSteel"},{"floor":17,"key":"BloodPotion"},{"floor":20,"key":"AttackPotion"},{"floor":22,"key":"SteroidPotion"},{"floor":30,"key":"Poison Potion"},{"floor":35,"key":"BloodPotion"},{"floor":42,"key":"SteroidPotion"},{"floor":44,"key":"LiquidBronze"}],"is_trial":false,"path_per_floor":["M","M","?","$","M","E","?","M","T","E","?","R","E","?","R","B",null,"M","?","M","$","M","R","E","R","T","E","R","M","E","?","R","B",null,"M","$","?","M","$","E","M","E","T","E","M","M","R","?","R","B","B",null],"character_chosen":"IRONCLAD","items_purchased":["Apotheosis","Pommel Strike","Spot Weakness","Corruption","Lantern","Rampage","Disarm","Feed"],"campfire_rested":4,"item_purchase_floors":[4,4,21,21,21,21,36,36],"current_hp_per_floor":[57,46,71,71,75,42,41,42,42,41,48,48,46,46,46,22,72,53,53,68,68,57,57,27,53,53,46,46,28,22,28,55,18,74,59,59,59,70,70,67,59,51,51,50,42,37,67,62,93,54,33],"gold":285,"neow_bonus":"TWO_FIFTY_GOLD","is_prod":false,"is_daily":false,"chose_seed":false,"campfire_upgraded":4,"win_rate":0,"timestamp":1567028812,"path_taken":["M","M","?","$","M","E","?","M","T","E","?","R","E","?","R","BOSS","M","?","M","$","M","R","E","R","T","E","R","M","E","?","R","BOSS","M","$","?","M","?","E","M","E","T","E","M","?","R","?","R","BOSS","BOSS"],"build_version":"2019-07-17","purchased_purges":2,"victory":true,"max_hp_per_floor":[75,75,75,75,75,75,75,75,75,75,82,82,82,82,82,82,87,87,87,87,87,87,87,87,87,87,87,87,87,87,93,93,93,93,93,93,93,93,93,97,97,97,97,97,101,101,101,105,105,105,105],"card_choices":[{"not_picked":["True Grit","Iron Wave"],"picked":"Disarm","floor":1},{"not_picked":["Iron Wave","Whirlwind","Dual Wield"],"picked":"SKIP","floor":2},{"not_picked":["Armaments","Infernal Blade"],"picked":"Perfected Strike","floor":5},{"not_picked":["Clash","Dropkick"],"picked":"Offering","floor":6},{"not_picked":["True Grit","Armaments"],"picked":"Anger","floor":7},{"not_picked":["Heavy Blade","Hemokinesis"],"picked":"Cleave","floor":8},{"not_picked":["Reaper","Entrench"],"picked":"Fiend Fire","floor":10},{"not_picked":["Iron Wave","Fire Breathing"],"picked":"True Grit","floor":13},{"not_picked":["Barricade","Exhume"],"picked":"Dark Embrace","floor":16},{"not_picked":["Anger","Iron Wave"],"picked":"Combust","floor":17},{"not_picked":["Blood for Blood","Sword Boomerang"],"picked":"Sentinel","floor":18},{"not_picked":["Body Slam","Perfected Strike"],"picked":"Seeing Red","floor":20},{"not_picked":["Combust","Pommel Strike","Body Slam"],"picked":"SKIP","floor":22},{"not_picked":["Headbutt","Thunderclap"],"picked":"Offering","floor":24},{"not_picked":["Cleave","True Grit"],"picked":"Warcry","floor":27},{"not_picked":["Sword Boomerang+1","Ghostly Armor"],"picked":"Juggernaut+1","floor":29},{"not_picked":["Havoc","Infernal Blade","Twin Strike+1"],"picked":"SKIP","floor":30},{"not_picked":["Juggernaut+1","Demon Form+1"],"picked":"Impervious","floor":33},{"not_picked":["Headbutt","Sword Boomerang"],"picked":"Metallicize+1","floor":35},{"not_picked":["True Grit","Armaments+1","Dual Wield"],"picked":"SKIP","floor":38},{"not_picked":["Cleave+1","Wild Strike","Perfected Strike+1"],"picked":"SKIP","floor":40},{"not_picked":["Rupture+1","Perfected Strike"],"picked":"Shockwave","floor":41},{"not_picked":["Twin Strike","Flame Barrier"],"picked":"Brutality+1","floor":42},{"not_picked":["Corruption+1","Reckless Charge+1","Rampage+1"],"picked":"SKIP","floor":44},{"not_picked":["Pommel Strike+1","Havoc","Cleave+1"],"picked":"SKIP","floor":45},{"not_picked":["Evolve+1","Thunderclap+1"],"picked":"Warcry+1","floor":46},{"not_picked":["Iron Wave+1","Clothesline+1"],"picked":"Rupture+1","floor":48}],"player_experience":1553729,"relics_obtained":[{"floor":6,"key":"Unceasing Top"},{"floor":7,"key":"Odd Mushroom"},{"floor":9,"key":"Gremlin Horn"},{"floor":10,"key":"Vajra"},{"floor":11,"key":"Strawberry"},{"floor":13,"key":"Darkstone Periapt"},{"floor":24,"key":"Orichalcum"},{"floor":26,"key":"Ancient Tea Set"},{"floor":27,"key":"Frozen Egg 2"},{"floor":30,"key":"Sundial"},{"floor":40,"key":"Centennial Puzzle"},{"floor":42,"key":"Bag of Preparation"},{"floor":43,"key":"Molten Egg 2"},{"floor":44,"key":"Bag of Marbles"},{"floor":48,"key":"Pocketwatch"}],"event_choices":[{"damage_healed":25,"gold_gain":0,"player_choice":"Banana","damage_taken":0,"max_hp_gain":0,"max_hp_loss":0,"event_name":"Big Fish","floor":3,"gold_loss":0},{"damage_healed":0,"gold_gain":0,"player_choice":"Fought Mushrooms","damage_taken":0,"max_hp_gain":0,"max_hp_loss":0,"event_name":"Mushrooms","floor":7,"gold_loss":0},{"damage_healed":0,"gold_gain":0,"player_choice":"Searched \u00271\u0027 times","damage_taken":0,"max_hp_gain":0,"max_hp_loss":0,"event_name":"Dead Adventurer","floor":11,"gold_loss":0},{"cards_removed":["Defend_R"],"damage_healed":0,"gold_gain":0,"player_choice":"Forget","damage_taken":0,"max_hp_gain":0,"max_hp_loss":0,"event_name":"Living Wall","floor":14,"gold_loss":0},{"damage_healed":0,"gold_gain":50,"player_choice":"Stole From Cult","damage_taken":0,"max_hp_gain":0,"max_hp_loss":0,"event_name":"Nest","floor":19,"gold_loss":0},{"damage_healed":0,"gold_gain":0,"player_choice":"Smashed Altar","damage_taken":0,"max_hp_gain":0,"max_hp_loss":0,"event_name":"Forgotten Altar","floor":31,"gold_loss":0,"cards_obtained":["Decay"]},{"damage_healed":0,"gold_gain":0,"player_choice":"Ignored","damage_taken":0,"max_hp_gain":0,"max_hp_loss":0,"event_name":"SecretPortal","floor":37,"gold_loss":0},{"damage_healed":0,"gold_gain":0,"player_choice":"Fight","damage_taken":0,"max_hp_gain":0,"max_hp_loss":0,"event_name":"Mysterious Sphere","floor":48,"gold_loss":0}],"is_beta":false,"boss_relics":[{"not_picked":["Runic Dome","Busted Crown"],"picked":"Tiny House"},{"not_picked":["Runic Pyramid","Black Star"],"picked":"Astrolabe"}],"items_purged_floors":[4,21],"is_endless":false,"potions_floor_spawned":[2,5,6,7,10,13,20,22,30,35,42,44,45],"ascension_level":20}