{"gold_per_floor":[118,136,153,164,164,191,220,249,249,282,296,296],"floor_reached":12,"playtime":685,"items_purged":[],"score":200,"play_id":"baeb8b30-ea2a-48a5-b624-f4b001be4728","local_time":"20200124232451","is_ascension_mode":true,"campfire_choices":[],"neow_cost":"TEN_PERCENT_HP_LOSS","seed_source_timestamp":850731379621500,"circlet_count":0,"master_deck":["AscendersBane","Strike_R","Strike_R","Strike_R","Strike_R+1","Strike_R","Defend_R","Defend_R","Defend_R+1","Defend_R","Bash","Twin Strike","Fire Breathing","Uppercut","Metallicize","Shrug It Off","Fire Breathing"],"relics":["Burning Blood","Pocketwatch","Pen Nib","Odd Mushroom","Lantern","HornCleat"],"potions_floor_usage":[6,7,10,12],"damage_taken":[{"damage":1,"enemies":"Cultist","floor":1,"turns":3},{"damage":4,"enemies":"2 Louse","floor":2,"turns":4},{"damage":4,"enemies":"Small Slimes","floor":3,"turns":3},{"damage":7,"enemies":"3 Louse","floor":4,"turns":3},{"damage":9,"enemies":"3 Sentries","floor":6,"turns":4},{"damage":14,"enemies":"The Mushroom Lair","floor":7,"turns":5},{"damage":28,"enemies":"Gremlin Nob","floor":8,"turns":4},{"damage":6,"enemies":"3 Sentries","floor":10,"turns":4},{"damage":6,"enemies":"Exordium Thugs","floor":11,"turns":5},{"damage":27,"enemies":"Gremlin Nob","floor":12,"turns":4}],"seed_played":"683976321453263397","potions_obtained":[{"floor":2,"key":"ColorlessPotion"},{"floor":3,"key":"Regen Potion"},{"floor":6,"key":"Dexterity Potion"},{"floor":8,"key":"ColorlessPotion"}],"is_trial":false,"path_per_floor":["M","M","M","M","?","E","?","E","T","E","M","E"],"character_chosen":"IRONCLAD","items_purchased":[],"campfire_rested":0,"item_purchase_floors":[],"current_hp_per_floor":[68,68,68,67,47,56,48,26,26,26,26,0],"gold":296,"neow_bonus":"ONE_RARE_RELIC","is_prod":false,"is_daily":false,"chose_seed":false,"campfire_upgraded":0,"win_rate":0,"timestamp":1579908291,"path_taken":["M","?","M","M","?","E","?","E","T","E","M","E"],"build_version":"2020-01-21","purchased_purges":0,"victory":false,"max_hp_per_floor":[68,68,68,68,68,68,68,68,68,68,68,68],"card_choices":[{"not_picked":["Sword Boomerang","Blood for Blood"],"picked":"Twin Strike","floor":1},{"not_picked":["Armaments","Havoc"],"picked":"Fire Breathing","floor":2},{"not_picked":["Iron Wave","Havoc"],"picked":"Uppercut","floor":3},{"not_picked":["Iron Wave","Body Slam","Cleave"],"picked":"SKIP","floor":4},{"not_picked":["Ghostly Armor","Sword Boomerang"],"picked":"Metallicize","floor":6},{"not_picked":["Second Wind","Headbutt"],"picked":"Shrug It Off","floor":7},{"not_picked":["Inflame","Ghostly Armor"],"picked":"Fire Breathing","floor":8},{"not_picked":["Flex","Fiend Fire","Fire Breathing"],"picked":"SKIP","floor":10},{"not_picked":["Entrench","Combust","Thunderclap"],"picked":"SKIP","floor":11}],"player_experience":2038165,"relics_obtained":[{"floor":6,"key":"Pen Nib"},{"floor":7,"key":"Odd Mushroom"},{"floor":8,"key":"Lantern"},{"floor":10,"key":"HornCleat"}],"event_choices":[{"damage_healed":0,"gold_gain":0,"player_choice":"Entered Light","damage_taken":20,"max_hp_gain":0,"max_hp_loss":0,"event_name":"Shining Light","floor":5,"gold_loss":0,"cards_upgraded":["Strike_R","Defend_R"]},{"damage_healed":0,"gold_gain":0,"player_choice":"Fought Mushrooms","damage_taken":0,"max_hp_gain":0,"max_hp_loss":0,"event_name":"Mushrooms","floor":7,"gold_loss":0}],"is_beta":true,"boss_relics":[],"items_purged_floors":[],"is_endless":false,"potions_floor_spawned":[2,3,6,8],"killed_by":"Gremlin Nob","ascension_level":20}