{"gold_per_floor":[111,123,123,142,158,158,171,171,194,29,56,56,70,70,70,163,163,184,3,3,3,3,3,3],"floor_reached":24,"playtime":1123,"items_purged":["Strike_R","Whirlwind"],"score":392,"play_id":"db711cca-8028-43d0-8712-48d44a3d70bc","local_time":"20200123201958","is_ascension_mode":true,"campfire_choices":[{"data":"Searing Blow","floor":6,"key":"SMITH"},{"data":"Searing Blow+1","floor":8,"key":"SMITH"},{"data":"Searing Blow+2","floor":12,"key":"SMITH"},{"data":"Searing Blow+3","floor":15,"key":"SMITH"},{"data":"Searing Blow+4","floor":23,"key":"SMITH"}],"neow_cost":"NONE","seed_source_timestamp":752797359269200,"circlet_count":0,"master_deck":["AscendersBane","Bash+1","Clothesline","Sword Boomerang","Searing Blow+5","Shrug It Off","Metallicize","Cleave","Battle Trance","Feed","Body Slam","Impervious","Burning Pact","Rage","Metallicize","Infernal Blade","Battle Trance","Armaments"],"relics":["Burning Blood","Akabeko","Art of War","Golden Idol","Pandora\u0027s Box"],"potions_floor_usage":[11,16,22],"damage_taken":[{"damage":5,"enemies":"2 Louse","floor":1,"turns":3},{"damage":1,"enemies":"Cultist","floor":2,"turns":3},{"damage":8,"enemies":"Small Slimes","floor":4,"turns":4},{"damage":14,"enemies":"Red Slaver","floor":5,"turns":5},{"damage":15,"enemies":"2 Fungi Beasts","floor":7,"turns":4},{"damage":28,"enemies":"3 Sentries","floor":11,"turns":11},{"damage":5,"enemies":"Blue Slaver","floor":13,"turns":2},{"damage":21,"enemies":"Slime Boss","floor":16,"turns":7},{"damage":19,"enemies":"2 Thieves","floor":18,"turns":3},{"damage":0,"enemies":"Shell Parasite","floor":22,"turns":1},{"damage":56,"enemies":"Book of Stabbing","floor":24,"turns":5}],"seed_played":"-8801547839525160574","potions_obtained":[{"floor":1,"key":"Fire Potion"},{"floor":4,"key":"SmokeBomb"},{"floor":13,"key":"FearPotion"}],"is_trial":false,"path_per_floor":["M","M","?","M","M","R","M","R","T","$","E","R","M","?","R","B",null,"M","$","?","?","M","R","E"],"character_chosen":"IRONCLAD","items_purchased":["Metallicize","Battle Trance"],"campfire_rested":0,"item_purchase_floors":[10,19],"current_hp_per_floor":[69,74,74,72,64,64,55,55,55,55,33,33,34,34,34,19,56,46,46,46,46,52,52,0],"gold":3,"neow_bonus":"UPGRADE_CARD","is_prod":false,"is_daily":false,"chose_seed":false,"campfire_upgraded":5,"win_rate":0,"timestamp":1579810798,"path_taken":["M","M","?","M","?","R","M","R","T","$","E","R","M","?","R","BOSS","M","$","?","?","M","R","E"],"build_version":"2020-01-21","purchased_purges":2,"victory":false,"max_hp_per_floor":[75,75,75,75,75,75,75,75,75,75,75,75,75,68,68,68,68,71,71,71,71,71,71,71],"card_choices":[{"not_picked":["Evolve","Intimidate"],"picked":"Clothesline","floor":1},{"not_picked":["Shockwave","Clash"],"picked":"Sword Boomerang","floor":2},{"not_picked":["Whirlwind","Reckless Charge","Rampage"],"picked":"SKIP","floor":4},{"not_picked":["Clash","Perfected Strike"],"picked":"Shrug It Off","floor":5},{"not_picked":["Flex","Burning Pact","Berserk"],"picked":"SKIP","floor":7},{"not_picked":["Rage","Wild Strike"],"picked":"Cleave","floor":11},{"not_picked":["Shockwave","Shrug It Off"],"picked":"Battle Trance","floor":13},{"not_picked":["Bludgeon","Brutality"],"picked":"Feed","floor":16},{"not_picked":["Cleave","Thunderclap","Power Through"],"picked":"SKIP","floor":18}],"player_experience":2032523,"relics_obtained":[{"floor":9,"key":"Akabeko"},{"floor":11,"key":"Art of War"}],"event_choices":[{"damage_healed":0,"gold_gain":0,"cards_transformed":["Strike_R"],"player_choice":"Transformed","damage_taken":0,"max_hp_gain":0,"max_hp_loss":0,"event_name":"Transmorgrifier","floor":3,"gold_loss":0,"cards_obtained":["Searing Blow"]},{"damage_healed":0,"gold_gain":0,"player_choice":"Lose Max HP","damage_taken":0,"relics_obtained":["Golden Idol"],"max_hp_gain":0,"max_hp_loss":7,"event_name":"Golden Idol","floor":14,"gold_loss":0},{"damage_healed":0,"gold_gain":0,"player_choice":"Ignored","damage_taken":0,"max_hp_gain":0,"max_hp_loss":0,"event_name":"Vampires","floor":20,"gold_loss":0},{"damage_healed":0,"gold_gain":0,"player_choice":"Read","damage_taken":0,"max_hp_gain":0,"max_hp_loss":0,"event_name":"The Library","floor":21,"gold_loss":0,"cards_obtained":["Armaments"]}],"is_beta":true,"boss_relics":[{"not_picked":["Runic Dome","Mark of Pain"],"picked":"Pandora\u0027s Box"}],"items_purged_floors":[10,19],"is_endless":false,"potions_floor_spawned":[1,4,13],"killed_by":"Book of Stabbing","ascension_level":20}