{"gold_per_floor":[109,126,39,89,100,100,134,134,134,153,153,182,198,213,213,292,292,302,302,322,342,342,368,368,368,368,368,386,386,421,431,431,510,510,520,363,375,375,56,56,70,96,141,156,183,198,210,229,229,229,229],"floor_reached":51,"playtime":4066,"items_purged":[],"score":1522,"play_id":"7eb3cbb1-ed13-4efb-89af-2c88cc847b2a","local_time":"20200122130031","is_ascension_mode":true,"campfire_choices":[{"data":"Bash","floor":6.0,"key":"SMITH"},{"data":"Twin Strike","floor":8.0,"key":"SMITH"},{"data":"Battle Trance","floor":11,"key":"SMITH"},{"data":"Immolate","floor":15,"key":"SMITH"},{"data":"Shockwave","floor":24,"key":"SMITH"},{"data":"Ghostly Armor","floor":27,"key":"SMITH"},{"data":"Clothesline","floor":29,"key":"SMITH"},{"data":"Spot Weakness","floor":32,"key":"SMITH"},{"floor":40,"key":"RECALL"},{"data":"Limit Break","floor":49,"key":"SMITH"}],"neow_cost":"NONE","seed_source_timestamp":637066612020000,"circlet_count":0,"master_deck":["AscendersBane","Strike_R","Strike_R","Strike_R","Defend_R","Defend_R","Defend_R","Defend_R","Bash+1","Twin Strike+1","Battle Trance+1","Ghostly Armor+1","Immolate+1","Shockwave+1","Impervious","Blood for Blood+1","Limit Break+1","Perfected Strike+1","Clothesline+1","Spot Weakness+1","Reaper","Shrug It Off","Heavy Blade","Shrug It Off","Shrug It Off+1"],"special_seed":0,"relics":["Burning Blood","FossilizedHelix","Sundial","Question Card","Snecko Eye","Meat on the Bone","Shuriken","MealTicket","Busted Crown","Bag of Preparation","White Beast Statue","PreservedInsect","Nunchaku"],"potions_floor_usage":[12,16,33,33,51,51],"damage_taken":[{"damage":7.0,"enemies":"Cultist","floor":1.0,"turns":4.0},{"damage":4.0,"enemies":"Small Slimes","floor":2.0,"turns":3.0},{"damage":5.0,"enemies":"2 Louse","floor":5.0,"turns":4.0},{"damage":8.0,"enemies":"Gremlin Nob","floor":7.0,"turns":3.0},{"damage":0,"enemies":"Red Slaver","floor":10,"turns":2},{"damage":29,"enemies":"3 Sentries","floor":12,"turns":13},{"damage":0,"enemies":"Exordium Thugs","floor":13,"turns":4},{"damage":0,"enemies":"3 Louse","floor":14,"turns":1},{"damage":67,"enemies":"Hexaghost","floor":16,"turns":9},{"damage":0,"enemies":"2 Thieves","floor":18,"turns":3},{"damage":2,"enemies":"3 Byrds","floor":20,"turns":3},{"damage":6,"enemies":"Centurion and Healer","floor":21,"turns":2},{"damage":0,"enemies":"Gremlin Leader","floor":23,"turns":4},{"damage":12,"enemies":"Snake Plant","floor":28,"turns":3},{"damage":17,"enemies":"Slavers","floor":30,"turns":5},{"damage":0,"enemies":"Chosen and Byrds","floor":31,"turns":4},{"damage":56,"enemies":"Collector","floor":33,"turns":10},{"damage":0,"enemies":"Orb Walker","floor":35,"turns":2},{"damage":0,"enemies":"3 Shapes","floor":37,"turns":2},{"damage":5,"enemies":"Sphere and 2 Shapes","floor":41,"turns":11},{"damage":22,"enemies":"Nemesis","floor":42,"turns":7},{"damage":11,"enemies":"Maw","floor":44,"turns":6},{"damage":28,"enemies":"Giant Head","floor":45,"turns":6},{"damage":0,"enemies":"3 Darklings","floor":46,"turns":1},{"damage":0,"enemies":"Jaw Worm Horde","floor":47,"turns":3},{"damage":27,"enemies":"Writhing Mass","floor":48,"turns":5},{"damage":119,"enemies":"Donu and Deca","floor":50,"turns":10},{"damage":39,"enemies":"Time Eater","floor":51,"turns":7}],"seed_played":"-3679511172194026132","potions_obtained":[{"floor":1.0,"key":"AttackPotion"},{"floor":2.0,"key":"ColorlessPotion"},{"floor":10,"key":"BloodPotion"},{"floor":14,"key":"Ancient Potion"},{"floor":16,"key":"EssenceOfSteel"},{"floor":21,"key":"DuplicationPotion"},{"floor":41,"key":"Swift Potion"},{"floor":42,"key":"SpeedPotion"},{"floor":44,"key":"SmokeBomb"},{"floor":47,"key":"Strength Potion"}],"is_trial":false,"path_per_floor":["M","M","$","?","M","R","E","R","T","M","R","E","M","M","R","B",null,"M","?","M","M","?","E","R","?","T","R","M","R","E","M","R","B",null,"M","$","M","?","$","R","M","E","T","M","E","M","M","M","R","B","B"],"character_chosen":"IRONCLAD","items_purchased":["Battle Trance","Bag of Preparation","White Beast Statue","Shrug It Off"],"campfire_rested":0,"item_purchase_floors":[3,36,39,39],"current_hp_per_floor":[67,69,69,69,70,70,68,68,68,74,74,51,57,63,63,17,61,67,67,71,71,50,56,56,56,56,56,50,50,51,57,57,19,65,76,80,80,80,80,80,80,64,64,74,52,79,80,79,79,28,0],"gold":229,"neow_bonus":"RANDOM_COLORLESS","is_prod":false,"is_daily":false,"chose_seed":false,"campfire_upgraded":9,"win_rate":0,"timestamp":1579698031,"path_taken":["M","M","$","?","M","R","E","R","T","M","R","E","?","M","R","BOSS","M","?","M","M","?","E","R","?","T","R","M","R","E","?","R","BOSS","M","?","M","?","$","R","M","E","T","?","E","M","M","M","R","BOSS","BOSS"],"build_version":"2020-01-21","purchased_purges":0,"victory":false,"max_hp_per_floor":[75,75,75,75,75,75,75,75,75,75,75,75,75,75,75,75,75,75,75,75,75,80,80,80,80,80,80,80,80,80,80,80,80,80,80,80,80,80,80,80,80,80,80,80,80,80,80,80,80,80,80],"card_choices":[{"not_picked":["Rupture","Iron Wave"],"picked":"Twin Strike","floor":1.0},{"not_picked":["Evolve","Dual Wield","Rupture"],"picked":"SKIP","floor":2.0},{"not_picked":["Seeing Red","Clash","Blood for Blood"],"picked":"SKIP","floor":5.0},{"not_picked":["Armaments","Heavy Blade","Barricade"],"picked":"SKIP","floor":7.0},{"not_picked":["Thunderclap","Sever Soul"],"picked":"Ghostly Armor","floor":10},{"not_picked":["Clothesline","Pommel Strike"],"picked":"Immolate","floor":12},{"not_picked":["Infernal Blade","Perfected Strike","Warcry"],"picked":"Shockwave","floor":13},{"not_picked":["Cleave","Iron Wave","Warcry","Burning Pact"],"picked":"SKIP","floor":14},{"not_picked":["Demon Form","Exhume","Feed"],"picked":"Impervious","floor":16},{"not_picked":["Perfected Strike","Rage","Body Slam"],"picked":"Blood for Blood+1","floor":18},{"not_picked":["Body Slam","Thunderclap","Armaments","Pummel"],"picked":"SKIP","floor":20},{"not_picked":["Dropkick","Shockwave","Perfected Strike","Intimidate"],"picked":"SKIP","floor":21},{"not_picked":["Combust","Second Wind","True Grit","Iron Wave"],"picked":"SKIP","floor":23},{"not_picked":["Flex","Fire Breathing","Pummel"],"picked":"Clothesline","floor":28},{"not_picked":["Double Tap","Reckless Charge","Body Slam","Sever Soul"],"picked":"SKIP","floor":30},{"not_picked":["Heavy Blade+1","Anger","Warcry"],"picked":"Spot Weakness","floor":31},{"not_picked":["Immolate","Brutality","Corruption"],"picked":"Reaper","floor":33},{"not_picked":["Rampage","Pummel"],"picked":"SKIP","floor":35},{"not_picked":["Shockwave+1","Pummel"],"picked":"SKIP","floor":37},{"not_picked":["Whirlwind","Thunderclap"],"picked":"SKIP","floor":41},{"not_picked":["Anger","Clothesline"],"picked":"SKIP","floor":42},{"not_picked":["Anger","Blood for Blood"],"picked":"SKIP","floor":44},{"not_picked":["Flex","Berserk"],"picked":"SKIP","floor":45},{"not_picked":["Headbutt"],"picked":"Heavy Blade","floor":46},{"not_picked":["Cleave+1"],"picked":"Shrug It Off","floor":47},{"not_picked":["Anger+1"],"picked":"Shrug It Off+1","floor":48}],"player_experience":2028457,"relics_obtained":[{"floor":7.0,"key":"FossilizedHelix"},{"floor":9.0,"key":"Sundial"},{"floor":12,"key":"Question Card"},{"floor":23,"key":"Meat on the Bone"},{"floor":26,"key":"Shuriken"},{"floor":30,"key":"MealTicket"},{"floor":42,"key":"PreservedInsect"},{"floor":45,"key":"Nunchaku"}],"event_choices":[{"damage_healed":0.0,"max_hp_gain":0.0,"max_hp_loss":0.0,"gold_gain":50.0,"event_name":"Golden Shrine","player_choice":"Pray","floor":4.0,"gold_loss":0.0,"damage_taken":0.0},{"damage_healed":0,"gold_gain":0,"cards_transformed":["Strike_R","Strike_R"],"player_choice":"Became Test Subject","damage_taken":0,"max_hp_gain":0,"max_hp_loss":0,"event_name":"Drug Dealer","floor":19,"gold_loss":0,"cards_obtained":["Limit Break","Perfected Strike"]},{"damage_healed":0,"gold_gain":0,"player_choice":"Shed Blood","damage_taken":26,"max_hp_gain":5,"max_hp_loss":0,"event_name":"Forgotten Altar","floor":22,"gold_loss":0},{"damage_healed":0,"gold_gain":0,"player_choice":"Upgraded","damage_taken":0,"max_hp_gain":0,"max_hp_loss":0,"event_name":"Upgrade Shrine","floor":25,"gold_loss":0,"cards_upgraded":["Perfected Strike"]},{"damage_healed":0,"gold_gain":0,"player_choice":"Ignored","damage_taken":0,"max_hp_gain":0,"max_hp_loss":0,"event_name":"SecretPortal","floor":38,"gold_loss":0}],"is_beta":true,"boss_relics":[{"not_picked":["Runic Pyramid","Sozu"],"picked":"Snecko Eye"},{"not_picked":["Black Blood","Fusion Hammer"],"picked":"Busted Crown"}],"items_purged_floors":[],"is_endless":false,"potions_floor_spawned":[1,2,10,14,16,21,28,31,41,42,44,45,46,47,48],"killed_by":"Time Eater","ascension_level":20}