{"gold_per_floor":[113,131,25,39,51,51,76,1,27,61,61,61,96,109,109,184,184,202,21,41,41,56,56,81,81,108,135,135,150,175,175],"floor_reached":31,"playtime":1672,"items_purged":["Strike_R","Anger"],"score":586,"play_id":"137a8271-3333-49ad-a53c-c9c1d527d19a","local_time":"20200125221619","is_ascension_mode":true,"campfire_choices":[{"data":"Bash","floor":6.0,"key":"SMITH"},{"data":"Spot Weakness","floor":12.0,"key":"SMITH"},{"data":"Rampage","floor":15.0,"key":"SMITH"},{"floor":23.0,"key":"REST"},{"floor":25.0,"key":"REST"},{"data":"Limit Break","floor":28.0,"key":"SMITH"}],"neow_cost":"NONE","seed_source_timestamp":932009732602600,"circlet_count":0,"master_deck":["AscendersBane","Strike_R","Strike_R","Strike_R","Strike_R","Defend_R","Defend_R","Defend_R","Defend_R","Bash+1","Spot Weakness+1","Headbutt","Twin Strike","Clothesline","Flame Barrier","Disarm","Reaper","Rampage+1","Metallicize","Offering","Shockwave","Limit Break+1","Armaments+1"],"special_seed":0,"relics":["Burning Blood","PreservedInsect","Happy Flower","Lantern","Bronze Scales","Vajra","Black Star","Shuriken","Toy Ornithopter","Pen Nib","Dream Catcher","Strawberry","Red Mask"],"potions_floor_usage":[],"damage_taken":[{"damage":6.0,"enemies":"Cultist","floor":1.0,"turns":3.0},{"damage":0.0,"enemies":"2 Louse","floor":2.0,"turns":4.0},{"damage":14.0,"enemies":"Jaw Worm","floor":4.0,"turns":3.0},{"damage":16.0,"enemies":"Lots of Slimes","floor":5.0,"turns":5.0},{"damage":30.0,"enemies":"Lagavulin","floor":7.0,"turns":6.0},{"damage":8.0,"enemies":"Gremlin Nob","floor":10.0,"turns":3.0},{"damage":11.0,"enemies":"Lagavulin","floor":13.0,"turns":5.0},{"damage":1.0,"enemies":"Looter","floor":14.0,"turns":3.0},{"damage":23.0,"enemies":"Hexaghost","floor":16.0,"turns":7.0},{"damage":16.0,"enemies":"Spheric Guardian","floor":18.0,"turns":4.0},{"damage":26.0,"enemies":"3 Byrds","floor":20.0,"turns":4.0},{"damage":15.0,"enemies":"Snecko","floor":22.0,"turns":6.0},{"damage":50.0,"enemies":"Slavers","floor":24.0,"turns":4.0},{"damage":11.0,"enemies":"Book of Stabbing","floor":27.0,"turns":3.0},{"damage":35.0,"enemies":"Cultist and Chosen","floor":29.0,"turns":6.0},{"damage":49.0,"enemies":"Masked Bandits","floor":30.0,"turns":4.0},{"damage":14,"enemies":"Centurion and Healer","floor":31,"turns":5}],"seed_played":"2617432818305791800","potions_obtained":[{"floor":5.0,"key":"SpeedPotion"},{"floor":10.0,"key":"LiquidBronze"},{"floor":27.0,"key":"ColorlessPotion"},{"floor":29.0,"key":"SpeedPotion"}],"is_trial":false,"path_per_floor":["M","M","$","M","M","R","E","$","T","E","?","R","E","M","R","B",null,"M","$","M","?","M","R","E","R","T","E","R","M","?","M"],"character_chosen":"IRONCLAD","items_purchased":["Headbutt","Strength Potion","Shockwave"],"campfire_rested":2,"item_purchase_floors":[3,3,19],"current_hp_per_floor":[68,74,74,66,56,56,32,32,32,30,30,30,25,39,39,35,65,55,55,35,35,26,48,18,40,40,47,47,33,10,0],"gold":175,"neow_bonus":"RANDOM_COMMON_RELIC","is_prod":false,"is_daily":false,"chose_seed":false,"campfire_upgraded":4,"win_rate":0,"timestamp":1579990579,"path_taken":["M","?","$","M","M","R","E","$","T","E","?","R","E","M","R","BOSS","M","?","M","?","M","R","E","R","T","E","R","M","?","M"],"build_version":"2020-01-21","purchased_purges":2,"victory":false,"max_hp_per_floor":[75,75,75,75,75,75,75,75,75,75,75,75,75,75,75,75,75,75,75,75,75,75,75,75,75,75,82,82,82,82,82],"card_choices":[{"not_picked":["Wild Strike","Armaments"],"picked":"Anger","floor":1.0},{"not_picked":["Anger","Heavy Blade"],"picked":"Spot Weakness","floor":2.0},{"not_picked":["Shrug It Off","True Grit"],"picked":"Twin Strike","floor":4.0},{"not_picked":["Reckless Charge","Havoc"],"picked":"Clothesline","floor":5.0},{"not_picked":["Shockwave","Armaments"],"picked":"Flame Barrier","floor":7.0},{"not_picked":["Armaments","Power Through"],"picked":"Disarm","floor":10.0},{"not_picked":["Clash","Rupture"],"picked":"Rampage","floor":13.0},{"not_picked":["Flex","Havoc"],"picked":"Metallicize","floor":14.0},{"not_picked":["Berserk","Feed"],"picked":"Offering","floor":16.0},{"not_picked":["Body Slam","Warcry","Feel No Pain"],"picked":"SKIP","floor":18.0},{"not_picked":["Sword Boomerang","Reckless Charge","Clothesline"],"picked":"SKIP","floor":20.0},{"not_picked":["Pommel Strike","Flex","Brutality"],"picked":"SKIP","floor":22.0},{"not_picked":["Warcry","True Grit"],"picked":"Limit Break","floor":24.0},{"not_picked":["Armaments","Carnage+1","Bloodletting"],"picked":"SKIP","floor":27.0},{"not_picked":["Flex","Shockwave","Anger"],"picked":"SKIP","floor":29.0},{"not_picked":["Havoc","Iron Wave"],"picked":"Armaments+1","floor":30.0}],"player_experience":2046933,"relics_obtained":[{"floor":7.0,"key":"Happy Flower"},{"floor":9.0,"key":"Lantern"},{"floor":10.0,"key":"Bronze Scales"},{"floor":13.0,"key":"Vajra"},{"floor":24.0,"key":"Shuriken"},{"floor":24.0,"key":"Toy Ornithopter"},{"floor":26.0,"key":"Pen Nib"},{"floor":27.0,"key":"Dream Catcher"},{"floor":27.0,"key":"Strawberry"},{"floor":30.0,"key":"Red Mask"}],"event_choices":[{"damage_healed":0.0,"max_hp_gain":0.0,"max_hp_loss":0.0,"gold_gain":0.0,"event_name":"Match and Keep!","player_choice":"1 cards matched","floor":11.0,"gold_loss":0.0,"damage_taken":0.0,"cards_obtained":["Reaper"]},{"damage_healed":0.0,"max_hp_gain":0.0,"max_hp_loss":0.0,"gold_gain":0.0,"event_name":"Match and Keep!","player_choice":"1 cards matched","floor":11.0,"gold_loss":0.0,"damage_taken":0.0,"cards_obtained":["Reaper"]},{"damage_healed":0.0,"max_hp_gain":0.0,"max_hp_loss":0.0,"gold_gain":0.0,"event_name":"The Mausoleum","player_choice":"Ignored","floor":21.0,"gold_loss":0.0,"damage_taken":0.0},{"damage_healed":0.0,"max_hp_gain":0.0,"max_hp_loss":0.0,"gold_gain":0.0,"event_name":"Masked Bandits","player_choice":"Fought Bandits","floor":30.0,"gold_loss":0.0,"damage_taken":0.0}],"is_beta":true,"boss_relics":[{"not_picked":["Runic Cube","Cursed Key"],"picked":"Black Star"}],"items_purged_floors":[8,19],"is_endless":false,"potions_floor_spawned":[5,10,27,29],"killed_by":"Centurion and Healer","ascension_level":20}