{"gold_per_floor":[118,128,140,140,155,155,187,200,251,266,266,278,309,327,327,404,404,415,94,110,128,128,156,156,183,183,283,20,45,57,70,70,148,148,162,174,184,194,105,105,131,156,156,170,204,214,248,248,248,248,248],"floor_reached":51,"playtime":5743,"items_purged":["Strike_R","Strike_R","Cleave"],"score":1576,"play_id":"dabc6eda-88ff-4425-bf18-aa404e442be8","local_time":"20200121204525","is_ascension_mode":true,"campfire_choices":[{"data":"Bash","floor":6,"key":"SMITH"},{"data":"Immolate","floor":11,"key":"SMITH"},{"data":"Combust","floor":15,"key":"SMITH"},{"data":"Spot Weakness","floor":24,"key":"SMITH"},{"data":"Flame Barrier","floor":32,"key":"SMITH"},{"floor":40,"key":"RECALL"},{"floor":49,"key":"REST"}],"neow_cost":"PERCENT_DAMAGE","seed_source_timestamp":576903090857300,"circlet_count":0,"master_deck":["AscendersBane","Defend_R","Defend_R","Defend_R","Defend_R","Bash+1","Shrug It Off","Headbutt","Pommel Strike","Immolate+1","Combust+1","Reaper+1","Metallicize","Feed+1","Shockwave","Carnage+1","Blood for Blood+1","Infernal Blade","Spot Weakness+1","Flame Barrier+1","Offering","Shrug It Off","Uppercut+1","Impervious","Clothesline+1","Evolve"],"relics":["Burning Blood","Boot","PreservedInsect","Molten Egg 2","Snecko Eye","Bronze Scales","Tiny Chest","Juzu Bracelet","Magic Flower","Bottled Flame","Smiling Mask","Mark of Pain","Ancient Tea Set","Du-Vu Doll","Frozen Egg 2","Oddly Smooth Stone","Bag of Preparation","Mercury Hourglass"],"potions_floor_usage":[10,10,16,23,27,31,33,44,51],"damage_taken":[{"damage":2,"enemies":"Jaw Worm","floor":1,"turns":5},{"damage":0,"enemies":"Cultist","floor":2,"turns":4},{"damage":0,"enemies":"2 Louse","floor":3,"turns":2},{"damage":11,"enemies":"2 Fungi Beasts","floor":5,"turns":4},{"damage":46,"enemies":"Lagavulin","floor":7,"turns":8},{"damage":23,"enemies":"Exordium Wildlife","floor":8,"turns":5},{"damage":27,"enemies":"Large Slime","floor":10,"turns":9},{"damage":4,"enemies":"Looter","floor":12,"turns":3},{"damage":8,"enemies":"Gremlin Nob","floor":13,"turns":3},{"damage":6,"enemies":"Blue Slaver","floor":14,"turns":4},{"damage":39,"enemies":"Slime Boss","floor":16,"turns":7},{"damage":9,"enemies":"Chosen","floor":18,"turns":3},{"damage":11,"enemies":"2 Thieves","floor":20,"turns":2},{"damage":0,"enemies":"3 Cultists","floor":21,"turns":2},{"damage":37,"enemies":"Slavers","floor":23,"turns":3},{"damage":29,"enemies":"Book of Stabbing","floor":25,"turns":3},{"damage":10,"enemies":"Colosseum Slavers","floor":27,"turns":3},{"damage":2,"enemies":"Colosseum Nobs","floor":27,"turns":2},{"damage":7,"enemies":"Slavers","floor":29,"turns":2},{"damage":15,"enemies":"Cultist and Chosen","floor":30,"turns":4},{"damage":12,"enemies":"Snecko","floor":31,"turns":4},{"damage":56,"enemies":"Automaton","floor":33,"turns":10},{"damage":10,"enemies":"3 Shapes","floor":35,"turns":2},{"damage":28,"enemies":"Orb Walker","floor":36,"turns":4},{"damage":0,"enemies":"Jaw Worm Horde","floor":37,"turns":3},{"damage":53,"enemies":"Maw","floor":38,"turns":9},{"damage":48,"enemies":"Giant Head","floor":41,"turns":7},{"damage":6,"enemies":"Mind Bloom Boss Battle","floor":42,"turns":7},{"damage":44,"enemies":"Writhing Mass","floor":44,"turns":9},{"damage":10,"enemies":"Nemesis","floor":45,"turns":4},{"damage":19,"enemies":"Transient","floor":46,"turns":6},{"damage":52,"enemies":"Giant Head","floor":47,"turns":7},{"damage":66,"enemies":"Time Eater","floor":50,"turns":11},{"damage":64,"enemies":"Donu and Deca","floor":51,"turns":5}],"seed_played":"-7803100539656322306","potions_obtained":[{"floor":5,"key":"Regen Potion"},{"floor":7,"key":"SpeedPotion"},{"floor":8,"key":"Regen Potion"},{"floor":13,"key":"Energy Potion"},{"floor":21,"key":"Energy Potion"},{"floor":23,"key":"BloodPotion"},{"floor":25,"key":"EssenceOfSteel"},{"floor":27,"key":"LiquidMemories"},{"floor":33,"key":"SkillPotion"},{"floor":35,"key":"AttackPotion"},{"floor":36,"key":"LiquidBronze"},{"floor":45,"key":"Explosive Potion"},{"floor":47,"key":"AttackPotion"}],"is_trial":false,"path_per_floor":["M","M","M","?","M","R","E","M","T","M","R","M","E","M","R","B",null,"M","$","M","M","?","E","R","E","T","?","$","E","M","M","R","B",null,"M","M","M","M","$","R","E","?","T","M","E","M","E","T","R","B","B"],"character_chosen":"IRONCLAD","items_purchased":["Carnage+1","Bronze Scales","Offering","Evolve"],"campfire_rested":1,"item_purchase_floors":[19,19,28,39],"current_hp_per_floor":[68,74,80,80,75,75,35,18,18,49,49,51,49,49,49,24,73,70,70,77,83,83,56,56,33,33,56,56,66,77,88,88,62,97,102,83,106,76,76,76,78,98,98,69,68,72,67,67,106,64,0],"gold":248,"neow_bonus":"TWENTY_PERCENT_HP_BONUS","is_prod":false,"is_daily":false,"chose_seed":false,"campfire_upgraded":5,"win_rate":0,"timestamp":1579639525,"path_taken":["M","M","M","?","M","R","E","M","T","M","R","M","E","?","R","BOSS","M","$","M","M","?","E","R","E","T","?","?","E","M","M","R","BOSS","M","M","M","M","$","R","E","?","T","M","E","M","E","?","R","BOSS","BOSS"],"build_version":"2020-01-16","purchased_purges":3,"victory":false,"max_hp_per_floor":[89,89,89,89,89,89,89,89,89,89,89,89,89,89,89,89,89,89,89,89,89,89,93,93,93,93,97,97,97,101,105,105,109,109,113,113,117,121,121,121,125,129,129,133,133,133,133,133,133,137,137],"card_choices":[{"not_picked":["Body Slam","Flex"],"picked":"Shrug It Off","floor":1},{"not_picked":["Entrench","Burning Pact"],"picked":"Cleave","floor":2},{"not_picked":["Seeing Red","Shockwave"],"picked":"Headbutt","floor":3},{"not_picked":["Havoc","Twin Strike"],"picked":"Pommel Strike","floor":5},{"not_picked":["Pommel Strike","Iron Wave","Rupture"],"picked":"SKIP","floor":7},{"not_picked":["Thunderclap","Sentinel"],"picked":"Immolate","floor":8},{"not_picked":["Burning Pact","Flex","Carnage"],"picked":"SKIP","floor":10},{"not_picked":["Feel No Pain","Clash"],"picked":"Combust","floor":12},{"not_picked":["Heavy Blade+1","Burning Pact"],"picked":"Reaper+1","floor":13},{"not_picked":["Pummel+1","Pommel Strike+1"],"picked":"Metallicize","floor":14},{"not_picked":["Berserk","Immolate+1"],"picked":"Feed+1","floor":16},{"not_picked":["Perfected Strike+1","True Grit"],"picked":"Shockwave","floor":18},{"not_picked":["Headbutt+1","Anger+1","Blood for Blood+1"],"picked":"SKIP","floor":20},{"not_picked":["Flex","Rampage+1","Sword Boomerang+1"],"picked":"SKIP","floor":21},{"not_picked":["Clash+1","Intimidate+1"],"picked":"Spot Weakness","floor":23},{"not_picked":["Twin Strike+1","Sentinel","Feel No Pain"],"picked":"SKIP","floor":25},{"not_picked":["Flex","Heavy Blade+1"],"picked":"Flame Barrier","floor":27},{"not_picked":["Combust","Flex"],"picked":"Shrug It Off","floor":29},{"not_picked":["Sword Boomerang+1","Anger+1","Flex"],"picked":"SKIP","floor":30},{"not_picked":["Seeing Red","Evolve"],"picked":"Uppercut+1","floor":31},{"not_picked":["Feed+1","Offering"],"picked":"Impervious","floor":33},{"not_picked":["Hemokinesis+1","Wild Strike+1","Whirlwind+1"],"picked":"SKIP","floor":35},{"not_picked":["Rage+1","Flex"],"picked":"Clothesline+1","floor":36},{"not_picked":["Flex","Iron Wave+1","Infernal Blade+1"],"picked":"SKIP","floor":37},{"not_picked":["Flex+1","Perfected Strike+1","True Grit"],"picked":"SKIP","floor":38},{"not_picked":["Fire Breathing","Havoc+1","Clash+1"],"picked":"SKIP","floor":41},{"not_picked":["Twin Strike+1","Rage","Cleave+1"],"picked":"SKIP","floor":44},{"not_picked":["Flex","Cleave+1","Rupture+1"],"picked":"SKIP","floor":45},{"not_picked":["Dark Embrace+1","Wild Strike+1","Anger+1"],"picked":"SKIP","floor":46},{"not_picked":["Sentinel+1","Clothesline+1","Intimidate"],"picked":"SKIP","floor":47}],"player_experience":2021019,"relics_obtained":[{"floor":7,"key":"Boot"},{"floor":9,"key":"PreservedInsect"},{"floor":13,"key":"Molten Egg 2"},{"floor":23,"key":"Tiny Chest"},{"floor":25,"key":"Juzu Bracelet"},{"floor":27,"key":"Magic Flower"},{"floor":27,"key":"Bottled Flame"},{"floor":29,"key":"Smiling Mask"},{"floor":41,"key":"Ancient Tea Set"},{"floor":42,"key":"Du-Vu Doll"},{"floor":43,"key":"Frozen Egg 2"},{"floor":45,"key":"Oddly Smooth Stone"},{"floor":47,"key":"Bag of Preparation"},{"floor":48,"key":"Mercury Hourglass"}],"event_choices":[{"cards_removed":["Strike_R"],"damage_healed":0,"gold_gain":0,"player_choice":"Offered Basic","damage_taken":0,"max_hp_gain":0,"max_hp_loss":0,"event_name":"Bonfire Elementals","floor":4,"gold_loss":0},{"damage_healed":0,"gold_gain":0,"cards_transformed":["Strike_R","Strike_R"],"player_choice":"Became Test Subject","damage_taken":0,"max_hp_gain":0,"max_hp_loss":0,"event_name":"Drug Dealer","floor":22,"gold_loss":0,"cards_obtained":["Blood for Blood","Infernal Blade"]},{"damage_healed":0,"gold_gain":0,"player_choice":"Fight","damage_taken":0,"max_hp_gain":0,"max_hp_loss":0,"event_name":"Colosseum","floor":27,"gold_loss":0},{"damage_healed":0,"gold_gain":0,"player_choice":"Fought Nobs","damage_taken":0,"max_hp_gain":0,"max_hp_loss":0,"event_name":"Colosseum","floor":27,"gold_loss":0},{"damage_healed":0,"gold_gain":0,"player_choice":"Fight","damage_taken":0,"max_hp_gain":0,"max_hp_loss":0,"event_name":"MindBloom","floor":42,"gold_loss":0}],"is_beta":true,"boss_relics":[{"not_picked":["Calling Bell","Coffee Dripper"],"picked":"Snecko Eye"},{"not_picked":["Empty Cage","Tiny House"],"picked":"Mark of Pain"}],"items_purged_floors":[19,28,39],"is_endless":false,"potions_floor_spawned":[5,7,8,13,21,23,25,27,30,33,35,36,45,46,47],"killed_by":"Donu and Deca","ascension_level":20}