{"gold_per_floor":[117,134,134,2,2,42,42,78,78,112,127,127,152,5,5,5],"floor_reached":16,"playtime":645,"items_purged":["Strike_R"],"score":232,"play_id":"3742944b-0ed7-47ce-8051-aa14c6ed0236","local_time":"20200125223223","is_ascension_mode":true,"campfire_choices":[{"floor":7.0,"key":"REST"},{"data":"Rampage","floor":12.0,"key":"SMITH"},{"data":"Feed","floor":15,"key":"SMITH"}],"neow_cost":"NONE","seed_source_timestamp":934013458961300,"circlet_count":0,"master_deck":["AscendersBane","Strike_R","Strike_R","Strike_R","Strike_R","Defend_R","Defend_R","Defend_R","Defend_R","Bash+1","Sword Boomerang","Rampage+1","Inflame+1","Headbutt","Feed+1","Twin Strike","Ghostly Armor"],"special_seed":0,"relics":["Burning Blood","Golden Idol","Pantograph","Smiling Mask","Pear","CaptainsWheel","Vajra"],"potions_floor_usage":[16],"damage_taken":[{"damage":13.0,"enemies":"Small Slimes","floor":1.0,"turns":5.0},{"damage":6.0,"enemies":"Cultist","floor":2.0,"turns":3.0},{"damage":42.0,"enemies":"3 Sentries","floor":6.0,"turns":9.0},{"damage":32.0,"enemies":"Gremlin Nob","floor":8.0,"turns":4.0},{"damage":25.0,"enemies":"3 Sentries","floor":10.0,"turns":7.0},{"damage":9.0,"enemies":"Jaw Worm","floor":11.0,"turns":3.0},{"damage":39,"enemies":"The Guardian","floor":16,"turns":8}],"seed_played":"6892502138734477075","potions_obtained":[{"floor":1.0,"key":"EssenceOfSteel"},{"floor":6.0,"key":"Energy Potion"},{"floor":10.0,"key":"Ancient Potion"}],"is_trial":false,"path_per_floor":["M","M","?","$","?","E","R","E","T","E","M","R","T","$","R","B"],"character_chosen":"IRONCLAD","items_purchased":["Inflame","FearPotion","Ghostly Armor","Block Potion"],"campfire_rested":1,"item_purchase_floors":[4,4,14,14],"current_hp_per_floor":[61,61,61,61,61,25,45,19,29,13,10,10,10,10,10,0],"gold":5,"neow_bonus":"UPGRADE_CARD","is_prod":false,"is_daily":false,"chose_seed":false,"campfire_upgraded":2,"win_rate":0,"timestamp":1579991543,"path_taken":["M","M","?","$","?","E","R","E","T","E","?","R","?","?","R","BOSS"],"build_version":"2020-01-21","purchased_purges":1,"victory":false,"max_hp_per_floor":[75,75,68,68,68,68,68,68,78,81,81,81,81,81,81,81],"card_choices":[{"not_picked":["Sentinel","Body Slam"],"picked":"Sword Boomerang","floor":1.0},{"not_picked":["Flame Barrier","Rage"],"picked":"Rampage","floor":2.0},{"not_picked":["Sentinel","Armaments"],"picked":"Headbutt","floor":6.0},{"not_picked":["Cleave","Havoc"],"picked":"Feed","floor":8.0},{"not_picked":["Headbutt","Intimidate","Havoc"],"picked":"SKIP","floor":10.0},{"not_picked":["Wild Strike","Cleave"],"picked":"Twin Strike","floor":11.0}],"player_experience":2048605,"relics_obtained":[{"floor":6.0,"key":"Pantograph"},{"floor":8.0,"key":"Smiling Mask"},{"floor":9.0,"key":"Pear"},{"floor":10.0,"key":"CaptainsWheel"},{"floor":13.0,"key":"Vajra"}],"event_choices":[{"damage_healed":0.0,"max_hp_gain":0.0,"max_hp_loss":7.0,"gold_gain":0.0,"event_name":"Golden Idol","player_choice":"Lose Max HP","floor":3.0,"gold_loss":0.0,"damage_taken":0.0,"relics_obtained":["Golden Idol"]},{"damage_healed":0.0,"max_hp_gain":0.0,"max_hp_loss":0.0,"gold_gain":0.0,"event_name":"Upgrade Shrine","player_choice":"Upgraded","floor":5.0,"gold_loss":0.0,"damage_taken":0.0,"cards_upgraded":["Inflame"]}],"is_beta":true,"boss_relics":[],"items_purged_floors":[14],"is_endless":false,"potions_floor_spawned":[1,6,10],"killed_by":"The Guardian","ascension_level":20}