{"gold_per_floor":[109,122,139,16,30,59,72,72,149,149,149,149,181,198,198,270,270,285,3,3,3,15,48,66,66,66,84,109,109,129,155,155,227,227,242,262,287,287,287,316,316,350,373,388,195,195,228,245,245,245,245,245,245,2,33,33],"floor_reached":56,"playtime":4350,"items_purged":["Shame","Strike_R"],"score":2310,"play_id":"3893fcb5-333a-4b08-a731-48e9f99a8d04","local_time":"20200126001116","is_ascension_mode":true,"campfire_choices":[{"data":"Combust","floor":8.0,"key":"SMITH"},{"data":"Bash","floor":10.0,"key":"SMITH"},{"data":"True Grit","floor":15.0,"key":"SMITH"},{"data":"Bludgeon","floor":25.0,"key":"SMITH"},{"data":"Demon Form","floor":29.0,"key":"SMITH"},{"data":"Flame Barrier","floor":32.0,"key":"SMITH"},{"floor":41.0,"key":"RECALL"},{"data":"Metallicize","floor":46.0,"key":"SMITH"},{"data":"Battle Trance","floor":49.0,"key":"SMITH"},{"floor":53.0,"key":"REST"}],"neow_cost":"NONE","seed_source_timestamp":935977689586100,"circlet_count":0,"master_deck":["AscendersBane","Strike_R","Strike_R","Defend_R","Defend_R","Defend_R","Defend_R","Bash+1","Shrug It Off","Clothesline","Cleave+1","Rampage+1","Combust+1","Twin Strike","True Grit+1","Offering","Perfected Strike+1","Battle Trance+1","Bludgeon+1","Shockwave","Barricade","Demon Form+1","Metallicize+1","Flame Barrier+1","Corruption","True Grit+1","Heavy Blade+1","Flame Barrier+1","Entrench","Shrug It Off","Shrug It Off","Offering","Shrug It Off"],"special_seed":0,"relics":["Burning Blood","Red Skull","Pear","Gambling Chip","Snecko Eye","Membership Card","MutagenicStrength","Tiny Chest","Kunai","Toy Ornithopter","CaptainsWheel","Cursed Key","StoneCalendar","Smiling Mask","Strawberry","Shuriken","Dream Catcher","Sling","Pen Nib"],"potions_floor_usage":[55],"damage_taken":[{"damage":5.0,"enemies":"Small Slimes","floor":1.0,"turns":4.0},{"damage":7.0,"enemies":"Cultist","floor":2.0,"turns":4.0},{"damage":1.0,"enemies":"2 Louse","floor":3.0,"turns":5.0},{"damage":13.0,"enemies":"Exordium Wildlife","floor":5.0,"turns":4.0},{"damage":32.0,"enemies":"Gremlin Nob","floor":6.0,"turns":4.0},{"damage":20.0,"enemies":"Exordium Thugs","floor":7.0,"turns":4.0},{"damage":14.0,"enemies":"3 Sentries","floor":13.0,"turns":4.0},{"damage":1.0,"enemies":"Blue Slaver","floor":14.0,"turns":3.0},{"damage":29.0,"enemies":"Hexaghost","floor":16.0,"turns":8.0},{"damage":29.0,"enemies":"Shell Parasite","floor":18.0,"turns":3.0},{"damage":0.0,"enemies":"2 Thieves","floor":22.0,"turns":1.0},{"damage":1.0,"enemies":"Gremlin Leader","floor":23.0,"turns":3.0},{"damage":2.0,"enemies":"Centurion and Healer","floor":24.0,"turns":4.0},{"damage":0.0,"enemies":"Cultist and Chosen","floor":27.0,"turns":3.0},{"damage":7.0,"enemies":"Book of Stabbing","floor":28.0,"turns":3.0},{"damage":0.0,"enemies":"3 Cultists","floor":30.0,"turns":3.0},{"damage":20.0,"enemies":"Slavers","floor":31.0,"turns":3.0},{"damage":0.0,"enemies":"Champ","floor":33.0,"turns":9.0},{"damage":0.0,"enemies":"3 Shapes","floor":35.0,"turns":7.0},{"damage":0.0,"enemies":"Orb Walker","floor":36.0,"turns":4.0},{"damage":0.0,"enemies":"Mind Bloom Boss Battle","floor":37.0,"turns":4.0},{"damage":21.0,"enemies":"Reptomancer","floor":40.0,"turns":5.0},{"damage":6.0,"enemies":"Nemesis","floor":42.0,"turns":5.0},{"damage":8.0,"enemies":"Sphere and 2 Shapes","floor":44.0,"turns":3.0},{"damage":6.0,"enemies":"Giant Head","floor":47.0,"turns":6.0},{"damage":7.0,"enemies":"4 Shapes","floor":48.0,"turns":4.0},{"damage":37.0,"enemies":"Awakened One","floor":50.0,"turns":11.0},{"damage":44.0,"enemies":"Donu and Deca","floor":51.0,"turns":12.0},{"damage":48,"enemies":"Shield and Spear","floor":55,"turns":9},{"damage":86,"enemies":"The Heart","floor":56,"turns":3}],"seed_played":"-8486650054372097177","potions_obtained":[{"floor":1.0,"key":"BlessingOfTheForge"},{"floor":5.0,"key":"EssenceOfSteel"},{"floor":6.0,"key":"Dexterity Potion"},{"floor":13.0,"key":"FearPotion"},{"floor":22.0,"key":"CultistPotion"},{"floor":31.0,"key":"LiquidMemories"},{"floor":40.0,"key":"EssenceOfSteel"}],"is_trial":false,"path_per_floor":["M","M","M","$","M","E","M","R","T","R","?","?","E","M","R","B",null,"M","$","?","?","M","E","M","R","T","M","E","R","M","E","R","B",null,"M","M","?","?","?","E","R","E","T","M","$","R","E","M","R","B","B",null,"R","$","E","B"],"character_chosen":"IRONCLAD","items_purchased":["Rampage","Combust","Membership Card","Battle Trance","Bludgeon","Shuriken","Block Potion","Offering","Sling"],"campfire_rested":1,"item_purchase_floors":[4,4,19,19,19,45,54,54,54],"current_hp_per_floor":[76,75,80,80,73,47,33,33,43,43,43,43,35,40,40,17,73,50,50,50,50,56,61,65,65,65,71,70,70,76,62,62,68,86,92,92,92,92,92,78,78,85,85,83,83,83,83,82,82,56,18,79,99,99,57,0],"gold":33,"neow_bonus":"TEN_PERCENT_HP_BONUS","is_prod":false,"is_daily":false,"chose_seed":false,"campfire_upgraded":8,"win_rate":0,"timestamp":1579997476,"path_taken":["M","M","M","$","M","E","M","R","T","R","?","?","E","?","R","BOSS","M","$","?","?","M","E","M","R","T","M","E","R","M","E","R","BOSS","M","M","?","?","?","E","R","E","T","M","$","R","E","M","R","BOSS","BOSS","R","$","E","BOSS"],"build_version":"2020-01-21","purchased_purges":2,"victory":false,"max_hp_per_floor":[82,82,82,82,82,82,82,82,92,92,92,92,92,92,92,92,92,92,92,92,92,92,92,92,92,92,92,92,92,92,92,92,92,92,92,92,92,92,92,92,92,99,99,99,99,99,99,99,99,99,99,99,99,99,99,99],"card_choices":[{"not_picked":["Whirlwind","Infernal Blade"],"picked":"Shrug It Off","floor":1.0},{"not_picked":["Flame Barrier","Intimidate"],"picked":"Clothesline","floor":2.0},{"not_picked":["Wild Strike","Pummel"],"picked":"Cleave","floor":3.0},{"not_picked":["Sword Boomerang","Sentinel","Seeing Red"],"picked":"SKIP","floor":5.0},{"not_picked":["Sword Boomerang","Impervious"],"picked":"Twin Strike","floor":6.0},{"not_picked":["Wild Strike","Body Slam","Sword Boomerang"],"picked":"SKIP","floor":7.0},{"not_picked":["Iron Wave","Warcry"],"picked":"True Grit","floor":13.0},{"not_picked":["Thunderclap","Anger","Pommel Strike"],"picked":"SKIP","floor":14.0},{"not_picked":["Fiend Fire","Demon Form"],"picked":"Offering","floor":16.0},{"not_picked":["Armaments","Sword Boomerang"],"picked":"Perfected Strike+1","floor":18.0},{"not_picked":["Flex","Cleave"],"picked":"Shockwave","floor":22.0},{"not_picked":["Blood for Blood","Havoc","Entrench"],"picked":"SKIP","floor":23.0},{"not_picked":["Cleave","Evolve","Battle Trance"],"picked":"SKIP","floor":24.0},{"not_picked":["Sentinel","Sword Boomerang"],"picked":"Barricade","floor":27.0},{"not_picked":["Sentinel","Rage"],"picked":"Demon Form","floor":28.0},{"not_picked":["Fire Breathing","Flex"],"picked":"Metallicize","floor":30.0},{"not_picked":["True Grit","Thunderclap"],"picked":"Flame Barrier","floor":31.0},{"not_picked":["Berserk","Limit Break"],"picked":"Corruption","floor":33.0},{"not_picked":["Clothesline","Armaments"],"picked":"True Grit+1","floor":35.0},{"not_picked":["Warcry","Twin Strike","Fire Breathing+1"],"picked":"SKIP","floor":36.0},{"not_picked":["Power Through","Dropkick"],"picked":"Heavy Blade+1","floor":40.0},{"not_picked":["Impervious","Shrug It Off"],"picked":"Flame Barrier+1","floor":42.0},{"not_picked":["Rampage","Body Slam"],"picked":"Entrench","floor":44.0},{"not_picked":["Combust","Rupture","Havoc+1"],"picked":"SKIP","floor":47.0},{"not_picked":["Heavy Blade","Anger"],"picked":"Shrug It Off","floor":48.0},{"not_picked":["Hemokinesis+1","Flex"],"picked":"Shrug It Off","floor":53.0},{"not_picked":["Second Wind","Dark Embrace"],"picked":"Shrug It Off","floor":55}],"player_experience":2050497,"relics_obtained":[{"floor":6.0,"key":"Red Skull"},{"floor":9.0,"key":"Pear"},{"floor":13.0,"key":"Gambling Chip"},{"floor":23.0,"key":"Tiny Chest"},{"floor":26.0,"key":"Kunai"},{"floor":28.0,"key":"Toy Ornithopter"},{"floor":31.0,"key":"CaptainsWheel"},{"floor":37.0,"key":"StoneCalendar"},{"floor":40.0,"key":"Smiling Mask"},{"floor":42.0,"key":"Strawberry"},{"floor":47.0,"key":"Dream Catcher"},{"floor":55,"key":"Pen Nib"}],"event_choices":[{"damage_healed":0.0,"max_hp_gain":0.0,"max_hp_loss":0.0,"gold_gain":0.0,"event_name":"Living Wall","player_choice":"Grow","floor":11.0,"gold_loss":0.0,"damage_taken":0.0,"cards_upgraded":["Rampage"]},{"damage_healed":0.0,"max_hp_gain":0.0,"max_hp_loss":0.0,"gold_gain":0.0,"event_name":"Upgrade Shrine","player_choice":"Upgraded","floor":12.0,"gold_loss":0.0,"damage_taken":0.0,"cards_upgraded":["Cleave"]},{"damage_healed":0.0,"max_hp_gain":0.0,"max_hp_loss":0.0,"gold_gain":0.0,"event_name":"Drug Dealer","player_choice":"Inject Mutagens","floor":20.0,"gold_loss":0.0,"damage_taken":0.0,"relics_obtained":["MutagenicStrength"]},{"cards_removed":["Strike_R"],"damage_healed":0.0,"max_hp_gain":0.0,"max_hp_loss":0.0,"gold_gain":0.0,"event_name":"Bonfire Elementals","player_choice":"Offered Basic","floor":21.0,"gold_loss":0.0,"damage_taken":0.0},{"damage_healed":0.0,"max_hp_gain":0.0,"max_hp_loss":0.0,"gold_gain":0.0,"event_name":"MindBloom","player_choice":"Fight","floor":37.0,"gold_loss":0.0,"damage_taken":0.0},{"damage_healed":0.0,"max_hp_gain":0.0,"max_hp_loss":0.0,"gold_gain":0.0,"event_name":"Tomb of Lord Red Mask","player_choice":"Ignored","floor":38.0,"gold_loss":0.0,"damage_taken":0.0},{"cards_removed":["Strike_R"],"damage_healed":0.0,"max_hp_gain":0.0,"max_hp_loss":0.0,"gold_gain":0.0,"event_name":"Falling","player_choice":"Removed Attack","floor":39.0,"gold_loss":0.0,"damage_taken":0.0}],"is_beta":true,"boss_relics":[{"not_picked":["Sozu","Busted Crown"],"picked":"Snecko Eye"},{"not_picked":["Runic Pyramid","Empty Cage"],"picked":"Cursed Key"}],"items_purged_floors":[45,54],"is_endless":false,"potions_floor_spawned":[1,5,6,13,14,22,24,31,40,42,47],"killed_by":"The Heart","ascension_level":20}