{"gold_per_floor":[115,130,130,145,158,186,186,21,21,21,21,57,73,88,88,182,182,196,215,215,231,250,291,291,291,291,305,318,60,60,73,73,73],"floor_reached":33,"playtime":2500,"items_purged":[],"score":662,"play_id":"5400de84-de6f-48e5-ac36-97c6139db1d8","local_time":"20200125093747","is_ascension_mode":true,"campfire_choices":[{"data":"Combust","floor":7.0,"key":"SMITH"},{"data":"Bash","floor":10.0,"key":"SMITH"},{"data":"Twin Strike","floor":15.0,"key":"SMITH"},{"data":"Flame Barrier","floor":24.0,"key":"SMITH"},{"data":"Spot Weakness","floor":30.0,"key":"SMITH"},{"floor":32.0,"key":"REST"}],"neow_cost":"NONE","seed_source_timestamp":885643455757400,"circlet_count":0,"master_deck":["AscendersBane","Strike_R","Strike_R","Defend_R","Defend_R","Defend_R","Bash+1","Cleave","Spot Weakness+1","Combust+1","Headbutt","Flame Barrier+1","Twin Strike+1","Immolate","Bludgeon+1","Immolate+1","Power Through+1","Body Slam+1","Shrug It Off","Battle Trance","Disarm"],"special_seed":0,"relics":["Burning Blood","Bronze Scales","Mercury Hourglass","Omamori","StrikeDummy","Golden Idol","Paper Frog","Astrolabe","Mummified Hand","Blood Vial"],"potions_floor_usage":[33],"damage_taken":[{"damage":7.0,"enemies":"Small Slimes","floor":1.0,"turns":4.0},{"damage":2.0,"enemies":"Cultist","floor":2.0,"turns":4.0},{"damage":4.0,"enemies":"2 Louse","floor":4.0,"turns":2.0},{"damage":1.0,"enemies":"Exordium Wildlife","floor":5.0,"turns":3.0},{"damage":28.0,"enemies":"Lagavulin","floor":6.0,"turns":5.0},{"damage":10.0,"enemies":"Gremlin Nob","floor":12.0,"turns":3.0},{"damage":1.0,"enemies":"Gremlin Gang","floor":13.0,"turns":2.0},{"damage":16.0,"enemies":"Exordium Thugs","floor":14.0,"turns":3.0},{"damage":4.0,"enemies":"Slime Boss","floor":16.0,"turns":5.0},{"damage":0.0,"enemies":"Chosen","floor":18.0,"turns":3.0},{"damage":28.0,"enemies":"Shell Parasite","floor":19.0,"turns":3.0},{"damage":13.0,"enemies":"Chosen and Byrds","floor":21.0,"turns":3.0},{"damage":13.0,"enemies":"Snake Plant","floor":22.0,"turns":3.0},{"damage":28.0,"enemies":"Slavers","floor":23.0,"turns":1.0},{"damage":18.0,"enemies":"Centurion and Healer","floor":27.0,"turns":7.0},{"damage":13.0,"enemies":"Cultist and Chosen","floor":28.0,"turns":4.0},{"damage":5.0,"enemies":"Snake Plant","floor":31.0,"turns":3.0},{"damage":58,"enemies":"Champ","floor":33,"turns":15}],"seed_played":"-4849268392349308922","potions_obtained":[{"floor":2.0,"key":"DistilledChaos"},{"floor":12.0,"key":"BloodPotion"},{"floor":13.0,"key":"Block Potion"},{"floor":14.0,"key":"Energy Potion"},{"floor":19.0,"key":"DistilledChaos"},{"floor":20.0,"key":"Fruit Juice"},{"floor":22.0,"key":"BlessingOfTheForge"},{"floor":23.0,"key":"BlessingOfTheForge"},{"floor":28.0,"key":"ElixirPotion"}],"is_trial":false,"path_per_floor":["M","M","?","M","M","E","R","$","T","R","?","E","M","M","R","B",null,"M","M","?","M","M","E","R","$","T","M","M","$","R","M","R","B"],"character_chosen":"IRONCLAD","items_purchased":["Omamori","Disarm","Blood Vial"],"campfire_rested":1,"item_purchase_floors":[8,29,29],"current_hp_per_floor":[67,71,71,73,75,53,53,53,53,53,53,49,54,44,44,46,68,74,67,67,60,58,36,36,36,36,24,17,17,17,20,44,0],"gold":73,"neow_bonus":"RANDOM_COMMON_RELIC","is_prod":false,"is_daily":false,"chose_seed":false,"campfire_upgraded":5,"win_rate":0,"timestamp":1579945067,"path_taken":["M","M","?","M","?","E","R","$","T","R","?","E","M","M","R","BOSS","M","M","?","M","?","E","R","$","T","M","M","$","R","?","R","BOSS"],"build_version":"2020-01-21","purchased_purges":0,"victory":false,"max_hp_per_floor":[75,75,75,75,75,75,75,75,75,75,75,75,75,75,75,75,75,75,75,75,75,80,80,80,80,80,80,80,80,80,80,80,80],"card_choices":[{"not_picked":["Body Slam","Armaments"],"picked":"Cleave","floor":1.0},{"not_picked":["Shockwave","Infernal Blade"],"picked":"Spot Weakness","floor":2.0},{"not_picked":["Havoc","Exhume","Perfected Strike"],"picked":"SKIP","floor":4.0},{"not_picked":["Headbutt","Wild Strike"],"picked":"Combust","floor":5.0},{"not_picked":["Havoc","Perfected Strike"],"picked":"Headbutt","floor":6.0},{"not_picked":["Anger","Juggernaut"],"picked":"Flame Barrier","floor":12.0},{"not_picked":["Wild Strike","Armaments","Warcry"],"picked":"SKIP","floor":13.0},{"not_picked":["Heavy Blade","Iron Wave"],"picked":"Twin Strike","floor":14.0},{"not_picked":["Limit Break","Brutality"],"picked":"Immolate","floor":16.0},{"not_picked":["Burning Pact","Perfected Strike+1"],"picked":"Body Slam+1","floor":18.0},{"not_picked":["Spot Weakness","Thunderclap","Sword Boomerang"],"picked":"SKIP","floor":19.0},{"not_picked":["Sword Boomerang","Perfected Strike","Dark Embrace"],"picked":"SKIP","floor":21.0},{"not_picked":["Anger","Pummel+1","Cleave"],"picked":"SKIP","floor":22.0},{"not_picked":["Iron Wave","Perfected Strike","Uppercut"],"picked":"SKIP","floor":23.0},{"not_picked":["Rampage","Perfected Strike"],"picked":"Shrug It Off","floor":27.0},{"not_picked":["Iron Wave","Sever Soul"],"picked":"Battle Trance","floor":28.0},{"not_picked":["Uppercut","Havoc","Seeing Red"],"picked":"SKIP","floor":31.0}],"player_experience":2041374,"relics_obtained":[{"floor":6.0,"key":"Mercury Hourglass"},{"floor":9.0,"key":"StrikeDummy"},{"floor":12.0,"key":"Paper Frog"},{"floor":23.0,"key":"Mummified Hand"}],"event_choices":[{"cards_removed":["Strike_R"],"damage_healed":0.0,"max_hp_gain":0.0,"max_hp_loss":0.0,"gold_gain":0.0,"event_name":"Purifier","player_choice":"Purged","floor":3.0,"gold_loss":0.0,"damage_taken":0.0},{"damage_healed":0.0,"max_hp_gain":0.0,"max_hp_loss":0.0,"gold_gain":0.0,"event_name":"Golden Idol","player_choice":"Take Wound","floor":11.0,"gold_loss":0.0,"damage_taken":0.0,"relics_obtained":["Golden Idol"],"cards_obtained":["Injury"]},{"damage_healed":0.0,"max_hp_gain":0.0,"max_hp_loss":0.0,"gold_gain":0.0,"event_name":"Lab","player_choice":"Got Potions","floor":20.0,"gold_loss":0.0,"damage_taken":0.0}],"is_beta":true,"boss_relics":[{"not_picked":["Runic Pyramid","Black Blood"],"picked":"Astrolabe"}],"items_purged_floors":[],"is_endless":false,"potions_floor_spawned":[2,12,13,14,18,19,22,23,28],"killed_by":"Champ","ascension_level":20}