{"gold_per_floor":[109,259,269,286,286,286,321,321,321,321,14,14,43,43],"floor_reached":14,"playtime":1247,"items_purged":[],"score":192,"play_id":"cf4f1cbf-d236-4378-8c8c-22a2e6c029a6","local_time":"20200125225340","is_ascension_mode":true,"campfire_choices":[{"data":"Bash","floor":6.0,"key":"SMITH"},{"data":"Inflame","floor":8.0,"key":"SMITH"}],"neow_cost":"NONE","seed_source_timestamp":934681497125200,"circlet_count":0,"master_deck":["AscendersBane","Strike_R+1","Strike_R+1","Strike_R","Strike_R","Strike_R","Defend_R","Defend_R","Defend_R","Defend_R","Bash+1","Inflame+1","Pommel Strike","Spot Weakness","Clothesline","Dark Embrace+1"],"special_seed":0,"relics":["Burning Blood","Omamori","Sundial","Bag of Preparation","Mummified Hand","Frozen Egg 2","Matryoshka"],"potions_floor_usage":[13,14],"damage_taken":[{"damage":4.0,"enemies":"Small Slimes","floor":1.0,"turns":4.0},{"damage":9.0,"enemies":"Jaw Worm","floor":3.0,"turns":4.0},{"damage":1.0,"enemies":"Cultist","floor":4.0,"turns":3.0},{"damage":32.0,"enemies":"Gremlin Nob","floor":7.0,"turns":4.0},{"damage":16,"enemies":"Lagavulin","floor":13,"turns":7},{"damage":26,"enemies":"Exordium Wildlife","floor":14,"turns":3}],"seed_played":"-8724937824917600086","potions_obtained":[{"floor":4.0,"key":"EssenceOfSteel"},{"floor":13,"key":"Regen Potion"}],"is_trial":false,"path_per_floor":["M","?","M","M","?","R","E","R","T","$","$","T","E","M"],"character_chosen":"IRONCLAD","items_purchased":["Mummified Hand","Clothesline"],"campfire_rested":0,"item_purchase_floors":[11,11],"current_hp_per_floor":[70,70,67,72,49,49,23,23,23,23,23,23,13,0],"gold":43,"neow_bonus":"RANDOM_COMMON_RELIC","is_prod":false,"is_daily":false,"chose_seed":false,"campfire_upgraded":2,"win_rate":0,"timestamp":1579992820,"path_taken":["M","?","M","M","?","R","E","R","T","?","$","?","E","M"],"build_version":"2020-01-21","purchased_purges":0,"victory":false,"max_hp_per_floor":[75,75,75,75,75,75,75,75,75,75,75,75,75,75],"card_choices":[{"not_picked":["Twin Strike","Shrug It Off"],"picked":"Inflame","floor":1.0},{"not_picked":["Infernal Blade","Shrug It Off"],"picked":"Pommel Strike","floor":3.0},{"not_picked":["Power Through","Havoc","Rage"],"picked":"SKIP","floor":4.0},{"not_picked":["Whirlwind","Flex"],"picked":"Spot Weakness","floor":7.0},{"not_picked":["True Grit","Headbutt"],"picked":"Dark Embrace+1","floor":13}],"player_experience":2049250,"relics_obtained":[{"floor":7.0,"key":"Sundial"},{"floor":9.0,"key":"Bag of Preparation"},{"floor":12.0,"key":"Frozen Egg 2"},{"floor":13,"key":"Matryoshka"}],"event_choices":[{"damage_healed":0.0,"max_hp_gain":0.0,"max_hp_loss":0.0,"gold_gain":150.0,"event_name":"Liars Game","player_choice":"AGREE","floor":2.0,"gold_loss":0.0,"damage_taken":0.0,"cards_obtained":["Doubt"]},{"damage_healed":0.0,"max_hp_gain":0.0,"max_hp_loss":0.0,"gold_gain":0.0,"event_name":"Shining Light","player_choice":"Entered Light","floor":5.0,"gold_loss":0.0,"damage_taken":23.0,"cards_upgraded":["Strike_R","Strike_R"]}],"is_beta":true,"boss_relics":[],"items_purged_floors":[],"is_endless":false,"potions_floor_spawned":[4,13],"killed_by":"Exordium Wildlife","ascension_level":20}