{"gold_per_floor":[118,14,14,14,14,43,43,53,98,116,143,153,222,252,252,331,331,351,368,128,128,53,53,53,53,53,68,84,84,84],"floor_reached":30,"playtime":1650,"items_purged":["Strike_R","Strike_R"],"score":542,"play_id":"892ef411-1896-4201-aea2-d4c60fa9e8a2","local_time":"20200124235306","is_ascension_mode":true,"campfire_choices":[{"data":"Clothesline","floor":7.0,"key":"SMITH"},{"data":"Carnage","floor":15.0,"key":"SMITH"},{"data":"Fiend Fire","floor":23.0,"key":"SMITH"},{"data":"Ghostly","floor":25.0,"key":"SMITH"},{"data":"Ghostly","floor":29,"key":"SMITH"}],"neow_cost":"NONE","seed_source_timestamp":851429789753600,"circlet_count":0,"master_deck":["AscendersBane","Strike_R","Defend_R","Defend_R","Defend_R","Defend_R","Bash+1","Clothesline+1","Anger","Feel No Pain","Pommel Strike","Carnage+1","Ghostly Armor","Fiend Fire+1","Shrug It Off","Flame Barrier","Flex","Ghostly+1","Ghostly","Ghostly+1","Dropkick","Whirlwind+1"],"special_seed":0,"relics":["Burning Blood","NeowsBlessing","Gambling Chip","Gremlin Horn","Oddly Smooth Stone","InkBottle","Paper Frog","Runic Pyramid","Champion Belt"],"potions_floor_usage":[30],"damage_taken":[{"damage":0.0,"enemies":"2 Louse","floor":1.0,"turns":1.0},{"damage":0.0,"enemies":"3 Sentries","floor":6.0,"turns":1.0},{"damage":0.0,"enemies":"Jaw Worm","floor":8.0,"turns":1.0},{"damage":0.0,"enemies":"Cultist","floor":10.0,"turns":3.0},{"damage":8.0,"enemies":"Gremlin Nob","floor":11.0,"turns":3.0},{"damage":4.0,"enemies":"Looter","floor":12.0,"turns":3.0},{"damage":9.0,"enemies":"Lagavulin","floor":14.0,"turns":6.0},{"damage":28.0,"enemies":"The Guardian","floor":16.0,"turns":11.0},{"damage":13.0,"enemies":"3 Byrds","floor":18.0,"turns":5.0},{"damage":35.0,"enemies":"2 Thieves","floor":19.0,"turns":3.0},{"damage":0.0,"enemies":"Snecko","floor":27.0,"turns":3.0},{"damage":0,"enemies":"Cultist and Chosen","floor":28,"turns":5},{"damage":37,"enemies":"Book of Stabbing","floor":30,"turns":6}],"seed_played":"242903389917827260","potions_obtained":[{"floor":10.0,"key":"ElixirPotion"},{"floor":11.0,"key":"Energy Potion"},{"floor":19.0,"key":"PowerPotion"},{"floor":27.0,"key":"BlessingOfTheForge"}],"is_trial":false,"path_per_floor":["M","$","?","?","?","E","R","M","T","M","E","M","T","E","R","B",null,"M","M","$","?","?","R","?","R","T","M","M","R","E"],"character_chosen":"IRONCLAD","items_purchased":["Anger","Flame Barrier","Flex"],"campfire_rested":0,"item_purchase_floors":[2,20,20],"current_hp_per_floor":[74,74,48,48,41,47,47,53,53,59,57,59,59,56,56,34,65,58,29,29,29,29,29,29,29,29,35,37,37,0],"gold":84,"neow_bonus":"THREE_ENEMY_KILL","is_prod":false,"is_daily":false,"chose_seed":false,"campfire_upgraded":5,"win_rate":0,"timestamp":1579909986,"path_taken":["M","$","?","?","?","E","R","M","T","M","E","?","?","E","R","BOSS","M","?","$","?","?","R","?","R","T","M","M","R","E"],"build_version":"2020-01-21","purchased_purges":2,"victory":false,"max_hp_per_floor":[75,75,75,75,75,75,75,75,75,75,75,75,75,75,75,75,75,75,75,75,37,37,37,37,37,37,37,37,37,37],"card_choices":[{"not_picked":["Sentinel","Second Wind"],"picked":"Clothesline","floor":1.0},{"not_picked":["Wild Strike","Intimidate"],"picked":"Feel No Pain","floor":6.0},{"not_picked":["Thunderclap","Bloodletting"],"picked":"Pommel Strike","floor":8.0},{"not_picked":["Heavy Blade","Sword Boomerang"],"picked":"Carnage","floor":10.0},{"not_picked":["Intimidate","Flex","Rupture"],"picked":"SKIP","floor":11.0},{"not_picked":["Fire Breathing","Sever Soul"],"picked":"Ghostly Armor","floor":12.0},{"not_picked":["Rupture","Thunderclap","Iron Wave"],"picked":"SKIP","floor":14.0},{"not_picked":["Double Tap","Berserk"],"picked":"Fiend Fire","floor":16.0},{"not_picked":["Sword Boomerang","Thunderclap"],"picked":"Shrug It Off","floor":18.0},{"not_picked":["Whirlwind","Heavy Blade","True Grit"],"picked":"SKIP","floor":19.0},{"not_picked":["Twin Strike","Havoc"],"picked":"Whirlwind+1","floor":27.0},{"not_picked":["True Grit","Body Slam","Headbutt"],"picked":"SKIP","floor":28}],"player_experience":2038850,"relics_obtained":[{"floor":6.0,"key":"Gremlin Horn"},{"floor":9.0,"key":"Oddly Smooth Stone"},{"floor":11.0,"key":"InkBottle"},{"floor":13.0,"key":"Paper Frog"},{"floor":26.0,"key":"Champion Belt"}],"event_choices":[{"damage_healed":0.0,"max_hp_gain":0.0,"max_hp_loss":0.0,"gold_gain":0.0,"event_name":"Scrap Ooze","player_choice":"Success","floor":3.0,"gold_loss":0.0,"damage_taken":26.0,"relics_obtained":["Gambling Chip"]},{"damage_healed":0.0,"max_hp_gain":0.0,"max_hp_loss":0.0,"gold_gain":0.0,"event_name":"Living Wall","player_choice":"Grow","floor":4.0,"gold_loss":0.0,"damage_taken":0.0,"cards_upgraded":["Bash"]},{"cards_removed":["Strike_R"],"damage_healed":0.0,"max_hp_gain":0.0,"max_hp_loss":0.0,"gold_gain":0.0,"event_name":"Golden Wing","player_choice":"Card Removal","floor":5.0,"gold_loss":0.0,"damage_taken":7.0},{"damage_healed":0.0,"max_hp_gain":0.0,"max_hp_loss":38.0,"gold_gain":0.0,"event_name":"Ghosts","player_choice":"Became a Ghost","floor":21.0,"gold_loss":0.0,"damage_taken":0.0,"cards_obtained":["Ghostly","Ghostly","Ghostly"]},{"cards_removed":["Strike_R"],"damage_healed":0.0,"max_hp_gain":0.0,"max_hp_loss":0.0,"gold_gain":0.0,"event_name":"Beggar","player_choice":"Gave Gold","floor":22.0,"gold_loss":75.0,"damage_taken":0.0},{"damage_healed":0.0,"max_hp_gain":0.0,"max_hp_loss":0.0,"gold_gain":0.0,"event_name":"The Library","player_choice":"Read","floor":24.0,"gold_loss":0.0,"damage_taken":0.0,"cards_obtained":["Dropkick"]}],"is_beta":true,"boss_relics":[{"not_picked":["Coffee Dripper","SacredBark"],"picked":"Runic Pyramid"}],"items_purged_floors":[2,20],"is_endless":false,"potions_floor_spawned":[10,11,12,19,27,28],"killed_by":"Book of Stabbing","ascension_level":20}