{"gold_per_floor":[361,376,395,43,43,75,75,88,88,114,114,144,144,177,177,256,256,276,326,88,106,119,119],"floor_reached":23,"playtime":1478,"items_purged":["Parasite"],"score":538,"play_id":"863c30cb-ed9b-488c-8d6d-967401b660fd","local_time":"20200125214551","is_ascension_mode":true,"campfire_choices":[{"data":"Carnage","floor":11,"key":"SMITH"},{"data":"Fiend Fire","floor":13,"key":"SMITH"},{"data":"Bash","floor":15,"key":"SMITH"}],"neow_cost":"PERCENT_DAMAGE","seed_source_timestamp":930397539757700,"circlet_count":0,"master_deck":["AscendersBane","Strike_R","Strike_R","Strike_R","Strike_R","Strike_R","Defend_R","Defend_R","Defend_R","Defend_R","Bash+1","Anger","Pommel Strike","Carnage+1","Fiend Fire+1","Clothesline","Battle Trance","Flame Barrier","Feel No Pain","Impervious","Corruption"],"relics":["Burning Blood","Meat on the Bone","Matryoshka","MealTicket","Champion Belt","Lantern","Question Card","Blood Vial","SlaversCollar","Omamori"],"potions_floor_usage":[6,8,12,16,21,22],"damage_taken":[{"damage":21,"enemies":"Jaw Worm","floor":1,"turns":6},{"damage":3,"enemies":"2 Louse","floor":2,"turns":4},{"damage":7,"enemies":"Small Slimes","floor":3,"turns":3},{"damage":8,"enemies":"Gremlin Nob","floor":6,"turns":3},{"damage":20,"enemies":"Gremlin Gang","floor":8,"turns":4},{"damage":45,"enemies":"3 Sentries","floor":10,"turns":10},{"damage":6,"enemies":"Gremlin Nob","floor":12,"turns":3},{"damage":17,"enemies":"3 Sentries","floor":14,"turns":6},{"damage":0,"enemies":"Slime Boss","floor":16,"turns":3},{"damage":29,"enemies":"3 Byrds","floor":18,"turns":5},{"damage":20,"enemies":"Chosen","floor":21,"turns":5},{"damage":14,"enemies":"Centurion and Healer","floor":22,"turns":9},{"damage":65,"enemies":"Gremlin Leader","floor":23,"turns":7}],"seed_played":"5614808931491153126","potions_obtained":[{"floor":1,"key":"Ancient Potion"},{"floor":2,"key":"Energy Potion"},{"floor":3,"key":"Regen Potion"},{"floor":10,"key":"GamblersBrew"},{"floor":14,"key":"EntropicBrew"},{"floor":21,"key":"HeartOfIron"}],"is_trial":false,"path_per_floor":["M","M","M","$","?","E","?","M","T","E","R","E","R","E","R","B",null,"M","?","$","M","M","E"],"character_chosen":"IRONCLAD","items_purchased":["Fiend Fire","Meat on the Bone","Omamori"],"campfire_rested":0,"item_purchase_floors":[4,4,20],"current_hp_per_floor":[35,38,37,37,37,47,65,63,63,36,36,48,48,49,49,57,71,50,50,65,67,61,0],"gold":119,"neow_bonus":"TWO_FIFTY_GOLD","is_prod":false,"is_daily":false,"chose_seed":false,"campfire_upgraded":3,"win_rate":0,"timestamp":1579988751,"path_taken":["M","M","M","$","?","E","?","M","T","E","R","E","R","E","R","BOSS","M","?","$","M","M","E"],"build_version":"2020-01-21","purchased_purges":1,"victory":false,"max_hp_per_floor":[75,75,75,75,75,75,75,75,75,75,75,75,75,75,75,75,75,75,75,72,72,72,72],"card_choices":[{"not_picked":["Ghostly Armor","Shrug It Off"],"picked":"Anger","floor":1},{"not_picked":["Burning Pact","Cleave"],"picked":"Pommel Strike","floor":2},{"not_picked":["Warcry","Hemokinesis"],"picked":"Carnage","floor":3},{"not_picked":["Sever Soul","Wild Strike"],"picked":"Clothesline","floor":6},{"not_picked":["Warcry","Sword Boomerang"],"picked":"Battle Trance","floor":8},{"not_picked":["Disarm","Clash"],"picked":"Flame Barrier","floor":10},{"not_picked":["Perfected Strike","True Grit"],"picked":"Feel No Pain","floor":12},{"not_picked":["Ghostly Armor","Fiend Fire","Fire Breathing"],"picked":"Impervious","floor":14},{"not_picked":["Limit Break","Impervious","Berserk"],"picked":"Corruption","floor":16},{"not_picked":["Wild Strike","Havoc","Thunderclap","Pommel Strike"],"picked":"SKIP","floor":18},{"not_picked":["Berserk","Wild Strike","Warcry","Flex"],"picked":"SKIP","floor":21},{"not_picked":["Sentinel","Berserk","Wild Strike","Thunderclap"],"picked":"SKIP","floor":22}],"player_experience":2045455,"relics_obtained":[{"floor":6,"key":"Matryoshka"},{"floor":9,"key":"MealTicket"},{"floor":9,"key":"Champion Belt"},{"floor":10,"key":"Lantern"},{"floor":12,"key":"Question Card"},{"floor":14,"key":"Blood Vial"}],"event_choices":[{"damage_healed":0,"gold_gain":0,"player_choice":"Ignored","damage_taken":0,"max_hp_gain":0,"max_hp_loss":0,"event_name":"Liars Game","floor":5,"gold_loss":0},{"damage_healed":18,"gold_gain":0,"player_choice":"Healed and dodged fight","damage_taken":0,"max_hp_gain":0,"max_hp_loss":0,"event_name":"Mushrooms","floor":7,"gold_loss":0,"cards_obtained":["Parasite"]},{"damage_healed":0,"gold_gain":50,"player_choice":"Stole From Cult","damage_taken":0,"max_hp_gain":0,"max_hp_loss":0,"event_name":"Nest","floor":19,"gold_loss":0}],"is_beta":true,"boss_relics":[{"not_picked":["Astrolabe","Sozu"],"picked":"SlaversCollar"}],"items_purged_floors":[20],"is_endless":false,"potions_floor_spawned":[1,2,3,10,14,21],"killed_by":"Gremlin Leader","ascension_level":20}