{"gold_per_floor":[359,376,190,205,205,238,238,271,271,271,287,287,312,322,322,398,398,410,410,425,425],"floor_reached":21,"playtime":1695,"items_purged":["Shame"],"score":423,"play_id":"d78cb715-87a8-4127-b632-22ddeaadab24","local_time":"20200121225606","is_ascension_mode":true,"campfire_choices":[{"data":"Carnage","floor":10.0,"key":"SMITH"},{"data":"Rampage","floor":12.0,"key":"SMITH"},{"data":"Bash","floor":15.0,"key":"SMITH"}],"neow_cost":"CURSE","seed_source_timestamp":588772436720800,"circlet_count":0,"master_deck":["AscendersBane","Strike_R","Strike_R","Strike_R","Strike_R","Defend_R","Defend_R","Defend_R","Defend_R","Bash+1","Rampage+1","Carnage+1","Shrug It Off","Clothesline","Shrug It Off","Headbutt","Shockwave","Feed","Combust+1"],"special_seed":0,"relics":["Burning Blood","Orichalcum","Frozen Egg 2","Ancient Tea Set","Mango","SlaversCollar"],"potions_floor_usage":[18,21],"damage_taken":[{"damage":6.0,"enemies":"2 Louse","floor":1.0,"turns":3.0},{"damage":9.0,"enemies":"Jaw Worm","floor":2.0,"turns":4.0},{"damage":0.0,"enemies":"Cultist","floor":4.0,"turns":3.0},{"damage":14.0,"enemies":"3 Sentries","floor":6.0,"turns":8.0},{"damage":26.0,"enemies":"Gremlin Nob","floor":8.0,"turns":6.0},{"damage":7.0,"enemies":"Gremlin Gang","floor":11.0,"turns":4.0},{"damage":19.0,"enemies":"Lagavulin","floor":13.0,"turns":7.0},{"damage":10.0,"enemies":"Lots of Slimes","floor":14.0,"turns":4.0},{"damage":26,"enemies":"The Guardian","floor":16,"turns":10},{"damage":43,"enemies":"Spheric Guardian","floor":18,"turns":9},{"damage":27,"enemies":"Shell Parasite","floor":20,"turns":7},{"damage":20,"enemies":"Snake Plant","floor":21,"turns":3}],"seed_played":"4684002174186288539","potions_obtained":[{"floor":1.0,"key":"Energy Potion"},{"floor":8.0,"key":"Ancient Potion"},{"floor":16,"key":"LiquidMemories"},{"floor":20,"key":"SkillPotion"}],"is_trial":false,"path_per_floor":["M","M","$","M","?","E","?","E","T","R","M","R","E","M","R","B",null,"M","?","M","M"],"character_chosen":"IRONCLAD","items_purchased":["Carnage","Shrug It Off"],"campfire_rested":0,"item_purchase_floors":[3,3],"current_hp_per_floor":[68,65,65,71,71,63,63,43,43,43,42,42,43,39,39,19,72,38,38,20,0],"gold":425,"neow_bonus":"TWO_FIFTY_GOLD","is_prod":false,"is_daily":false,"chose_seed":false,"campfire_upgraded":3,"win_rate":0,"timestamp":1579647366,"path_taken":["M","M","$","M","?","E","?","E","T","R","M","R","E","M","R","BOSS","M","?","M","M"],"build_version":"2020-01-21","purchased_purges":1,"victory":false,"max_hp_per_floor":[75,75,75,75,75,75,75,75,75,75,75,75,89,89,89,89,89,92,92,95,95],"card_choices":[{"not_picked":["Warcry","Perfected Strike"],"picked":"Rampage","floor":1.0},{"not_picked":["Havoc","Burning Pact","Bloodletting"],"picked":"SKIP","floor":2.0},{"not_picked":["Armaments","Perfected Strike"],"picked":"Clothesline","floor":4.0},{"not_picked":["True Grit","Uppercut"],"picked":"Shrug It Off","floor":6.0},{"not_picked":["Havoc","Twin Strike","Flex"],"picked":"SKIP","floor":8.0},{"not_picked":["Intimidate","Second Wind"],"picked":"Headbutt","floor":11.0},{"not_picked":["Warcry","Infernal Blade"],"picked":"Shockwave","floor":13.0},{"not_picked":["Body Slam","Cleave","Clothesline"],"picked":"SKIP","floor":14.0},{"not_picked":["Exhume","Corruption+1"],"picked":"Feed","floor":16},{"not_picked":["Cleave","Wild Strike"],"picked":"Combust+1","floor":18},{"not_picked":["Second Wind","Pummel","Pommel Strike"],"picked":"SKIP","floor":20}],"player_experience":2026762,"relics_obtained":[{"floor":6.0,"key":"Orichalcum"},{"floor":8.0,"key":"Frozen Egg 2"},{"floor":9.0,"key":"Ancient Tea Set"},{"floor":13.0,"key":"Mango"}],"event_choices":[{"damage_healed":0.0,"max_hp_gain":0.0,"max_hp_loss":0.0,"gold_gain":0.0,"event_name":"Liars Game","player_choice":"Ignored","floor":5.0,"gold_loss":0.0,"damage_taken":0.0},{"cards_removed":["Strike_R"],"damage_healed":0.0,"max_hp_gain":0.0,"max_hp_loss":0.0,"gold_gain":0.0,"event_name":"Purifier","player_choice":"Purged","floor":7.0,"gold_loss":0.0,"damage_taken":0.0},{"damage_healed":0,"gold_gain":0,"player_choice":"0 cards matched","damage_taken":0,"max_hp_gain":0,"max_hp_loss":0,"event_name":"Match and Keep!","floor":19,"gold_loss":0,"cards_obtained":[]}],"is_beta":true,"boss_relics":[{"not_picked":["SacredBark","Mark of Pain"],"picked":"SlaversCollar"}],"items_purged_floors":[3],"is_endless":false,"potions_floor_spawned":[1,8,16,20],"killed_by":"Snake Plant","ascension_level":20}