{"gold_per_floor":[119,194,210,0,18,50,50,80,103,103,103,103,28,54,54,54],"floor_reached":16,"playtime":755,"items_purged":["Strike_R"],"score":282,"play_id":"67bee93e-0932-46c2-bfd8-676ba39fd5dd","local_time":"20200126215525","is_ascension_mode":true,"campfire_choices":[{"floor":7,"key":"REST"},{"floor":10,"key":"REST"},{"data":"Combust","floor":15,"key":"SMITH"}],"neow_cost":"NONE","seed_source_timestamp":1018095783125200,"circlet_count":0,"master_deck":["AscendersBane","Strike_R","Strike_R+1","Strike_R","Strike_R","Defend_R","Defend_R","Defend_R","Defend_R","Bash","Anger+1","Combust+1","Impervious","Pommel Strike","Battle Trance","Offering"],"relics":["Burning Blood","Whetstone","Art of War","Oddly Smooth Stone","Tiny Chest","Ancient Tea Set"],"potions_floor_usage":[8,14],"damage_taken":[{"damage":16,"enemies":"Jaw Worm","floor":1,"turns":5},{"damage":2,"enemies":"2 Louse","floor":3,"turns":3},{"damage":7,"enemies":"Small Slimes","floor":5,"turns":3},{"damage":55,"enemies":"Gremlin Nob","floor":6,"turns":5},{"damage":28,"enemies":"3 Sentries","floor":8,"turns":7},{"damage":3,"enemies":"Lagavulin","floor":14,"turns":5},{"damage":55,"enemies":"Hexaghost","floor":16,"turns":7}],"seed_played":"-5742956321606702914","potions_obtained":[{"floor":1,"key":"Regen Potion"},{"floor":8,"key":"SpeedPotion"}],"is_trial":false,"path_per_floor":["M","?","M","$","M","E","R","E","T","R","?","?","$","E","R","B"],"character_chosen":"IRONCLAD","items_purchased":["Combust","Whetstone"],"campfire_rested":2,"item_purchase_floors":[4,4],"current_hp_per_floor":[65,54,58,58,57,8,32,25,25,49,49,49,49,52,52,0],"gold":54,"neow_bonus":"TEN_PERCENT_HP_BONUS","is_prod":false,"is_daily":false,"chose_seed":false,"campfire_upgraded":1,"win_rate":0,"timestamp":1580075725,"path_taken":["M","?","M","$","M","E","R","E","T","R","?","?","$","E","R","BOSS"],"build_version":"2020-01-21","purchased_purges":1,"victory":false,"max_hp_per_floor":[82,82,82,82,82,82,82,82,82,82,82,82,82,82,82,82],"card_choices":[{"not_picked":["Shockwave","Body Slam"],"picked":"Anger","floor":1},{"not_picked":["Havoc","True Grit","Body Slam"],"picked":"SKIP","floor":3},{"not_picked":["Evolve","Armaments"],"picked":"Impervious","floor":5},{"not_picked":["Shrug It Off","Thunderclap"],"picked":"Pommel Strike","floor":6},{"not_picked":["Sword Boomerang","Warcry"],"picked":"Battle Trance","floor":8},{"not_picked":["Battle Trance","Hemokinesis"],"picked":"Offering","floor":14}],"player_experience":2069784,"relics_obtained":[{"floor":6,"key":"Art of War"},{"floor":8,"key":"Oddly Smooth Stone"},{"floor":9,"key":"Tiny Chest"},{"floor":14,"key":"Ancient Tea Set"}],"event_choices":[{"damage_healed":0,"gold_gain":75,"player_choice":"Gather Gold","damage_taken":11,"max_hp_gain":0,"max_hp_loss":0,"event_name":"World of Goop","floor":2,"gold_loss":0},{"damage_healed":0,"gold_gain":0,"player_choice":"Ignored","damage_taken":0,"max_hp_gain":0,"max_hp_loss":0,"event_name":"Liars Game","floor":11,"gold_loss":0},{"damage_healed":0,"gold_gain":0,"player_choice":"Leave","damage_taken":0,"max_hp_gain":0,"max_hp_loss":0,"event_name":"The Cleric","floor":12,"gold_loss":0}],"is_beta":true,"boss_relics":[],"items_purged_floors":[13],"is_endless":false,"potions_floor_spawned":[1,8],"killed_by":"Hexaghost","ascension_level":20}