{"gold_per_floor":[219,219,238,252,18,53,53,53,103,172,172,242,269,287,287,364,364,383,433,123,173,223,223,239,267,267,296,314,314,333,433,433,508,508,519,569,583,633,652,652],"floor_reached":40,"playtime":2425,"items_purged":["Strike_R"],"score":943,"play_id":"5d1d5f7a-da6c-4db9-813c-55392eaed54d","local_time":"20200126230737","is_ascension_mode":true,"campfire_choices":[{"data":"Spot Weakness","floor":8,"key":"SMITH"},{"data":"Limit Break","floor":15,"key":"SMITH"},{"floor":23,"key":"REST"},{"floor":29,"key":"RECALL"},{"floor":32,"key":"REST"}],"neow_cost":"NONE","seed_source_timestamp":1020756391778900,"circlet_count":0,"master_deck":["AscendersBane","Strike_R","Strike_R+1","Strike_R","Strike_R","Defend_R+1","Defend_R","Defend_R","Defend_R","Bash+1","Headbutt","Clothesline","Battle Trance+1","Spot Weakness+1","Limit Break+1","Limit Break+1","Heavy Blade","Impervious","Flame Barrier","Master of Strategy","Pummel","Reaper","Battle Trance","Disarm"],"relics":["Burning Blood","Lantern","Whetstone","War Paint","SsserpentHead","Juzu Bracelet","Fusion Hammer","Ancient Tea Set","MutagenicStrength","Akabeko","Blue Candle","Philosopher\u0027s Stone"],"potions_floor_usage":[6,13,16,25,39,40],"damage_taken":[{"damage":14,"enemies":"Jaw Worm","floor":1,"turns":3},{"damage":7,"enemies":"Small Slimes","floor":3,"turns":3},{"damage":8,"enemies":"2 Louse","floor":4,"turns":3},{"damage":26,"enemies":"Gremlin Nob","floor":6,"turns":5},{"damage":5,"enemies":"Red Slaver","floor":12,"turns":4},{"damage":15,"enemies":"Lagavulin","floor":13,"turns":3},{"damage":3,"enemies":"3 Louse","floor":14,"turns":3},{"damage":25,"enemies":"The Guardian","floor":16,"turns":7},{"damage":13,"enemies":"Spheric Guardian","floor":18,"turns":4},{"damage":12,"enemies":"2 Thieves","floor":24,"turns":4},{"damage":18,"enemies":"Gremlin Leader","floor":25,"turns":3},{"damage":16,"enemies":"Book of Stabbing","floor":27,"turns":4},{"damage":18,"enemies":"Snake Plant","floor":28,"turns":4},{"damage":1,"enemies":"Snecko","floor":30,"turns":3},{"damage":68,"enemies":"Champ","floor":33,"turns":11},{"damage":17,"enemies":"Orb Walker","floor":35,"turns":3},{"damage":10,"enemies":"3 Darklings","floor":37,"turns":4},{"damage":21,"enemies":"Jaw Worm Horde","floor":39,"turns":2},{"damage":87,"enemies":"Reptomancer","floor":40,"turns":6}],"seed_played":"-186299961445839212","potions_obtained":[{"floor":4,"key":"Block Potion"},{"floor":12,"key":"Strength Potion"},{"floor":14,"key":"SteroidPotion"},{"floor":16,"key":"LiquidMemories"},{"floor":18,"key":"GamblersBrew"},{"floor":27,"key":"DuplicationPotion"},{"floor":35,"key":"SteroidPotion"},{"floor":39,"key":"Explosive Potion"}],"is_trial":false,"path_per_floor":["M","?","M","M","$","E","$","R","T","?","?","M","E","M","R","B",null,"M","?","$","?","?","R","M","E","T","E","M","R","M","?","R","B",null,"M","?","M","?","M","E"],"character_chosen":"IRONCLAD","items_purchased":["Lantern","Spot Weakness","Master of Strategy","Fire Potion"],"campfire_rested":2,"item_purchase_floors":[5,5,20,20],"current_hp_per_floor":[60,65,64,62,62,42,42,42,42,42,42,43,34,37,37,18,65,58,58,58,58,58,80,74,62,62,69,63,63,80,80,80,80,80,69,69,72,72,76,0],"gold":652,"neow_bonus":"HUNDRED_GOLD","is_prod":false,"is_daily":false,"chose_seed":false,"campfire_upgraded":2,"win_rate":0,"timestamp":1580080057,"path_taken":["M","?","M","M","$","E","$","R","T","?","?","?","E","M","R","BOSS","M","?","$","?","?","R","M","E","T","E","M","R","M","?","R","BOSS","M","?","M","?","M","E"],"build_version":"2020-01-21","purchased_purges":1,"victory":false,"max_hp_per_floor":[75,80,80,80,80,80,80,80,80,80,80,80,80,80,80,80,80,80,80,80,80,80,80,80,80,80,80,80,80,80,80,80,80,80,80,76,76,76,76,76],"card_choices":[{"not_picked":["Iron Wave","Dual Wield"],"picked":"Headbutt","floor":1},{"not_picked":["Thunderclap","Twin Strike"],"picked":"Clothesline","floor":3},{"not_picked":["Ghostly Armor","Heavy Blade"],"picked":"Battle Trance","floor":4},{"not_picked":["Havoc","Infernal Blade"],"picked":"Limit Break","floor":6},{"not_picked":["Rage","Pommel Strike","Clothesline"],"picked":"SKIP","floor":12},{"not_picked":["Twin Strike","Iron Wave"],"picked":"Limit Break","floor":13},{"not_picked":["Iron Wave","Armaments"],"picked":"Heavy Blade","floor":14},{"not_picked":["Berserk","Double Tap"],"picked":"Impervious","floor":16},{"not_picked":["Flex","Entrench"],"picked":"Flame Barrier","floor":18},{"not_picked":["Shockwave","Wild Strike"],"picked":"Pummel","floor":24},{"not_picked":["Body Slam","Flex"],"picked":"Reaper","floor":25},{"not_picked":["Perfected Strike","Clothesline"],"picked":"Battle Trance","floor":27},{"not_picked":["Fire Breathing","Clash+1","Warcry"],"picked":"SKIP","floor":28},{"not_picked":["Rupture","Sentinel","Evolve"],"picked":"SKIP","floor":30},{"not_picked":["Warcry","Heavy Blade","Combust"],"picked":"SKIP","floor":35},{"not_picked":["Clash","Heavy Blade","Thunderclap"],"picked":"SKIP","floor":37},{"not_picked":["Body Slam","True Grit"],"picked":"Disarm","floor":39}],"player_experience":2071345,"relics_obtained":[{"floor":6,"key":"Whetstone"},{"floor":9,"key":"War Paint"},{"floor":13,"key":"Juzu Bracelet"},{"floor":19,"key":"Ancient Tea Set"},{"floor":25,"key":"Akabeko"},{"floor":27,"key":"Blue Candle"}],"event_choices":[{"damage_healed":0,"gold_gain":0,"player_choice":"Donut","damage_taken":0,"max_hp_gain":5,"max_hp_loss":0,"event_name":"Big Fish","floor":2,"gold_loss":0},{"damage_healed":0,"gold_gain":69,"player_choice":"Gained Gold","damage_taken":0,"max_hp_gain":0,"max_hp_loss":0,"event_name":"Golden Wing","floor":10,"gold_loss":0},{"damage_healed":0,"gold_gain":0,"player_choice":"Trade","damage_taken":0,"relics_obtained":["SsserpentHead"],"max_hp_gain":0,"max_hp_loss":0,"event_name":"FaceTrader","floor":11,"gold_loss":0},{"damage_healed":0,"gold_gain":0,"player_choice":"Relic","damage_taken":0,"max_hp_gain":0,"max_hp_loss":0,"event_name":"Wheel of Change","floor":19,"gold_loss":0},{"damage_healed":0,"gold_gain":0,"player_choice":"Inject Mutagens","damage_taken":0,"relics_obtained":["MutagenicStrength"],"max_hp_gain":0,"max_hp_loss":0,"event_name":"Drug Dealer","floor":21,"gold_loss":0},{"damage_healed":0,"gold_gain":0,"player_choice":"Forge","damage_taken":0,"max_hp_gain":0,"max_hp_loss":0,"event_name":"Accursed Blacksmith","floor":22,"gold_loss":0,"cards_upgraded":["Limit Break"]},{"damage_healed":0,"gold_gain":50,"player_choice":"Pray","damage_taken":0,"max_hp_gain":0,"max_hp_loss":0,"event_name":"Golden Shrine","floor":31,"gold_loss":0},{"damage_healed":0,"gold_gain":0,"player_choice":"Max HP","damage_taken":0,"max_hp_gain":0,"max_hp_loss":4,"event_name":"Winding Halls","floor":36,"gold_loss":0},{"damage_healed":0,"gold_gain":0,"player_choice":"Ignored","damage_taken":0,"max_hp_gain":0,"max_hp_loss":0,"event_name":"Tomb of Lord Red Mask","floor":38,"gold_loss":0}],"is_beta":true,"boss_relics":[{"not_picked":["SacredBark","Mark of Pain"],"picked":"Fusion Hammer"},{"not_picked":["Runic Cube","Runic Pyramid"],"picked":"Philosopher\u0027s Stone"}],"items_purged_floors":[20],"is_endless":false,"potions_floor_spawned":[4,12,14,16,18,27,28,30,35,37,39],"killed_by":"Reptomancer","ascension_level":20}