{"gold_per_floor":[16,16,27,44,63,91,91,119,119,130,55,84,110,140,140,214,214,226,226,11,25,35,35,66,66,66,66,13,46,46,46,46,120,120,140,165,176,66,91,132,132,152,152,152,174,174,117,137,137,137,137],"floor_reached":51,"playtime":4230,"items_purged":["Strike_R","Strike_R"],"score":1532,"play_id":"600a73e7-4342-4d4c-9ae8-39b979dc02ae","local_time":"20200126093804","is_ascension_mode":true,"campfire_choices":[{"data":"Bash","floor":7,"key":"SMITH"},{"data":"Uppercut","floor":15,"key":"SMITH"},{"data":"Cleave","floor":23,"key":"SMITH"},{"data":"Metallicize","floor":25,"key":"SMITH"},{"data":"Pommel Strike","floor":27,"key":"SMITH"},{"data":"Feed","floor":30,"key":"SMITH"},{"floor":32,"key":"REST"},{"floor":41,"key":"REST"},{"floor":46,"key":"REST"},{"floor":49,"key":"RECALL"}],"neow_cost":"NO_GOLD","seed_source_timestamp":970378536589800,"circlet_count":0,"master_deck":["AscendersBane","Strike_R","Strike_R","Defend_R","Defend_R","Defend_R","Bash+1","Carnage+1","Pommel Strike+1","Cleave+1","Uppercut+1","Metallicize+1","Battle Trance+1","Feed+1","Ghostly Armor+1","Headbutt","Flex+1","True Grit+1","True Grit+1","Infernal Blade+1","Ghostly Armor+1","Flex+1"],"relics":["Burning Blood","Tiny Chest","Orichalcum","PreservedInsect","Toxic Egg 2","Odd Mushroom","Letter Opener","SacredBark","Ancient Tea Set","Incense Burner","Anchor","Mark of Pain","TungstenRod","CeramicFish","StrikeDummy"],"potions_floor_usage":[8,13,16,18,22,24,29,33,40,40,48,50,50],"damage_taken":[{"damage":7,"enemies":"Jaw Worm","floor":1,"turns":3},{"damage":0,"enemies":"Small Slimes","floor":3,"turns":3},{"damage":0,"enemies":"Cultist","floor":4,"turns":2},{"damage":7,"enemies":"Exordium Thugs","floor":5,"turns":4},{"damage":8,"enemies":"Gremlin Nob","floor":6,"turns":3},{"damage":24,"enemies":"Lagavulin","floor":8,"turns":5},{"damage":0,"enemies":"3 Louse","floor":10,"turns":3},{"damage":8,"enemies":"3 Sentries","floor":12,"turns":4},{"damage":3,"enemies":"The Mushroom Lair","floor":13,"turns":3},{"damage":0,"enemies":"Gremlin Nob","floor":14,"turns":2},{"damage":27,"enemies":"Hexaghost","floor":16,"turns":9},{"damage":34,"enemies":"3 Byrds","floor":18,"turns":7},{"damage":20,"enemies":"Spheric Guardian","floor":21,"turns":6},{"damage":0,"enemies":"Centurion and Healer","floor":22,"turns":3},{"damage":5,"enemies":"Book of Stabbing","floor":24,"turns":3},{"damage":0,"enemies":"Slavers","floor":29,"turns":2},{"damage":50,"enemies":"Automaton","floor":33,"turns":11},{"damage":12,"enemies":"3 Shapes","floor":35,"turns":5},{"damage":60,"enemies":"3 Darklings","floor":37,"turns":6},{"damage":5,"enemies":"Mind Bloom Boss Battle","floor":39,"turns":9},{"damage":48,"enemies":"Reptomancer","floor":40,"turns":8},{"damage":11,"enemies":"Jaw Worm Horde","floor":42,"turns":6},{"damage":43,"enemies":"Maw","floor":45,"turns":8},{"damage":4,"enemies":"3 Darklings","floor":48,"turns":9},{"damage":95,"enemies":"Awakened One","floor":50,"turns":22},{"damage":21,"enemies":"Donu and Deca","floor":51,"turns":3}],"seed_played":"-5943538401344849807","potions_obtained":[{"floor":1,"key":"BlessingOfTheForge"},{"floor":4,"key":"Explosive Potion"},{"floor":8,"key":"SkillPotion"},{"floor":12,"key":"BlessingOfTheForge"},{"floor":13,"key":"PowerPotion"},{"floor":18,"key":"DistilledChaos"},{"floor":24,"key":"Ancient Potion"},{"floor":40,"key":"GamblersBrew"},{"floor":45,"key":"AttackPotion"},{"floor":48,"key":"DuplicationPotion"}],"is_trial":false,"path_per_floor":["M","?","M","M","M","E","R","E","T","M","$","E","?","E","R","B",null,"M","?","$","M","M","R","E","R","T","R","$","E","R","$","R","B",null,"M","T","M","$","?","E","R","M","T","?","M","R","$","M","R","B","B"],"character_chosen":"IRONCLAD","items_purchased":["LiquidBronze","Headbutt","Energy Potion","PowerPotion","BloodPotion","BloodPotion"],"campfire_rested":3,"item_purchase_floors":[20,20,28,38,38,47],"current_hp_per_floor":[67,67,73,75,74,72,72,54,54,60,60,58,61,67,67,46,68,43,43,43,32,41,41,45,45,45,45,45,54,54,54,81,37,77,75,75,25,25,30,28,58,57,57,57,20,51,51,101,101,12,0],"gold":137,"neow_bonus":"REMOVE_TWO","is_prod":false,"is_daily":false,"chose_seed":false,"campfire_upgraded":6,"win_rate":0,"timestamp":1580031484,"path_taken":["M","?","M","M","M","E","R","E","T","M","$","E","?","E","R","BOSS","M","?","$","M","M","R","E","R","T","R","$","E","R","?","R","BOSS","M","?","M","$","?","E","R","M","T","?","M","R","$","M","R","BOSS","BOSS"],"build_version":"2020-01-21","purchased_purges":2,"victory":false,"max_hp_per_floor":[75,75,75,75,75,75,75,75,75,75,75,75,75,75,75,75,75,78,78,78,81,84,84,87,87,87,87,87,90,90,90,90,90,90,94,94,98,98,102,102,102,106,106,106,106,106,106,110,110,110,110],"card_choices":[{"not_picked":["Heavy Blade","Bloodletting"],"picked":"Carnage","floor":1},{"not_picked":["Fire Breathing","Shrug It Off"],"picked":"Pommel Strike","floor":3},{"not_picked":["Iron Wave","Dual Wield","Sever Soul"],"picked":"SKIP","floor":4},{"not_picked":["Armaments","Warcry"],"picked":"Cleave","floor":5},{"not_picked":["Infernal Blade","Twin Strike","Brutality"],"picked":"SKIP","floor":6},{"not_picked":["Burning Pact","Warcry","Heavy Blade"],"picked":"SKIP","floor":8},{"not_picked":["Searing Blow","Sentinel"],"picked":"Uppercut","floor":10},{"not_picked":["Iron Wave","Dark Embrace"],"picked":"Metallicize","floor":12},{"not_picked":["Reaper","Metallicize"],"picked":"Battle Trance+1","floor":14},{"not_picked":["Barricade","Demon Form"],"picked":"Feed","floor":16},{"not_picked":["Anger","Sword Boomerang"],"picked":"Ghostly Armor+1","floor":18},{"not_picked":["Perfected Strike","Whirlwind"],"picked":"Flex+1","floor":21},{"not_picked":["Wild Strike","Armaments+1","Fiend Fire"],"picked":"SKIP","floor":22},{"not_picked":["Bludgeon","Iron Wave","Entrench+1"],"picked":"SKIP","floor":24},{"not_picked":["Anger+1","Iron Wave"],"picked":"True Grit+1","floor":29},{"not_picked":["Warcry+1","Cleave+1"],"picked":"True Grit+1","floor":35},{"not_picked":["Cleave","Heavy Blade","Thunderclap"],"picked":"SKIP","floor":37},{"not_picked":["Sword Boomerang","Clash"],"picked":"Infernal Blade+1","floor":39},{"not_picked":["Reaper","Body Slam+1"],"picked":"Ghostly Armor+1","floor":40},{"not_picked":["Blood for Blood+1","Havoc+1","Warcry+1"],"picked":"SKIP","floor":42},{"not_picked":["Clash","Havoc+1"],"picked":"Flex+1","floor":45},{"not_picked":["Rupture+1","Sword Boomerang+1","Feel No Pain"],"picked":"SKIP","floor":48}],"player_experience":2054847,"relics_obtained":[{"floor":6,"key":"Tiny Chest"},{"floor":8,"key":"Orichalcum"},{"floor":9,"key":"PreservedInsect"},{"floor":12,"key":"Toxic Egg 2"},{"floor":13,"key":"Odd Mushroom"},{"floor":14,"key":"Letter Opener"},{"floor":24,"key":"Ancient Tea Set"},{"floor":26,"key":"Incense Burner"},{"floor":29,"key":"Anchor"},{"floor":39,"key":"TungstenRod"},{"floor":40,"key":"CeramicFish"},{"floor":43,"key":"StrikeDummy"}],"event_choices":[{"damage_healed":0,"gold_gain":0,"player_choice":"Grow","damage_taken":0,"max_hp_gain":0,"max_hp_loss":0,"event_name":"Living Wall","floor":2,"gold_loss":0,"cards_upgraded":["Carnage"]},{"damage_healed":0,"gold_gain":0,"player_choice":"Fought Mushrooms","damage_taken":0,"max_hp_gain":0,"max_hp_loss":0,"event_name":"Mushrooms","floor":13,"gold_loss":0},{"damage_healed":0,"gold_gain":0,"player_choice":"Ignored","damage_taken":0,"max_hp_gain":0,"max_hp_loss":0,"event_name":"Vampires","floor":19,"gold_loss":0},{"damage_healed":0,"gold_gain":0,"player_choice":"Fight","damage_taken":0,"max_hp_gain":0,"max_hp_loss":0,"event_name":"MindBloom","floor":39,"gold_loss":0},{"damage_healed":0,"gold_gain":0,"player_choice":"Ignored","damage_taken":0,"max_hp_gain":0,"max_hp_loss":0,"event_name":"Mysterious Sphere","floor":44,"gold_loss":0}],"is_beta":true,"boss_relics":[{"not_picked":["Tiny House","Runic Dome"],"picked":"SacredBark"},{"not_picked":["Black Star","Busted Crown"],"picked":"Mark of Pain"}],"items_purged_floors":[11,20],"is_endless":false,"potions_floor_spawned":[1,4,8,12,13,18,24,39,40,45,48],"killed_by":"Donu and Deca","ascension_level":20}