{"gold_per_floor":[118,138,138,152,164,198,212,212,236,3,3,35,35,64,64,140,140,158,172,172,172,15,48,68,101,127,35,67,67,95,120,120,198,198,217,4,23,39,52,85,85,104,104,104,104,134,151,162,162,162,162,162,162,53,82,82],"floor_reached":56,"playtime":3526,"items_purged":["Strike_R","Strike_R"],"score":2060,"play_id":"19c075be-7f7c-4808-95a6-7081d4341471","local_time":"20200126112020","is_ascension_mode":true,"campfire_choices":[{"data":"Perfected Strike","floor":8.0,"key":"SMITH"},{"data":"Perfected Strike","floor":11.0,"key":"SMITH"},{"data":"Bash","floor":15.0,"key":"SMITH"},{"data":"Bludgeon","floor":29.0,"key":"SMITH"},{"floor":32,"key":"REST"},{"data":"Double Tap","floor":41,"key":"SMITH"},{"data":"Shrug It Off","floor":45,"key":"SMITH"},{"floor":49,"key":"RECALL"},{"floor":53,"key":"REST"}],"neow_cost":"NONE","seed_source_timestamp":977189730367600,"circlet_count":0,"master_deck":["AscendersBane","Strike_R","Strike_R","Strike_R","Defend_R","Defend_R","Defend_R","Defend_R","Bash+1","Perfected Strike+1","Pommel Strike","Perfected Strike+1","Bludgeon+1","Clothesline+1","Metallicize","Dark Shackles","Double Tap+1","Shrug It Off","Shrug It Off+1","Battle Trance+1","Barricade","Flame Barrier","Carnage+1"],"special_seed":0,"relics":["Burning Blood","CaptainsWheel","Nunchaku","Medical Kit","Bag of Marbles","Orichalcum","Velvet Choker","MutagenicStrength","Sling","Gremlin Horn","Strawberry","PreservedInsect","Kunai","Red Mask","Paper Frog","Snecko Eye","Lizard Tail","TungstenRod","Regal Pillow","Letter Opener"],"potions_floor_usage":[33,33,48,50,50,55],"damage_taken":[{"damage":6.0,"enemies":"Cultist","floor":1.0,"turns":3.0},{"damage":7.0,"enemies":"Jaw Worm","floor":2.0,"turns":3.0},{"damage":2.0,"enemies":"2 Louse","floor":4.0,"turns":3.0},{"damage":12.0,"enemies":"Looter","floor":5.0,"turns":3.0},{"damage":8.0,"enemies":"Gremlin Nob","floor":6.0,"turns":3.0},{"damage":11.0,"enemies":"Blue Slaver","floor":7.0,"turns":3.0},{"damage":12.0,"enemies":"Lagavulin","floor":12.0,"turns":6.0},{"damage":7.0,"enemies":"3 Sentries","floor":14.0,"turns":9.0},{"damage":38.0,"enemies":"Hexaghost","floor":16.0,"turns":8.0},{"damage":0.0,"enemies":"Chosen","floor":18.0,"turns":3.0},{"damage":9.0,"enemies":"Shell Parasite","floor":19.0,"turns":2.0},{"damage":27.0,"enemies":"Gremlin Leader","floor":23.0,"turns":5.0},{"damage":12.0,"enemies":"Snake Plant","floor":24.0,"turns":2.0},{"damage":11.0,"enemies":"Slavers","floor":25.0,"turns":3.0},{"damage":0.0,"enemies":"Gremlin Leader","floor":28.0,"turns":3.0},{"damage":0.0,"enemies":"Masked Bandits","floor":30.0,"turns":2.0},{"damage":4,"enemies":"Book of Stabbing","floor":31,"turns":2},{"damage":64,"enemies":"Collector","floor":33,"turns":14},{"damage":9,"enemies":"3 Shapes","floor":35,"turns":8},{"damage":0,"enemies":"Orb Walker","floor":37,"turns":1},{"damage":9,"enemies":"Transient","floor":38,"turns":6},{"damage":0,"enemies":"Spire Growth","floor":39,"turns":2},{"damage":31,"enemies":"Giant Head","floor":40,"turns":5},{"damage":0,"enemies":"Sphere and 2 Shapes","floor":42,"turns":4},{"damage":0,"enemies":"Nemesis","floor":46,"turns":1},{"damage":0,"enemies":"Jaw Worm Horde","floor":47,"turns":4},{"damage":0,"enemies":"Spire Growth","floor":48,"turns":2},{"damage":54,"enemies":"Time Eater","floor":50,"turns":8},{"damage":29,"enemies":"Donu and Deca","floor":51,"turns":12},{"damage":14,"enemies":"Shield and Spear","floor":55,"turns":8},{"damage":136,"enemies":"The Heart","floor":56,"turns":9}],"seed_played":"-3886828871763608937","potions_obtained":[{"floor":2.0,"key":"SkillPotion"},{"floor":6.0,"key":"PowerPotion"},{"floor":7.0,"key":"ColorlessPotion"},{"floor":12.0,"key":"EssenceOfSteel"},{"floor":23.0,"key":"SpeedPotion"},{"floor":30.0,"key":"PowerPotion"},{"floor":33,"key":"Weak Potion"},{"floor":42,"key":"BloodPotion"},{"floor":48,"key":"DuplicationPotion"}],"is_trial":false,"path_per_floor":["M","M","?","M","M","E","M","R","T","$","R","E","T","E","R","B",null,"M","M","?","?","$","E","M","E","T","$","E","R","?","E","R","B",null,"M","$","M","M","M","E","R","M","T","?","R","E","M","M","R","B","B",null,"R","$","E","B"],"character_chosen":"IRONCLAD","items_purchased":["Medical Kit","Sling","Dark Shackles","Shrug It Off","Ancient Potion","SteroidPotion","Swift Potion"],"campfire_rested":2,"item_purchase_floors":[10,22,27,36,36,54,54],"current_hp_per_floor":[75,74,74,78,72,70,65,65,65,65,65,59,59,58,58,26,68,74,71,71,71,71,50,44,46,46,46,52,52,58,60,86,28,74,71,71,77,74,80,55,55,61,61,61,61,67,73,85,85,37,14,67,85,85,77,0],"gold":82,"neow_bonus":"TEN_PERCENT_HP_BONUS","is_prod":false,"is_daily":false,"chose_seed":false,"campfire_upgraded":6,"win_rate":0,"timestamp":1580037620,"path_taken":["M","M","?","M","M","E","M","R","T","$","R","E","?","E","R","BOSS","M","M","?","?","$","E","M","E","T","?","E","R","?","E","R","BOSS","M","$","M","M","M","E","R","M","T","?","R","E","M","M","R","BOSS","BOSS","R","$","E","BOSS"],"build_version":"2020-01-21","purchased_purges":2,"victory":false,"max_hp_per_floor":[82,82,82,82,82,82,82,82,82,82,82,82,82,82,82,82,82,82,82,82,82,82,82,82,89,89,89,89,89,89,89,89,89,89,89,89,89,89,89,89,89,89,89,85,85,85,85,85,85,85,85,85,85,85,85,85],"card_choices":[{"not_picked":["Cleave","Clash"],"picked":"Perfected Strike","floor":1.0},{"not_picked":["Thunderclap","Clash","Havoc"],"picked":"SKIP","floor":2.0},{"not_picked":["Rupture","Rage","Armaments"],"picked":"SKIP","floor":4.0},{"not_picked":["Combust","Shrug It Off"],"picked":"Pommel Strike","floor":5.0},{"not_picked":["Wild Strike","Dual Wield"],"picked":"Perfected Strike","floor":6.0},{"not_picked":["Burning Pact","Flex","Twin Strike"],"picked":"SKIP","floor":7.0},{"not_picked":["Sword Boomerang","Anger","Brutality"],"picked":"SKIP","floor":12.0},{"not_picked":["Clothesline","Anger","Thunderclap"],"picked":"SKIP","floor":14.0},{"not_picked":["Limit Break","Fiend Fire"],"picked":"Bludgeon","floor":16.0},{"not_picked":["Perfected Strike","Havoc"],"picked":"Clothesline+1","floor":18.0},{"not_picked":["Rage","Inflame","Sword Boomerang+1"],"picked":"SKIP","floor":19.0},{"not_picked":["Clothesline","Burning Pact","Evolve"],"picked":"SKIP","floor":23.0},{"not_picked":["Rupture+1","Pummel"],"picked":"Metallicize","floor":24.0},{"not_picked":["Sword Boomerang+1","Rage","Carnage"],"picked":"SKIP","floor":25.0},{"not_picked":["Armaments","Rupture","Flex"],"picked":"SKIP","floor":28.0},{"not_picked":["Feel No Pain","Bloodletting+1","Sentinel"],"picked":"SKIP","floor":31},{"not_picked":["Limit Break","Exhume"],"picked":"Double Tap","floor":33},{"not_picked":["Clash","Clothesline+1"],"picked":"Shrug It Off","floor":35},{"not_picked":["Flex+1","Uppercut"],"picked":"Battle Trance+1","floor":37},{"not_picked":["Body Slam","Iron Wave+1","Thunderclap+1"],"picked":"SKIP","floor":38},{"not_picked":["Warcry+1","Flex+1","Thunderclap+1"],"picked":"SKIP","floor":39},{"not_picked":["Rupture","Headbutt"],"picked":"Barricade","floor":40},{"not_picked":["Warcry","Ghostly Armor","Clothesline+1"],"picked":"SKIP","floor":42},{"not_picked":["Cleave+1","Seeing Red"],"picked":"Flame Barrier","floor":46},{"not_picked":["Double Tap","Body Slam","Warcry"],"picked":"SKIP","floor":47},{"not_picked":["Headbutt","Blood for Blood"],"picked":"Carnage+1","floor":48},{"not_picked":["Sever Soul","Flex+1","Reckless Charge"],"picked":"SKIP","floor":55}],"player_experience":2059605,"relics_obtained":[{"floor":6.0,"key":"CaptainsWheel"},{"floor":9.0,"key":"Nunchaku"},{"floor":12.0,"key":"Bag of Marbles"},{"floor":14.0,"key":"Orichalcum"},{"floor":23.0,"key":"Gremlin Horn"},{"floor":25.0,"key":"Strawberry"},{"floor":26.0,"key":"PreservedInsect"},{"floor":28.0,"key":"Kunai"},{"floor":30.0,"key":"Red Mask"},{"floor":31,"key":"Paper Frog"},{"floor":40,"key":"Lizard Tail"},{"floor":43,"key":"TungstenRod"},{"floor":46,"key":"Regal Pillow"},{"floor":55,"key":"Letter Opener"}],"event_choices":[{"damage_healed":0.0,"max_hp_gain":0.0,"max_hp_loss":0.0,"gold_gain":0.0,"event_name":"Liars Game","player_choice":"Ignored","floor":3.0,"gold_loss":0.0,"damage_taken":0.0},{"damage_healed":0.0,"max_hp_gain":0.0,"max_hp_loss":0.0,"gold_gain":0.0,"event_name":"Vampires","player_choice":"Ignored","floor":20.0,"gold_loss":0.0,"damage_taken":0.0},{"damage_healed":0.0,"max_hp_gain":0.0,"max_hp_loss":0.0,"gold_gain":0.0,"event_name":"Drug Dealer","player_choice":"Inject Mutagens","floor":21.0,"gold_loss":0.0,"damage_taken":0.0,"relics_obtained":["MutagenicStrength"]},{"damage_healed":0.0,"max_hp_gain":0.0,"max_hp_loss":0.0,"gold_gain":0.0,"event_name":"Masked Bandits","player_choice":"Fought Bandits","floor":30.0,"gold_loss":0.0,"damage_taken":0.0},{"damage_healed":0,"gold_gain":0,"player_choice":"Max HP","damage_taken":0,"max_hp_gain":0,"max_hp_loss":4,"event_name":"Winding Halls","floor":44,"gold_loss":0}],"is_beta":true,"boss_relics":[{"not_picked":["Pandora\u0027s Box","Philosopher\u0027s Stone"],"picked":"Velvet Choker"},{"not_picked":["Black Star","Coffee Dripper"],"picked":"Snecko Eye"}],"items_purged_floors":[10,36],"is_endless":false,"potions_floor_spawned":[2,6,7,12,23,30,31,33,37,40,42,46,48],"killed_by":"The Heart","ascension_level":20}