{"gold_per_floor":[109,119,119,119,139,139,167,185,185,31,48,76,76,76,76,154,154,174,186,186,236,253,253,253,253,253,43,56,56,81,110,110,110],"floor_reached":33,"playtime":2259,"items_purged":["Strike_R","Strike_R"],"score":546,"play_id":"8ffd21e5-9202-4011-bc98-1ebc3ad36cb6","local_time":"20200127210321","is_ascension_mode":true,"campfire_choices":[{"data":"Bash","floor":6.0,"key":"SMITH"},{"data":"Fiend Fire","floor":13,"key":"SMITH"},{"data":"Rampage","floor":15,"key":"SMITH"},{"floor":23,"key":"REST"},{"floor":25,"key":"RECALL"},{"floor":29,"key":"REST"},{"floor":32,"key":"REST"}],"neow_cost":"NONE","seed_source_timestamp":1099788165611200,"circlet_count":0,"master_deck":["AscendersBane","Defend_R","Defend_R","Defend_R","Defend_R","Bash+1","Rampage+1","Headbutt","Cleave","Fiend Fire+1","Inflame","Feed","Headbutt","Wild Strike","Warcry+1"],"special_seed":0,"relics":["Burning Blood","Ancient Tea Set","Art of War","Ornamental Fan","Fusion Hammer","MealTicket","Red Mask","Juzu Bracelet"],"potions_floor_usage":[12,19,30,30],"damage_taken":[{"damage":3.0,"enemies":"2 Louse","floor":1.0,"turns":4.0},{"damage":11.0,"enemies":"Small Slimes","floor":2.0,"turns":5.0},{"damage":6.0,"enemies":"Cultist","floor":5.0,"turns":3.0},{"damage":15.0,"enemies":"3 Sentries","floor":7.0,"turns":7.0},{"damage":9.0,"enemies":"3 Louse","floor":8.0,"turns":4.0},{"damage":15.0,"enemies":"Exordium Wildlife","floor":11.0,"turns":4.0},{"damage":8,"enemies":"Gremlin Nob","floor":12,"turns":3},{"damage":31,"enemies":"The Guardian","floor":16,"turns":7},{"damage":35,"enemies":"Shell Parasite","floor":18,"turns":4},{"damage":2,"enemies":"Chosen","floor":19,"turns":3},{"damage":31,"enemies":"Centurion and Healer","floor":22,"turns":6},{"damage":34,"enemies":"Cultist and Chosen","floor":28,"turns":6},{"damage":2,"enemies":"Masked Bandits","floor":30,"turns":3},{"damage":51,"enemies":"Gremlin Leader","floor":31,"turns":6},{"damage":89,"enemies":"Automaton","floor":33,"turns":6}],"seed_played":"-8118590428388570834","potions_obtained":[{"floor":1.0,"key":"Block Potion"},{"floor":2.0,"key":"Fire Potion"},{"floor":8.0,"key":"SteroidPotion"},{"floor":11.0,"key":"SkillPotion"},{"floor":18,"key":"Fire Potion"},{"floor":31,"key":"SteroidPotion"}],"is_trial":false,"path_per_floor":["M","M","?","?","M","R","E","M","T","$","M","E","R","?","R","B",null,"M","M","?","?","M","R","T","R","T","$","M","R","?","E","R","B"],"character_chosen":"IRONCLAD","items_purchased":["Inflame","FearPotion","Fire Potion"],"campfire_rested":3,"item_purchase_floors":[10,27,27],"current_hp_per_floor":[78,73,73,73,73,73,64,61,61,61,52,50,50,43,43,18,66,37,41,41,41,19,44,44,44,44,59,34,60,67,22,49,0],"gold":110,"neow_bonus":"TEN_PERCENT_HP_BONUS","is_prod":false,"is_daily":false,"chose_seed":false,"campfire_upgraded":3,"win_rate":0,"timestamp":1580159001,"path_taken":["M","M","?","?","M","R","E","?","T","$","M","E","R","?","R","BOSS","M","M","?","?","M","R","?","R","T","$","M","R","?","E","R","BOSS"],"build_version":"2020-01-21","purchased_purges":2,"victory":false,"max_hp_per_floor":[82,82,82,82,82,82,82,82,82,82,82,82,82,82,82,82,82,82,82,82,82,85,85,85,85,85,85,88,88,91,91,91,91],"card_choices":[{"not_picked":["Heavy Blade","Blood for Blood"],"picked":"Rampage","floor":1.0},{"not_picked":["Thunderclap","Rupture"],"picked":"Headbutt","floor":2.0},{"not_picked":["Perfected Strike","Ghostly Armor"],"picked":"Cleave","floor":5.0},{"not_picked":["Uppercut","Flame Barrier"],"picked":"Fiend Fire","floor":7.0},{"not_picked":["Pommel Strike","Flex","Clash"],"picked":"SKIP","floor":8.0},{"not_picked":["Rage","Warcry","Clash"],"picked":"SKIP","floor":11.0},{"not_picked":["Dark Embrace","Berserk","Heavy Blade"],"picked":"SKIP","floor":12},{"not_picked":["Fiend Fire","Brutality"],"picked":"Feed","floor":16},{"not_picked":["Hemokinesis","True Grit","Infernal Blade"],"picked":"SKIP","floor":18},{"not_picked":["Seeing Red","Warcry","Clash"],"picked":"SKIP","floor":19},{"not_picked":["Feel No Pain","Reckless Charge","Dropkick"],"picked":"SKIP","floor":22},{"not_picked":["Clothesline","Heavy Blade"],"picked":"Warcry+1","floor":28},{"not_picked":["Twin Strike","Cleave","Flex+1"],"picked":"SKIP","floor":31}],"player_experience":2074075,"relics_obtained":[{"floor":7.0,"key":"Ancient Tea Set"},{"floor":9.0,"key":"Art of War"},{"floor":12,"key":"Ornamental Fan"},{"floor":24,"key":"MealTicket"},{"floor":30,"key":"Red Mask"},{"floor":31,"key":"Juzu Bracelet"}],"event_choices":[{"damage_healed":0.0,"max_hp_gain":0.0,"max_hp_loss":0.0,"gold_gain":0.0,"event_name":"Liars Game","player_choice":"Ignored","floor":3.0,"gold_loss":0.0,"damage_taken":0.0},{"damage_healed":0.0,"max_hp_gain":0.0,"max_hp_loss":0.0,"gold_gain":0.0,"event_name":"Lab","player_choice":"Got Potions","floor":4.0,"gold_loss":0.0,"damage_taken":0.0},{"cards_removed":["Strike_R"],"damage_healed":0,"gold_gain":0,"player_choice":"Card Removal","damage_taken":7,"max_hp_gain":0,"max_hp_loss":0,"event_name":"Golden Wing","floor":14,"gold_loss":0},{"damage_healed":0,"gold_gain":0,"cards_transformed":["Strike_R","Strike_R"],"player_choice":"Became Test Subject","damage_taken":0,"max_hp_gain":0,"max_hp_loss":0,"event_name":"Drug Dealer","floor":20,"gold_loss":0,"cards_obtained":["Headbutt","Wild Strike"]},{"damage_healed":0,"gold_gain":50,"player_choice":"Stole From Cult","damage_taken":0,"max_hp_gain":0,"max_hp_loss":0,"event_name":"Nest","floor":21,"gold_loss":0},{"damage_healed":0,"gold_gain":0,"player_choice":"Fought Bandits","damage_taken":0,"max_hp_gain":0,"max_hp_loss":0,"event_name":"Masked Bandits","floor":30,"gold_loss":0}],"is_beta":true,"boss_relics":[{"not_picked":["Tiny House","Runic Pyramid"],"picked":"Fusion Hammer"}],"items_purged_floors":[10,27],"is_endless":false,"potions_floor_spawned":[1,2,8,11,18,28,31],"killed_by":"Automaton","ascension_level":20}