{"gold_per_floor":[361,371,371,56,69,69,98,98,98,109,139,139,164,181,181,259,259,273,273,290,8,8,8,41,41,66,97,97,108,108,134,134,206,206,223,236,236,247,197,230,230,264,289,316,326,343,343,359,359,359,359,359,359,20,45,45],"floor_reached":57,"playtime":4804,"items_purged":["Writhe","Clash"],"score":3536,"play_id":"77ed2b6f-466b-4307-b34b-44b82469c89c","local_time":"20200127223018","is_ascension_mode":true,"campfire_choices":[{"data":"Bash","floor":6.0,"key":"SMITH"},{"data":"Carnage","floor":8.0,"key":"SMITH"},{"data":"Pommel Strike","floor":15,"key":"SMITH"},{"data":"Fiend Fire","floor":23,"key":"SMITH"},{"data":"Seeing Red","floor":25,"key":"SMITH"},{"data":"Flame Barrier","floor":30,"key":"SMITH"},{"floor":32,"key":"REST"},{"floor":41,"key":"RECALL"},{"data":"Corruption","floor":47,"key":"SMITH"},{"data":"Feel No Pain","floor":49,"key":"SMITH"},{"data":"Master of Strategy","floor":53,"key":"SMITH"}],"neow_cost":"CURSE","seed_source_timestamp":1102474733259500,"circlet_count":0,"master_deck":["AscendersBane","Strike_R","Defend_R","Defend_R+1","Defend_R","Defend_R","Bash+1","Headbutt","Shrug It Off","Feel No Pain+1","Carnage+1","Pommel Strike+1","Feed","Offering","Seeing Red+1","Fiend Fire+1","Shockwave","Shrug It Off","Shockwave","Battle Trance","Flame Barrier+1","Seeing Red+1","Corruption+1","Shrug It Off+1","Purity+1","Purity","Master of Strategy+1","Havoc+1","Second Wind+1","Feel No Pain","Sentinel"],"special_seed":0,"relics":["Burning Blood","Question Card","Dead Branch","Shuriken","Kunai","Du-Vu Doll","PreservedInsect","Philosopher\u0027s Stone","Enchiridion","Anchor","Blue Candle","Akabeko","StoneCalendar","Happy Flower","Empty Cage","Lantern","Paper Frog","Blood Vial","InkBottle","Bag of Marbles","Strawberry"],"potions_floor_usage":[13,16,33,56,56],"damage_taken":[{"damage":6.0,"enemies":"Cultist","floor":1.0,"turns":3.0},{"damage":10.0,"enemies":"Small Slimes","floor":2.0,"turns":4.0},{"damage":5.0,"enemies":"Jaw Worm","floor":5.0,"turns":3.0},{"damage":13.0,"enemies":"3 Sentries","floor":7.0,"turns":10.0},{"damage":1.0,"enemies":"2 Fungi Beasts","floor":10.0,"turns":4.0},{"damage":19.0,"enemies":"Lagavulin","floor":11.0,"turns":6.0},{"damage":8,"enemies":"Gremlin Nob","floor":13,"turns":3},{"damage":0,"enemies":"Exordium Wildlife","floor":14,"turns":2},{"damage":18,"enemies":"Hexaghost","floor":16,"turns":6},{"damage":7,"enemies":"Shell Parasite","floor":18,"turns":1},{"damage":13,"enemies":"2 Thieves","floor":20,"turns":3},{"damage":1,"enemies":"Gremlin Leader","floor":24,"turns":2},{"damage":13,"enemies":"Slavers","floor":27,"turns":5},{"damage":0,"enemies":"Sentry and Sphere","floor":29,"turns":3},{"damage":9,"enemies":"Gremlin Leader","floor":31,"turns":3},{"damage":11,"enemies":"Champ","floor":33,"turns":5},{"damage":6,"enemies":"3 Shapes","floor":35,"turns":4},{"damage":1,"enemies":"Orb Walker","floor":36,"turns":3},{"damage":2,"enemies":"3 Darklings","floor":38,"turns":3},{"damage":8,"enemies":"Nemesis","floor":40,"turns":5},{"damage":12,"enemies":"Giant Head","floor":42,"turns":1},{"damage":1,"enemies":"Nemesis","floor":44,"turns":1},{"damage":6,"enemies":"4 Shapes","floor":45,"turns":2},{"damage":0,"enemies":"Jaw Worm Horde","floor":46,"turns":1},{"damage":0,"enemies":"Maw","floor":48,"turns":3},{"damage":8,"enemies":"Awakened One","floor":50,"turns":3},{"damage":6,"enemies":"Donu and Deca","floor":51,"turns":2},{"damage":4,"enemies":"Shield and Spear","floor":55,"turns":4},{"damage":6,"enemies":"The Heart","floor":56,"turns":6}],"seed_played":"-598984391457360205","potions_obtained":[{"floor":1.0,"key":"Swift Potion"},{"floor":10.0,"key":"Block Potion"},{"floor":13,"key":"FearPotion"},{"floor":14,"key":"BlessingOfTheForge"},{"floor":20,"key":"SkillPotion"},{"floor":24,"key":"FearPotion"},{"floor":29,"key":"CultistPotion"},{"floor":35,"key":"Swift Potion"},{"floor":46,"key":"LiquidBronze"}],"is_trial":false,"path_per_floor":["M","M","T","$","M","R","E","R","T","M","E","?","E","M","R","B",null,"M","?","M","$","?","R","E","R","T","E","?","M","R","E","R","B",null,"M","M","?","M","?","E","R","E","T","E","M","M","R","M","R","B","B",null,"R","$","E","B",null],"character_chosen":"IRONCLAD","items_purchased":["Dead Branch","Anchor","Shrug It Off","Feel No Pain","Bag of Marbles"],"campfire_rested":1,"item_purchase_floors":[4,21,21,54,54],"current_hp_per_floor":[68,64,64,64,65,65,58,58,58,63,50,39,37,46,46,37,70,69,48,44,44,44,44,49,49,49,45,45,54,54,54,81,76,89,92,96,86,90,90,88,88,82,82,92,97,102,102,105,105,106,111,111,111,111,118,118],"gold":45,"neow_bonus":"TWO_FIFTY_GOLD","is_prod":false,"is_daily":false,"chose_seed":false,"campfire_upgraded":9,"win_rate":0,"timestamp":1580164218,"path_taken":["M","M","?","$","M","R","E","R","T","M","E","?","E","M","R","BOSS","M","?","M","$","?","R","E","R","T","E","?","M","R","E","R","BOSS","M","M","?","M","?","E","R","E","T","E","M","?","R","M","R","BOSS","BOSS","R","$","E","BOSS"],"build_version":"2020-01-21","purchased_purges":2,"victory":true,"max_hp_per_floor":[75,75,75,75,75,75,75,75,75,75,75,75,75,78,78,81,81,81,81,84,84,84,84,84,84,84,87,87,90,90,93,93,93,93,96,96,96,96,96,96,96,96,96,99,102,102,102,105,105,108,111,111,111,111,118,118],"card_choices":[{"not_picked":["Pummel","Body Slam"],"picked":"Headbutt","floor":1.0},{"not_picked":["Anger","Clash"],"picked":"Shrug It Off","floor":2.0},{"not_picked":["Shrug It Off","Body Slam","Infernal Blade"],"picked":"Feel No Pain","floor":5.0},{"not_picked":["Dual Wield","Sever Soul","Feel No Pain"],"picked":"Carnage","floor":7.0},{"not_picked":["Armaments","Iron Wave","Warcry"],"picked":"Pommel Strike","floor":10.0},{"not_picked":["Body Slam","Headbutt","Cleave"],"picked":"Feed","floor":11.0},{"not_picked":["Power Through","Armaments","Seeing Red"],"picked":"Offering","floor":13},{"not_picked":["Twin Strike","Armaments","Bloodletting"],"picked":"Seeing Red","floor":14},{"not_picked":["Reaper","Demon Form","Berserk"],"picked":"Fiend Fire","floor":16},{"not_picked":["Armaments","Body Slam","True Grit"],"picked":"Shockwave","floor":18},{"not_picked":["Rage","Twin Strike","Heavy Blade","Anger"],"picked":"SKIP","floor":20},{"not_picked":["Metallicize","True Grit","Pummel"],"picked":"Battle Trance","floor":24},{"not_picked":["Flex","Cleave","Rage","Clash"],"picked":"SKIP","floor":27},{"not_picked":["Cleave","Feed","Sword Boomerang"],"picked":"Flame Barrier","floor":29},{"not_picked":["Headbutt","Battle Trance+1","Spot Weakness+1"],"picked":"Seeing Red+1","floor":31},{"not_picked":["Impervious","Reaper","Double Tap"],"picked":"Corruption","floor":33},{"not_picked":["Heavy Blade","Perfected Strike","Iron Wave"],"picked":"Shrug It Off+1","floor":35},{"not_picked":["Blood for Blood","Twin Strike+1","Cleave","Headbutt"],"picked":"SKIP","floor":36},{"not_picked":["Deep Breath","Secret Weapon","Swift Strike"],"picked":"Purity","floor":37},{"not_picked":["Mind Blast","Impatience","Mayhem"],"picked":"Purity","floor":37},{"not_picked":["Enlightenment","Swift Strike","Trip"],"picked":"Master of Strategy","floor":37},{"not_picked":["Infernal Blade","Uppercut+1","Inflame","Carnage+1"],"picked":"SKIP","floor":38},{"not_picked":["Heavy Blade+1","Reckless Charge+1","Combust","Rupture"],"picked":"SKIP","floor":40},{"not_picked":["Ghostly Armor","Thunderclap","Whirlwind"],"picked":"Havoc+1","floor":42},{"not_picked":["Armaments","Carnage","Cleave","Whirlwind"],"picked":"SKIP","floor":44},{"not_picked":["Anger+1","Inflame+1","Reckless Charge"],"picked":"Second Wind+1","floor":45},{"not_picked":["Twin Strike","Body Slam+1","Rupture","Heavy Blade"],"picked":"SKIP","floor":46},{"not_picked":["Evolve","Perfected Strike","Headbutt","Metallicize"],"picked":"SKIP","floor":48},{"not_picked":["Ghostly Armor","Heavy Blade+1","Body Slam"],"picked":"Sentinel","floor":55}],"player_experience":2076334,"relics_obtained":[{"floor":3.0,"key":"Question Card"},{"floor":7.0,"key":"Shuriken"},{"floor":11.0,"key":"Kunai"},{"floor":13,"key":"PreservedInsect"},{"floor":19,"key":"Enchiridion"},{"floor":24,"key":"Blue Candle"},{"floor":26,"key":"Akabeko"},{"floor":27,"key":"StoneCalendar"},{"floor":31,"key":"Happy Flower"},{"floor":40,"key":"Lantern"},{"floor":42,"key":"Paper Frog"},{"floor":43,"key":"Blood Vial"},{"floor":44,"key":"InkBottle"},{"floor":55,"key":"Strawberry"}],"event_choices":[{"damage_healed":0.0,"max_hp_gain":0.0,"max_hp_loss":0.0,"gold_gain":0.0,"event_name":"Scrap Ooze","player_choice":"Success","floor":12.0,"gold_loss":0.0,"damage_taken":11.0,"relics_obtained":["Du-Vu Doll"]},{"damage_healed":0,"gold_gain":0,"player_choice":"Obtained Book","damage_taken":21,"max_hp_gain":0,"max_hp_loss":0,"event_name":"Cursed Tome","floor":19,"gold_loss":0},{"damage_healed":0,"gold_gain":0,"cards_transformed":["Strike_R","Strike_R"],"player_choice":"Became Test Subject","damage_taken":0,"max_hp_gain":0,"max_hp_loss":0,"event_name":"Drug Dealer","floor":22,"gold_loss":0,"cards_obtained":["Clash","Shockwave"]},{"damage_healed":0,"gold_gain":0,"player_choice":"Ignored","damage_taken":0,"max_hp_gain":0,"max_hp_loss":0,"event_name":"Vampires","floor":28,"gold_loss":0},{"damage_healed":0,"gold_gain":0,"player_choice":"Memory 3","damage_taken":10,"max_hp_gain":0,"max_hp_loss":0,"event_name":"SensoryStone","floor":37,"gold_loss":0},{"damage_healed":0,"gold_gain":0,"player_choice":"Upgraded Two","damage_taken":0,"max_hp_gain":0,"max_hp_loss":0,"event_name":"Designer","floor":39,"gold_loss":50,"cards_upgraded":["Purity","Defend_R"]}],"is_beta":true,"boss_relics":[{"not_picked":["Runic Cube","Sozu"],"picked":"Philosopher\u0027s Stone"},{"not_picked":["Velvet Choker","Snecko Eye"],"picked":"Empty Cage"}],"items_purged_floors":[21,54],"is_endless":false,"potions_floor_spawned":[1,10,13,14,20,24,29,35,42,46,55],"ascension_level":20}