{"gold_per_floor":[211,26,41,60,60,60,103,28,28,68,68,134,168,182,182,182],"floor_reached":16,"playtime":806,"items_purged":[],"score":236,"play_id":"0fcb9ae7-9bcf-42c6-8916-a2c5d2978c7e","local_time":"20200126221332","is_ascension_mode":true,"campfire_choices":[{"data":"Bash","floor":6,"key":"SMITH"},{"data":"Pommel Strike","floor":11,"key":"SMITH"},{"floor":15,"key":"REST"}],"neow_cost":"NONE","seed_source_timestamp":1019131814668400,"circlet_count":0,"master_deck":["AscendersBane","Strike_R","Strike_R","Strike_R","Strike_R","Defend_R","Defend_R","Defend_R","Defend_R","Bash+1","Cleave","Anger","Twin Strike","Pommel Strike+1","Limit Break+1"],"relics":["Burning Blood","Blood Vial","Golden Idol","Eternal Feather","Self Forming Clay","Strawberry","Toxic Egg 2","MealTicket"],"potions_floor_usage":[7,10,13,16],"damage_taken":[{"damage":8,"enemies":"2 Louse","floor":1,"turns":3},{"damage":4,"enemies":"Small Slimes","floor":3,"turns":4},{"damage":2,"enemies":"Jaw Worm","floor":4,"turns":4},{"damage":8,"enemies":"Gremlin Nob","floor":7,"turns":3},{"damage":17,"enemies":"3 Sentries","floor":10,"turns":6},{"damage":26,"enemies":"3 Sentries","floor":12,"turns":8},{"damage":29,"enemies":"Lagavulin","floor":13,"turns":6},{"damage":10,"enemies":"Exordium Wildlife","floor":14,"turns":4},{"damage":52,"enemies":"Hexaghost","floor":16,"turns":9}],"seed_played":"-4085772046430773996","potions_obtained":[{"floor":3,"key":"Strength Potion"},{"floor":7,"key":"SkillPotion"},{"floor":12,"key":"Dexterity Potion"},{"floor":14,"key":"Energy Potion"}],"is_trial":false,"path_per_floor":["M","$","M","M","?","R","E","?","T","E","R","?","E","M","R","B"],"character_chosen":"IRONCLAD","items_purchased":["Blood Vial","Anger"],"campfire_rested":1,"item_purchase_floors":[2,2],"current_hp_per_floor":[66,66,70,75,49,49,49,49,49,47,53,35,14,12,45,0],"gold":182,"neow_bonus":"HUNDRED_GOLD","is_prod":false,"is_daily":false,"chose_seed":false,"campfire_upgraded":2,"win_rate":0,"timestamp":1580076812,"path_taken":["M","$","M","M","?","R","E","?","T","E","R","?","E","M","R","BOSS"],"build_version":"2020-01-21","purchased_purges":0,"victory":false,"max_hp_per_floor":[75,75,75,75,75,75,75,75,75,82,82,82,82,82,82,82],"card_choices":[{"not_picked":["Sword Boomerang","Iron Wave"],"picked":"Cleave","floor":1},{"not_picked":["Cleave","Flex"],"picked":"Twin Strike","floor":3},{"not_picked":["Rupture","Sever Soul"],"picked":"Pommel Strike","floor":4},{"not_picked":["Rupture","Flex","Twin Strike"],"picked":"SKIP","floor":7},{"not_picked":["Dropkick","Twin Strike","Clothesline"],"picked":"SKIP","floor":10},{"not_picked":["Twin Strike","Warcry+1"],"picked":"Limit Break+1","floor":13},{"not_picked":["Pommel Strike","Wild Strike","Sword Boomerang"],"picked":"SKIP","floor":14}],"player_experience":2070539,"relics_obtained":[{"floor":7,"key":"Eternal Feather"},{"floor":9,"key":"Self Forming Clay"},{"floor":10,"key":"Strawberry"},{"floor":12,"key":"Toxic Egg 2"},{"floor":13,"key":"MealTicket"}],"event_choices":[{"damage_healed":0,"gold_gain":0,"player_choice":"Take Damage","damage_taken":26,"relics_obtained":["Golden Idol"],"max_hp_gain":0,"max_hp_loss":0,"event_name":"Golden Idol","floor":5,"gold_loss":0},{"cards_removed":["Strike_R"],"damage_healed":0,"gold_gain":0,"player_choice":"Card Removal","damage_taken":0,"max_hp_gain":0,"max_hp_loss":0,"event_name":"The Cleric","floor":8,"gold_loss":75},{"damage_healed":0,"gold_gain":30,"player_choice":"Searched \u00273\u0027 times","damage_taken":0,"max_hp_gain":0,"max_hp_loss":0,"event_name":"Dead Adventurer","floor":12,"gold_loss":0}],"is_beta":true,"boss_relics":[],"items_purged_floors":[],"is_endless":false,"potions_floor_spawned":[3,7,12,14],"killed_by":"Hexaghost","ascension_level":20}