{"gold_per_floor":[118,136,186,205,219,253,253,284,284,13,13,41,52,64,64,143,143,163,29,29,39,52,86,86,112,112,138,138,33,44,1,1,80,80,94,149,159,159,159,159],"floor_reached":40,"playtime":2776,"items_purged":["Strike_R"],"score":978,"play_id":"70d32dea-49e7-48ee-992d-be1d4d5bb95f","local_time":"20200126133633","is_ascension_mode":true,"campfire_choices":[{"data":"Bash","floor":7,"key":"SMITH"},{"floor":11,"key":"REST"},{"data":"Cleave","floor":15,"key":"SMITH"},{"floor":24,"key":"REST"},{"floor":28,"key":"REST"},{"data":"Entrench","floor":32,"key":"SMITH"}],"neow_cost":"NONE","seed_source_timestamp":986142881662100,"circlet_count":0,"master_deck":["AscendersBane","Strike_R","Defend_R","Defend_R","Defend_R","Defend_R","Bash+1","Blood for Blood","Headbutt","Shrug It Off","Feed","Shrug It Off","Clothesline","Cleave+1","Immolate","Juggernaut+1","Cleave+1","Blood for Blood+1","Shockwave+1","Entrench+1","Spot Weakness+1","Body Slam+1","Juggernaut","True Grit","Dark Embrace+1"],"relics":["Burning Blood","NeowsBlessing","Anchor","Red Skull","The Courier","Pocketwatch","Bird Faced Urn","Astrolabe","Bag of Marbles","WingedGreaves","Darkstone Periapt","Pantograph","Molten Egg 2","Cursed Key","Dead Branch","Mercury Hourglass"],"potions_floor_usage":[6,12,22,25,25,36],"damage_taken":[{"damage":0,"enemies":"2 Louse","floor":1,"turns":1},{"damage":0,"enemies":"Cultist","floor":2,"turns":1},{"damage":0,"enemies":"Small Slimes","floor":4,"turns":1},{"damage":23,"enemies":"Exordium Thugs","floor":5,"turns":4},{"damage":15,"enemies":"3 Sentries","floor":6,"turns":6},{"damage":43,"enemies":"Lagavulin","floor":8,"turns":8},{"damage":23,"enemies":"Gremlin Nob","floor":12,"turns":4},{"damage":0,"enemies":"Looter","floor":13,"turns":2},{"damage":0,"enemies":"Blue Slaver","floor":14,"turns":2},{"damage":23,"enemies":"Hexaghost","floor":16,"turns":8},{"damage":14,"enemies":"Chosen","floor":18,"turns":5},{"damage":10,"enemies":"Shell Parasite","floor":21,"turns":7},{"damage":19,"enemies":"Cultist and Chosen","floor":22,"turns":4},{"damage":37,"enemies":"Book of Stabbing","floor":23,"turns":5},{"damage":22,"enemies":"Gremlin Leader","floor":25,"turns":7},{"damage":18,"enemies":"Slavers","floor":27,"turns":3},{"damage":18,"enemies":"Snake Plant","floor":30,"turns":3},{"damage":60,"enemies":"Champ","floor":33,"turns":11},{"damage":12,"enemies":"3 Darklings","floor":35,"turns":4},{"damage":24,"enemies":"2 Orb Walkers","floor":36,"turns":3},{"damage":0,"enemies":"3 Shapes","floor":37,"turns":6},{"damage":96,"enemies":"Nemesis","floor":40,"turns":7}],"seed_played":"-8214188664432515464","potions_obtained":[{"floor":1,"key":"Dexterity Potion"},{"floor":2,"key":"AttackPotion"},{"floor":8,"key":"SpeedPotion"},{"floor":12,"key":"Weak Potion"},{"floor":16,"key":"HeartOfIron"},{"floor":23,"key":"Fire Potion"},{"floor":35,"key":"FearPotion"}],"is_trial":false,"path_per_floor":["M","M","?","M","M","E","R","E","T","$","R","E","M","M","R","B",null,"M","$","?","M","M","E","R","E","T","E","R","$","M","$","R","B",null,"M","?","M","?","?","E"],"character_chosen":"IRONCLAD","items_purchased":["Pocketwatch","Bag of Marbles","Body Slam+1","BlessingOfTheForge"],"campfire_rested":3,"item_purchase_floors":[10,19,29,31],"current_hp_per_floor":[74,75,75,75,58,49,49,12,12,12,34,17,26,35,35,21,68,63,63,63,64,54,28,56,43,43,34,64,64,57,57,57,33,89,86,71,88,88,88,0],"gold":159,"neow_bonus":"THREE_ENEMY_KILL","is_prod":false,"is_daily":false,"chose_seed":false,"campfire_upgraded":3,"win_rate":0,"timestamp":1580045793,"path_taken":["M","M","?","M","M","E","R","E","T","$","R","E","M","?","R","BOSS","M","$","?","M","M","E","R","E","T","E","R","$","M","?","R","BOSS","M","?","M","?","?","E"],"build_version":"2020-01-21","purchased_purges":1,"victory":false,"max_hp_per_floor":[75,75,75,75,75,75,75,75,75,75,75,75,78,81,81,84,84,87,87,87,90,93,96,96,99,99,102,102,102,105,105,105,108,108,111,114,117,117,117,117],"card_choices":[{"not_picked":["Iron Wave","True Grit","Blood for Blood"],"picked":"SKIP","floor":1},{"not_picked":["Warcry","Flex","Ghostly Armor"],"picked":"SKIP","floor":2},{"not_picked":["Flex","Warcry"],"picked":"Blood for Blood","floor":4},{"not_picked":["Whirlwind","Havoc"],"picked":"Headbutt","floor":5},{"not_picked":["Blood for Blood","Burning Pact"],"picked":"Shrug It Off","floor":6},{"not_picked":["Carnage","Power Through"],"picked":"Feed","floor":8},{"not_picked":["Warcry","Barricade"],"picked":"Shrug It Off","floor":12},{"not_picked":["Reckless Charge","Sever Soul"],"picked":"Clothesline","floor":13},{"not_picked":["Armaments","Bloodletting"],"picked":"Cleave","floor":14},{"not_picked":["Juggernaut","Double Tap"],"picked":"Immolate","floor":16},{"not_picked":["Cleave","Anger"],"picked":"Shockwave+1","floor":18},{"not_picked":["Heavy Blade","Cleave","Flex"],"picked":"SKIP","floor":21},{"not_picked":["Clothesline","Pommel Strike","Clash"],"picked":"SKIP","floor":22},{"not_picked":["Dual Wield","Berserk"],"picked":"Entrench","floor":23},{"not_picked":["Double Tap","Warcry","Limit Break"],"picked":"SKIP","floor":25},{"not_picked":["Cleave+1","Sword Boomerang+1"],"picked":"Spot Weakness+1","floor":27},{"not_picked":["Whirlwind+1","Armaments","Thunderclap+1"],"picked":"SKIP","floor":30},{"not_picked":["Corruption","Exhume"],"picked":"Juggernaut","floor":33},{"not_picked":["Burning Pact+1","Intimidate"],"picked":"True Grit","floor":35},{"not_picked":["Clash+1","Metallicize"],"picked":"Dark Embrace+1","floor":36},{"not_picked":["Sword Boomerang+1","Warcry","Dropkick+1"],"picked":"SKIP","floor":37}],"player_experience":2063443,"relics_obtained":[{"floor":6,"key":"Anchor"},{"floor":8,"key":"Red Skull"},{"floor":9,"key":"The Courier"},{"floor":12,"key":"Bird Faced Urn"},{"floor":23,"key":"WingedGreaves"},{"floor":25,"key":"Darkstone Periapt"},{"floor":26,"key":"Pantograph"},{"floor":27,"key":"Molten Egg 2"},{"floor":36,"key":"Dead Branch"}],"event_choices":[{"damage_healed":0,"gold_gain":50,"player_choice":"Pray","damage_taken":0,"max_hp_gain":0,"max_hp_loss":0,"event_name":"Golden Shrine","floor":3,"gold_loss":0},{"damage_healed":0,"gold_gain":0,"player_choice":"Ignored","damage_taken":0,"max_hp_gain":0,"max_hp_loss":0,"event_name":"The Mausoleum","floor":20,"gold_loss":0},{"damage_healed":0,"gold_gain":0,"player_choice":"Fight","damage_taken":0,"max_hp_gain":0,"max_hp_loss":0,"event_name":"Mysterious Sphere","floor":36,"gold_loss":0},{"damage_healed":0,"gold_gain":0,"player_choice":"Ignored","damage_taken":0,"max_hp_gain":0,"max_hp_loss":0,"event_name":"Tomb of Lord Red Mask","floor":38,"gold_loss":0},{"damage_healed":0,"gold_gain":0,"player_choice":"Gave Potion","damage_taken":0,"relics_obtained":["Mercury Hourglass"],"max_hp_gain":0,"max_hp_loss":0,"event_name":"WeMeetAgain","floor":39,"gold_loss":0}],"is_beta":true,"boss_relics":[{"not_picked":["Tiny House","Ectoplasm"],"picked":"Astrolabe"},{"not_picked":["SlaversCollar","Busted Crown"],"picked":"Cursed Key"}],"items_purged_floors":[29],"is_endless":false,"potions_floor_spawned":[1,2,8,12,16,18,23,35],"killed_by":"Nemesis","ascension_level":20}