{"gold_per_floor":[109,121,135,135,146,181,181,216,216,242,323,339,339,357,357,430,430,446,341,358,37,53,53],"floor_reached":23,"playtime":1541,"items_purged":[],"score":426,"play_id":"b8b14626-f1e5-4fc4-8531-9c199c86195b","local_time":"20200212151620","is_ascension_mode":true,"campfire_choices":[{"data":"Immolate","floor":13,"key":"SMITH"},{"data":"Spot Weakness","floor":15,"key":"SMITH"}],"neow_cost":"NONE","seed_source_timestamp":46137027286500,"circlet_count":0,"master_deck":["AscendersBane","Strike_R","Strike_R","Strike_R","Strike_R","Strike_R","Defend_R","Defend_R","Defend_R","Defend_R","Bash+1","Fire Breathing","Clothesline+1","Immolate+1","Spot Weakness+1","Shrug It Off","Berserk+1","Metallicize+1","Evolve+1","Shrug It Off","Dark Embrace+1","Offering"],"relics":["Burning Blood","Mercury Hourglass","Lantern","Akabeko","Frozen Egg 2","Matryoshka","Cursed Key","Orichalcum"],"potions_floor_usage":[6,8,12,16,23],"damage_taken":[{"damage":6,"enemies":"Cultist","floor":1,"turns":4},{"damage":6,"enemies":"2 Louse","floor":2,"turns":3},{"damage":4,"enemies":"Jaw Worm","floor":3,"turns":4},{"damage":13,"enemies":"Blue Slaver","floor":5,"turns":5},{"damage":39,"enemies":"Gremlin Nob","floor":6,"turns":5},{"damage":5,"enemies":"3 Sentries","floor":8,"turns":3},{"damage":19,"enemies":"Gremlin Nob","floor":10,"turns":4},{"damage":8,"enemies":"Exordium Wildlife","floor":12,"turns":3},{"damage":2,"enemies":"Exordium Thugs","floor":14,"turns":3},{"damage":43,"enemies":"The Guardian","floor":16,"turns":10},{"damage":27,"enemies":"Shell Parasite","floor":18,"turns":3},{"damage":6,"enemies":"2 Thieves","floor":20,"turns":2},{"damage":22,"enemies":"Sentry and Sphere","floor":22,"turns":4},{"damage":31,"enemies":"Book of Stabbing","floor":23,"turns":3}],"seed_played":"-6497660396709190905","potions_obtained":[{"floor":2,"key":"AttackPotion"},{"floor":3,"key":"ElixirPotion"},{"floor":6,"key":"Explosive Potion"},{"floor":8,"key":"EssenceOfSteel"},{"floor":10,"key":"SneckoOil"},{"floor":14,"key":"Block Potion"}],"is_trial":false,"path_per_floor":["M","M","M","?","M","E","?","E","T","E","T","M","R","M","R","B",null,"M","$","M","$","M","E"],"character_chosen":"IRONCLAD","items_purchased":["Evolve+1","Shrug It Off","Orichalcum","Offering"],"campfire_rested":0,"item_purchase_floors":[19,19,21,21],"current_hp_per_floor":[68,68,70,70,63,30,55,56,56,43,43,41,41,45,45,8,58,37,37,37,37,21,0],"gold":53,"neow_bonus":"UPGRADE_CARD","is_prod":false,"is_daily":false,"chose_seed":false,"campfire_upgraded":2,"win_rate":0,"timestamp":1581520580,"path_taken":["M","M","?","?","M","E","?","E","T","E","?","M","R","M","R","BOSS","M","$","M","$","M","E"],"build_version":"2020-01-27","purchased_purges":0,"victory":false,"max_hp_per_floor":[75,75,75,75,75,75,75,75,75,75,75,75,75,75,75,75,75,75,75,75,75,75,75],"card_choices":[{"not_picked":["True Grit","Sentinel"],"picked":"Fire Breathing","floor":1},{"not_picked":["Armaments","Seeing Red","Heavy Blade"],"picked":"SKIP","floor":2},{"not_picked":["Sword Boomerang","Uppercut"],"picked":"Clothesline","floor":3},{"not_picked":["Sword Boomerang","Body Slam","Warcry"],"picked":"SKIP","floor":5},{"not_picked":["Sword Boomerang","Body Slam","Warcry"],"picked":"SKIP","floor":5},{"not_picked":["Body Slam","Pommel Strike"],"picked":"Immolate","floor":6},{"not_picked":["Dual Wield","Twin Strike","Bloodletting"],"picked":"SKIP","floor":8},{"not_picked":["Searing Blow","Intimidate","Perfected Strike"],"picked":"SKIP","floor":10},{"not_picked":["Shockwave","Headbutt"],"picked":"Spot Weakness","floor":12},{"not_picked":["Perfected Strike","Wild Strike"],"picked":"Shrug It Off","floor":14},{"not_picked":["Demon Form+1","Corruption+1"],"picked":"Berserk+1","floor":16},{"not_picked":["Havoc","Anger"],"picked":"Metallicize+1","floor":18},{"not_picked":["Sever Soul+1","Pommel Strike"],"picked":"Dark Embrace+1","floor":20},{"not_picked":["Spot Weakness","Heavy Blade","Pummel"],"picked":"SKIP","floor":22}],"player_experience":2272233,"relics_obtained":[{"floor":6,"key":"Mercury Hourglass"},{"floor":8,"key":"Lantern"},{"floor":9,"key":"Akabeko"},{"floor":10,"key":"Frozen Egg 2"},{"floor":11,"key":"Matryoshka"}],"event_choices":[{"damage_healed":0,"gold_gain":0,"player_choice":"Grow","damage_taken":0,"max_hp_gain":0,"max_hp_loss":0,"event_name":"Living Wall","floor":4,"gold_loss":0,"cards_upgraded":["Clothesline"]},{"damage_healed":25,"gold_gain":0,"player_choice":"Banana","damage_taken":0,"max_hp_gain":0,"max_hp_loss":0,"event_name":"Big Fish","floor":7,"gold_loss":0}],"is_beta":true,"boss_relics":[{"not_picked":["SacredBark","Fusion Hammer"],"picked":"Cursed Key"}],"items_purged_floors":[],"is_endless":false,"potions_floor_spawned":[2,3,6,8,10,14],"killed_by":"Book of Stabbing","ascension_level":20}