{"gold_per_floor":[118,118,137,155,155,155,170,201,201,201,215,215,56,56,56,128,128,145,145,145,158,15,15,50,66,66,86,86,118,136,171,171,249,249,266,281,281,293,293,293,313,313,368,388,418,418,444,454,454,454,454,454,454,42,75,75],"floor_reached":57,"playtime":5065,"items_purged":["Strike_R","Strike_R"],"score":2794,"play_id":"b0f1a6ac-2cd8-4664-b8ac-296606c2963d","local_time":"20200212194749","is_ascension_mode":true,"campfire_choices":[{"data":"Anger","floor":6.0,"key":"SMITH"},{"data":"Feed","floor":10.0,"key":"SMITH"},{"data":"True Grit","floor":12.0,"key":"SMITH"},{"data":"Inflame","floor":15.0,"key":"SMITH"},{"floor":23.0,"key":"REST"},{"data":"Disarm","floor":28.0,"key":"SMITH"},{"data":"Flame Barrier","floor":32.0,"key":"SMITH"},{"floor":40,"key":"RECALL"},{"floor":42,"key":"REST"},{"data":"Demon Form","floor":49,"key":"SMITH"},{"floor":53,"key":"REST"}],"neow_cost":"NONE","seed_source_timestamp":0,"circlet_count":0,"master_deck":["AscendersBane","Strike_R","Strike_R","Strike_R","Defend_R","Defend_R","Defend_R","Defend_R","Bash+1","Brutality","Anger+1","True Grit+1","Feed+1","Battle Trance","Shrug It Off","Inflame+1","Reaper","Flame Barrier+1","Disarm+1","Pommel Strike+1","Offering","Demon Form+1","Armaments+1","Master of Strategy","Metallicize"],"special_seed":0,"relics":["Burning Blood","Akabeko","Mummified Hand","Bag of Preparation","Philosopher\u0027s Stone","Singing Bowl","Torii","Magic Flower","Anchor","SacredBark","Smiling Mask","Bottled Tornado","Boot","Art of War","HornCleat"],"potions_floor_usage":[36,41,45,48,50,50,55,56,56],"damage_taken":[{"damage":5.0,"enemies":"2 Louse","floor":1.0,"turns":4.0},{"damage":2.0,"enemies":"Jaw Worm","floor":3.0,"turns":3.0},{"damage":1.0,"enemies":"Cultist","floor":4.0,"turns":3.0},{"damage":0.0,"enemies":"Exordium Wildlife","floor":7.0,"turns":2.0},{"damage":17.0,"enemies":"Lagavulin","floor":8.0,"turns":7.0},{"damage":8.0,"enemies":"Looter","floor":11.0,"turns":4.0},{"damage":36.0,"enemies":"The Guardian","floor":16.0,"turns":12.0},{"damage":25.0,"enemies":"3 Byrds","floor":18.0,"turns":3.0},{"damage":29.0,"enemies":"Shell Parasite","floor":21.0,"turns":6.0},{"damage":55.0,"enemies":"Gremlin Leader","floor":24.0,"turns":7.0},{"damage":5.0,"enemies":"Snake Plant","floor":25.0,"turns":5.0},{"damage":28.0,"enemies":"3 Cultists","floor":27.0,"turns":6.0},{"damage":29.0,"enemies":"Book of Stabbing","floor":29.0,"turns":6.0},{"damage":25.0,"enemies":"Centurion and Healer","floor":30.0,"turns":6.0},{"damage":18.0,"enemies":"Gremlin Leader","floor":31.0,"turns":4.0},{"damage":125.0,"enemies":"Automaton","floor":33.0,"turns":11.0},{"damage":10,"enemies":"Orb Walker","floor":35,"turns":3},{"damage":47,"enemies":"3 Darklings","floor":36,"turns":7},{"damage":39,"enemies":"Jaw Worm Horde","floor":38,"turns":4},{"damage":73,"enemies":"Spire Growth","floor":41,"turns":6},{"damage":39,"enemies":"Maw","floor":44,"turns":7},{"damage":53,"enemies":"Nemesis","floor":45,"turns":9},{"damage":74,"enemies":"Giant Head","floor":47,"turns":7},{"damage":20,"enemies":"Transient","floor":48,"turns":6},{"damage":81,"enemies":"Donu and Deca","floor":50,"turns":9},{"damage":121,"enemies":"Awakened One","floor":51,"turns":15},{"damage":98,"enemies":"Shield and Spear","floor":55,"turns":8},{"damage":148,"enemies":"The Heart","floor":56,"turns":8}],"seed_played":"-673905348634879833","potions_obtained":[{"floor":3.0,"key":"SteroidPotion"},{"floor":4.0,"key":"PowerPotion"},{"floor":16.0,"key":"LiquidBronze"},{"floor":24.0,"key":"Weak Potion"},{"floor":25.0,"key":"Fruit Juice"},{"floor":29.0,"key":"Weak Potion"},{"floor":33.0,"key":"ColorlessPotion"},{"floor":38,"key":"PowerPotion"},{"floor":41,"key":"LiquidMemories"},{"floor":47,"key":"SkillPotion"},{"floor":48,"key":"DistilledChaos"},{"floor":55,"key":"BloodPotion"}],"is_trial":false,"path_per_floor":["M","?","M","M","?","R","M","E","T","R","M","R","$","?","R","B",null,"M","?","?","M","$","R","E","M","T","M","R","E","M","E","R","B",null,"M","M","?","M","?","R","M","R","T","M","E","?","E","M","R","B","B",null,"R","$","E","B",null],"character_chosen":"IRONCLAD","items_purchased":["Inflame","Disarm","Weak Potion","Art of War","Energy Potion","Explosive Potion","Metallicize"],"campfire_rested":3,"item_purchase_floors":[13,22,22,54,54,54,54],"current_hp_per_floor":[69,34,38,43,43,43,49,41,41,41,43,43,43,48,48,22,74,76,76,76,59,59,89,54,76,76,91,91,81,107,122,122,13,100,128,118,118,132,132,132,96,141,141,113,95,95,91,123,123,101,49,139,169,169,120,128],"gold":75,"neow_bonus":"ONE_RANDOM_RARE_CARD","is_prod":false,"is_daily":false,"chose_seed":false,"campfire_upgraded":7,"win_rate":0,"timestamp":1581536869,"path_taken":["M","?","M","M","?","R","M","E","T","R","?","R","$","?","R","BOSS","M","?","?","M","$","R","E","M","T","M","R","E","M","E","R","BOSS","M","?","?","M","?","R","M","R","T","M","E","?","E","M","R","BOSS","BOSS","R","$","E","BOSS"],"build_version":"2020-01-27","purchased_purges":2,"victory":true,"max_hp_per_floor":[75,75,75,75,75,75,75,78,78,78,82,82,82,87,87,91,91,95,95,95,101,101,101,103,109,109,113,113,119,123,129,129,129,129,133,149,149,155,147,147,153,153,153,155,157,157,159,161,161,165,169,169,169,169,175,175],"card_choices":[{"not_picked":["Shrug It Off","Whirlwind"],"picked":"Anger","floor":1.0},{"not_picked":["Sword Boomerang","Anger","Cleave"],"picked":"SKIP","floor":3.0},{"not_picked":["Pummel","Thunderclap"],"picked":"True Grit","floor":4.0},{"not_picked":["Pommel Strike","Twin Strike"],"picked":"Feed","floor":7.0},{"not_picked":["Twin Strike","Intimidate"],"picked":"Battle Trance","floor":8.0},{"not_picked":["Headbutt","Armaments"],"picked":"Shrug It Off","floor":11.0},{"not_picked":["Bludgeon","Double Tap"],"picked":"Reaper","floor":16.0},{"not_picked":["Rupture","Anger"],"picked":"Flame Barrier","floor":18.0},{"not_picked":["Battle Trance","Entrench","Clash"],"picked":"Singing Bowl","floor":21.0},{"not_picked":["Carnage","Dual Wield","Havoc"],"picked":"Singing Bowl","floor":24.0},{"not_picked":["Perfected Strike+1","Clothesline","Body Slam"],"picked":"Singing Bowl","floor":25.0},{"not_picked":["Thunderclap+1","Whirlwind"],"picked":"Pommel Strike+1","floor":27.0},{"not_picked":["Clash","Perfected Strike","Seeing Red"],"picked":"Singing Bowl","floor":29.0},{"not_picked":["Ghostly Armor+1","Headbutt"],"picked":"Offering","floor":30.0},{"not_picked":["Infernal Blade+1","Anger+1","Hemokinesis"],"picked":"Singing Bowl","floor":31.0},{"not_picked":["Impervious","Berserk"],"picked":"Demon Form","floor":33.0},{"not_picked":["Combust","Inflame"],"picked":"Armaments+1","floor":35},{"not_picked":["Ghostly Armor","True Grit","Feel No Pain"],"picked":"Singing Bowl","floor":36},{"not_picked":["Warcry","Armaments+1","Seeing Red"],"picked":"Singing Bowl","floor":38},{"not_picked":["Armaments","Blood for Blood+1","Pummel"],"picked":"Singing Bowl","floor":41},{"not_picked":["Twin Strike","Thunderclap+1","Wild Strike"],"picked":"Singing Bowl","floor":44},{"not_picked":["Wild Strike+1","Thunderclap","Combust+1"],"picked":"Singing Bowl","floor":45},{"not_picked":["Magnetism","Forethought"],"picked":"Master of Strategy","floor":46},{"not_picked":["Dark Embrace","Cleave+1","Warcry"],"picked":"Singing Bowl","floor":47},{"not_picked":["Flex","Wild Strike","Evolve+1"],"picked":"Singing Bowl","floor":48},{"not_picked":["Armaments","Dropkick+1","Combust"],"picked":"Singing Bowl","floor":55}],"player_experience":2273774,"relics_obtained":[{"floor":8.0,"key":"Mummified Hand"},{"floor":9.0,"key":"Bag of Preparation"},{"floor":24.0,"key":"Torii"},{"floor":29.0,"key":"Magic Flower"},{"floor":31.0,"key":"Anchor"},{"floor":43,"key":"Smiling Mask"},{"floor":45,"key":"Bottled Tornado"},{"floor":47,"key":"Boot"},{"floor":55,"key":"HornCleat"}],"event_choices":[{"damage_healed":0.0,"max_hp_gain":0.0,"max_hp_loss":0.0,"gold_gain":0.0,"event_name":"Scrap Ooze","player_choice":"Success","floor":2.0,"gold_loss":0.0,"damage_taken":35.0,"relics_obtained":["Akabeko"]},{"damage_healed":0.0,"max_hp_gain":0.0,"max_hp_loss":0.0,"gold_gain":0.0,"event_name":"Upgrade Shrine","player_choice":"Upgraded","floor":5.0,"gold_loss":0.0,"damage_taken":0.0,"cards_upgraded":["Bash"]},{"damage_healed":0.0,"max_hp_gain":5.0,"max_hp_loss":0.0,"gold_gain":0.0,"event_name":"Big Fish","player_choice":"Donut","floor":14.0,"gold_loss":0.0,"damage_taken":0.0},{"damage_healed":0.0,"max_hp_gain":0.0,"max_hp_loss":0.0,"gold_gain":0.0,"event_name":"Vampires","player_choice":"Ignored","floor":19.0,"gold_loss":0.0,"damage_taken":0.0},{"damage_healed":0.0,"max_hp_gain":0.0,"max_hp_loss":0.0,"gold_gain":0.0,"event_name":"WeMeetAgain","player_choice":"Gave Potion","floor":20.0,"gold_loss":0.0,"damage_taken":0.0,"relics_obtained":["Singing Bowl"]},{"damage_healed":0,"gold_gain":0,"player_choice":"Ignored","damage_taken":0,"max_hp_gain":0,"max_hp_loss":0,"event_name":"Tomb of Lord Red Mask","floor":37,"gold_loss":0},{"damage_healed":0,"gold_gain":0,"player_choice":"Max HP","damage_taken":0,"max_hp_gain":0,"max_hp_loss":8,"event_name":"Winding Halls","floor":39,"gold_loss":0},{"damage_healed":0,"gold_gain":0,"player_choice":"Memory 1","damage_taken":0,"max_hp_gain":0,"max_hp_loss":0,"event_name":"SensoryStone","floor":46,"gold_loss":0}],"is_beta":true,"boss_relics":[{"not_picked":["Empty Cage","Cursed Key"],"picked":"Philosopher\u0027s Stone"},{"not_picked":["Runic Cube","Velvet Choker"],"picked":"SacredBark"}],"items_purged_floors":[13,54],"is_endless":false,"potions_floor_spawned":[3,4,16,24,25,29,33,35,38,41,47,48,55],"ascension_level":20}