{"gold_per_floor":[113,125,125,90,101,101,126,126,194,194],"floor_reached":10,"playtime":560,"items_purged":[],"score":132,"play_id":"6d5f2b66-c868-4af5-b4d8-39b04b25eb40","local_time":"20200517154158","is_ascension_mode":true,"campfire_choices":[{"data":"Bash","floor":6,"key":"SMITH"},{"data":"Clothesline","floor":8,"key":"SMITH"}],"neow_cost":"NONE","seed_source_timestamp":1919120886669119,"circlet_count":0,"master_deck":["AscendersBane","Strike_R","Strike_R","Strike_R","Strike_R","Defend_R+1","Defend_R+1","Defend_R","Defend_R","Bash+1","Body Slam","Headbutt","Clothesline+1"],"relics":["Burning Blood","War Paint","Ornamental Fan"],"potions_floor_usage":[7,10],"damage_taken":[{"damage":7,"enemies":"Small Slimes","floor":1,"turns":3},{"damage":21,"enemies":"Jaw Worm","floor":2,"turns":6},{"damage":1,"enemies":"Cultist","floor":5,"turns":4},{"damage":36,"enemies":"Lagavulin","floor":7,"turns":7},{"damage":38,"enemies":"Gremlin Nob","floor":10,"turns":4}],"seed_played":"-1584177549435744012","potions_obtained":[{"floor":2,"key":"Strength Potion"},{"floor":5,"key":"FearPotion"}],"is_trial":false,"path_per_floor":["M","M","?","?","M","R","E","R","T","E"],"character_chosen":"IRONCLAD","items_purchased":[],"campfire_rested":0,"item_purchase_floors":[],"current_hp_per_floor":[67,52,45,63,68,68,38,38,38,0],"gold":194,"neow_bonus":"TRANSFORM_CARD","is_prod":false,"is_daily":false,"chose_seed":false,"campfire_upgraded":2,"win_rate":0,"timestamp":1589755318,"path_taken":["M","M","?","?","?","R","E","R","T","E"],"build_version":"2020-01-27","purchased_purges":0,"victory":false,"max_hp_per_floor":[75,75,75,75,75,75,75,75,75,75],"card_choices":[{"not_picked":["Iron Wave","Armaments"],"picked":"Body Slam","floor":1},{"not_picked":["Rupture","Burning Pact"],"picked":"Headbutt","floor":2},{"not_picked":["Body Slam","Sever Soul","Perfected Strike"],"picked":"SKIP","floor":5},{"not_picked":["Body Slam","Havoc"],"picked":"Clothesline","floor":7}],"player_experience":2356503,"relics_obtained":[{"floor":7,"key":"War Paint"},{"floor":9,"key":"Ornamental Fan"}],"event_choices":[{"cards_removed":["Second Wind"],"damage_healed":0,"gold_gain":0,"player_choice":"Card Removal","damage_taken":7,"max_hp_gain":0,"max_hp_loss":0,"event_name":"Golden Wing","floor":3,"gold_loss":0},{"damage_healed":18,"gold_gain":0,"player_choice":"Healed","damage_taken":0,"max_hp_gain":0,"max_hp_loss":0,"event_name":"The Cleric","floor":4,"gold_loss":35}],"is_beta":true,"boss_relics":[],"items_purged_floors":[],"is_endless":false,"potions_floor_spawned":[2,5],"killed_by":"Gremlin Nob","ascension_level":20}