{"gold_per_floor":[117,137,137,53,68,68,99,99,99,111,111,122,155,175,175,251,251,263,276,309,309,2,34,34,62,87,106,6,16,16,286,286,365,365,382,400,455,486,517,529],"floor_reached":40,"playtime":2779,"items_purged":["Strike_R","Strike_R"],"score":951,"play_id":"c96878b0-5436-4268-9536-5d7655704cb5","local_time":"20200528173013","is_ascension_mode":true,"campfire_choices":[{"data":"Uppercut","floor":6.0,"key":"SMITH"},{"floor":8.0,"key":"REST"},{"data":"Inflame","floor":11.0,"key":"SMITH"},{"data":"Limit Break","floor":15.0,"key":"SMITH"},{"data":"Shockwave","floor":24,"key":"SMITH"},{"data":"Limit Break","floor":30,"key":"SMITH"},{"data":"Battle Trance","floor":32,"key":"SMITH"}],"neow_cost":"NONE","seed_source_timestamp":0,"circlet_count":0,"master_deck":["AscendersBane","Strike_R","Strike_R","Strike_R","Defend_R","Defend_R","Defend_R","Defend_R","Bash","Uppercut+1","Shrug It Off","Limit Break+1","Twin Strike","Feed","Inflame+1","Cleave","Sword Boomerang","Limit Break+1","Reaper","Headbutt","Battle Trance+1","Shockwave+1","Dark Shackles","Shrug It Off","True Grit+1","Dual Wield+1","Offering+1","Flex+1"],"special_seed":0,"relics":["Burning Blood","Red Skull","Unceasing Top","Gremlin Horn","Pantograph","Tiny Chest","Velvet Choker","Red Mask","Toxic Egg 2","SlaversCollar","MawBank"],"potions_floor_usage":[18,20,23,29,33,40],"damage_taken":[{"damage":5.0,"enemies":"Small Slimes","floor":1.0,"turns":4.0},{"damage":8.0,"enemies":"2 Louse","floor":2.0,"turns":3.0},{"damage":3.0,"enemies":"Cultist","floor":5.0,"turns":4.0},{"damage":37.0,"enemies":"Lagavulin","floor":7.0,"turns":6.0},{"damage":13.0,"enemies":"Red Slaver","floor":10.0,"turns":4.0},{"damage":4.0,"enemies":"Blue Slaver","floor":12.0,"turns":3.0},{"damage":8.0,"enemies":"Gremlin Nob","floor":13.0,"turns":3.0},{"damage":0.0,"enemies":"Large Slime","floor":14.0,"turns":4.0},{"damage":32.0,"enemies":"Hexaghost","floor":16.0,"turns":6.0},{"damage":16,"enemies":"2 Thieves","floor":18,"turns":3},{"damage":12,"enemies":"Chosen","floor":19,"turns":4},{"damage":16,"enemies":"Masked Bandits","floor":20,"turns":3},{"damage":42,"enemies":"Slavers","floor":23,"turns":4},{"damage":13,"enemies":"Book of Stabbing","floor":25,"turns":4},{"damage":28,"enemies":"Snake Plant","floor":27,"turns":4},{"damage":0,"enemies":"3 Cultists","floor":29,"turns":4},{"damage":28,"enemies":"Collector","floor":33,"turns":6},{"damage":35,"enemies":"3 Shapes","floor":35,"turns":11},{"damage":58,"enemies":"3 Darklings","floor":36,"turns":6},{"damage":28,"enemies":"Jaw Worm Horde","floor":38,"turns":3},{"damage":51,"enemies":"Sphere and 2 Shapes","floor":39,"turns":8},{"damage":60,"enemies":"Nemesis","floor":40,"turns":4}],"seed_played":"9179198654042917111","potions_obtained":[{"floor":2.0,"key":"Strength Potion"},{"floor":10.0,"key":"SkillPotion"},{"floor":13.0,"key":"SkillPotion"},{"floor":19,"key":"SkillPotion"},{"floor":23,"key":"Explosive Potion"},{"floor":25,"key":"Weak Potion"},{"floor":39,"key":"Ancient Potion"}],"is_trial":false,"path_per_floor":["M","M","?","$","M","R","E","R","T","M","R","M","E","M","R","B",null,"M","M","?","?","$","E","R","E","T","M","$","M","R","?","R","B",null,"M","M","T","M","M","E"],"character_chosen":"IRONCLAD","items_purchased":["Limit Break","Shockwave","Dark Shackles","Shrug It Off"],"campfire_rested":1,"item_purchase_floors":[4,22,22,22],"current_hp_per_floor":[69,67,41,41,44,44,13,35,35,31,31,36,34,43,43,42,74,67,79,79,79,79,46,46,66,66,58,58,93,93,60,60,93,93,99,99,99,95,53,0],"gold":529,"neow_bonus":"RANDOM_COMMON_RELIC","is_prod":false,"is_daily":false,"chose_seed":false,"campfire_upgraded":6,"win_rate":0,"timestamp":1590712213,"path_taken":["M","M","?","$","M","R","E","R","T","M","R","M","E","M","R","BOSS","M","M","?","?","$","E","R","E","T","M","$","M","R","?","R","BOSS","M","M","?","M","?","E"],"build_version":"2020-05-27","purchased_purges":2,"victory":false,"max_hp_per_floor":[75,75,75,75,75,75,75,75,75,78,78,81,81,84,84,84,84,87,87,87,87,87,90,90,93,93,93,93,93,93,93,93,93,93,99,99,99,102,105,105],"card_choices":[{"not_picked":["Cleave","Dropkick"],"picked":"Uppercut","floor":1.0},{"not_picked":["Heavy Blade","Warcry"],"picked":"Shrug It Off","floor":2.0},{"not_picked":["Feel No Pain","Clothesline"],"picked":"Twin Strike","floor":5.0},{"not_picked":["Headbutt","Wild Strike"],"picked":"Feed","floor":7.0},{"not_picked":["Dual Wield","Anger"],"picked":"Inflame","floor":10.0},{"not_picked":["Thunderclap","Wild Strike"],"picked":"Cleave","floor":12.0},{"not_picked":["Hemokinesis","Shrug It Off"],"picked":"Sword Boomerang","floor":13.0},{"not_picked":["Anger","Dark Embrace"],"picked":"Limit Break","floor":14.0},{"not_picked":["Double Tap","Juggernaut"],"picked":"Reaper","floor":16.0},{"not_picked":["Cleave","Second Wind+1","Twin Strike"],"picked":"SKIP","floor":18},{"not_picked":["Shrug It Off","Warcry+1"],"picked":"Headbutt","floor":19},{"not_picked":["Hemokinesis","Havoc+1"],"picked":"True Grit+1","floor":23},{"not_picked":["Pommel Strike","Iron Wave"],"picked":"Dual Wield+1","floor":25},{"not_picked":["Twin Strike","Warcry+1","Thunderclap"],"picked":"SKIP","floor":27},{"not_picked":["Blood for Blood","Uppercut","Searing Blow"],"picked":"SKIP","floor":29},{"not_picked":["Fiend Fire","Juggernaut"],"picked":"Offering+1","floor":33},{"not_picked":["Bloodletting+1","Second Wind+1","Intimidate+1"],"picked":"SKIP","floor":35},{"not_picked":["Hemokinesis","Bloodletting+1"],"picked":"Flex+1","floor":36},{"not_picked":["Intimidate+1","Second Wind+1","Flex+1"],"picked":"SKIP","floor":38},{"not_picked":["Headbutt+1","Twin Strike","Feel No Pain"],"picked":"SKIP","floor":39}],"player_experience":2382347,"relics_obtained":[{"floor":7.0,"key":"Gremlin Horn"},{"floor":9.0,"key":"Pantograph"},{"floor":13.0,"key":"Tiny Chest"},{"floor":20,"key":"Red Mask"},{"floor":23,"key":"Toxic Egg 2"},{"floor":37,"key":"MawBank"}],"event_choices":[{"damage_healed":0.0,"max_hp_gain":0.0,"max_hp_loss":0.0,"gold_gain":0.0,"event_name":"Scrap Ooze","player_choice":"Success","floor":3.0,"gold_loss":0.0,"damage_taken":26.0,"relics_obtained":["Unceasing Top"]},{"damage_healed":0,"gold_gain":0,"player_choice":"Fought Bandits","damage_taken":0,"max_hp_gain":0,"max_hp_loss":0,"event_name":"Masked Bandits","floor":20,"gold_loss":0},{"damage_healed":0,"gold_gain":0,"player_choice":"Read","damage_taken":0,"max_hp_gain":0,"max_hp_loss":0,"event_name":"The Library","floor":21,"gold_loss":0,"cards_obtained":["Battle Trance"]},{"damage_healed":0,"gold_gain":270,"player_choice":"POTION GOLD GOLD GOLD ","damage_taken":33,"max_hp_gain":0,"max_hp_loss":0,"event_name":"Knowing Skull","floor":31,"potions_obtained":["ColorlessPotion"],"gold_loss":0,"cards_obtained":[]}],"is_beta":true,"boss_relics":[{"not_picked":["Pandora\u0027s Box","Black Star"],"picked":"Velvet Choker"},{"not_picked":["Snecko Eye","Runic Cube"],"picked":"SlaversCollar"}],"items_purged_floors":[22,28],"is_endless":false,"potions_floor_spawned":[2,10,13,19,23,25,39],"killed_by":"Nemesis","ascension_level":20}