{"gold_per_floor":[111,111,131,150,150,150,176,101,101,101,101,134,145,155,155,231,231,247,197,29,40,58,58,72,84,109,109,144,44,64,89,89,160,160,172,224,238,256,275,310,310,310,310,344,354,379,39,50,50,50,50,50,50,5,31,31],"floor_reached":56,"playtime":5829,"items_purged":["Strike_R","Strike_R","Inflame"],"score":1953,"play_id":"e3f465b1-f148-4748-8edc-7a9d90be5db8","local_time":"20200529215126","is_ascension_mode":true,"campfire_choices":[{"data":"Bash","floor":6.0,"key":"SMITH"},{"data":"Pommel Strike","floor":10.0,"key":"SMITH"},{"data":"Spot Weakness","floor":15.0,"key":"SMITH"},{"floor":23.0,"key":"REST"},{"data":"Disarm","floor":27.0,"key":"SMITH"},{"floor":32.0,"key":"REST"},{"floor":42.0,"key":"RECALL"},{"floor":49.0,"key":"REST"},{"floor":53.0,"key":"REST"}],"neow_cost":"NONE","seed_source_timestamp":60111982847129,"circlet_count":0,"master_deck":["AscendersBane","Strike_R","Defend_R","Defend_R","Bash+1","Disarm+1","Flame Barrier","Pommel Strike+1","Impervious","Spot Weakness+1","Headbutt","Offering","Clothesline","Twin Strike+1","Evolve","Shrug It Off","Reaper","Shrug It Off","Shockwave","Power Through","Bloodletting+1","Juggernaut","Disarm","Evolve","Rupture","Feel No Pain","Shrug It Off+1"],"special_seed":0,"relics":["Burning Blood","Ice Cream","White Beast Statue","Thread and Needle","Mark of Pain","Medical Kit","InkBottle","Dream Catcher","Fusion Hammer","Mango","Oddly Smooth Stone","The Courier","Letter Opener","Akabeko","Happy Flower"],"potions_floor_usage":[56,56],"damage_taken":[{"damage":0.0,"enemies":"Small Slimes","floor":1.0,"turns":4.0},{"damage":4.0,"enemies":"Cultist","floor":3.0,"turns":3.0},{"damage":1.0,"enemies":"2 Louse","floor":4.0,"turns":4.0},{"damage":27.0,"enemies":"Gremlin Nob","floor":7.0,"turns":4.0},{"damage":6.0,"enemies":"Lagavulin","floor":12.0,"turns":6.0},{"damage":0.0,"enemies":"Red Slaver","floor":13.0,"turns":5.0},{"damage":4.0,"enemies":"Gremlin Gang","floor":14.0,"turns":5.0},{"damage":44.0,"enemies":"Slime Boss","floor":16.0,"turns":12.0},{"damage":34.0,"enemies":"Shell Parasite","floor":18.0,"turns":5.0},{"damage":16.0,"enemies":"2 Thieves","floor":21.0,"turns":4.0},{"damage":24.0,"enemies":"Cultist and Chosen","floor":22.0,"turns":5.0},{"damage":6.0,"enemies":"Snecko","floor":24.0,"turns":3.0},{"damage":0.0,"enemies":"Snake Plant","floor":25.0,"turns":4.0},{"damage":32.0,"enemies":"Gremlin Leader","floor":28.0,"turns":4.0},{"damage":0.0,"enemies":"Centurion and Healer","floor":30.0,"turns":5.0},{"damage":20.0,"enemies":"Book of Stabbing","floor":31.0,"turns":4.0},{"damage":30.0,"enemies":"Champ","floor":33.0,"turns":16.0},{"damage":19.0,"enemies":"3 Darklings","floor":35.0,"turns":7.0},{"damage":47.0,"enemies":"2 Orb Walkers","floor":36.0,"turns":5.0},{"damage":11.0,"enemies":"3 Shapes","floor":37.0,"turns":6.0},{"damage":14.0,"enemies":"Maw","floor":38.0,"turns":9.0},{"damage":19.0,"enemies":"Writhing Mass","floor":39.0,"turns":7.0},{"damage":17.0,"enemies":"Reptomancer","floor":40.0,"turns":6.0},{"damage":16.0,"enemies":"Nemesis","floor":44.0,"turns":9.0},{"damage":19.0,"enemies":"4 Shapes","floor":45.0,"turns":4.0},{"damage":16.0,"enemies":"Giant Head","floor":46.0,"turns":7.0},{"damage":12.0,"enemies":"Maw","floor":48.0,"turns":6.0},{"damage":60.0,"enemies":"Awakened One","floor":50.0,"turns":14.0},{"damage":41.0,"enemies":"Donu and Deca","floor":51.0,"turns":11.0},{"damage":76.0,"enemies":"Shield and Spear","floor":55.0,"turns":8.0},{"damage":75,"enemies":"The Heart","floor":56,"turns":6}],"seed_played":"-6281626571394697394","potions_obtained":[{"floor":1.0,"key":"Swift Potion"},{"floor":4.0,"key":"ElixirPotion"},{"floor":7.0,"key":"Strength Potion"},{"floor":12.0,"key":"SkillPotion"},{"floor":13.0,"key":"FearPotion"},{"floor":14.0,"key":"LiquidBronze"},{"floor":18.0,"key":"BloodPotion"},{"floor":22.0,"key":"Fire Potion"},{"floor":28.0,"key":"SpeedPotion"},{"floor":30.0,"key":"Dexterity Potion"},{"floor":31.0,"key":"FairyPotion"},{"floor":33.0,"key":"FairyPotion"},{"floor":35.0,"key":"Dexterity Potion"},{"floor":36.0,"key":"SkillPotion"},{"floor":37.0,"key":"PowerPotion"},{"floor":38.0,"key":"Weak Potion"},{"floor":39.0,"key":"SkillPotion"},{"floor":40.0,"key":"SteroidPotion"},{"floor":44.0,"key":"Strength Potion"},{"floor":48.0,"key":"FearPotion"}],"is_trial":false,"path_per_floor":["M","?","M","M","?","R","E","$","T","R","?","E","M","M","R","B",null,"M","?","$","M","M","R","M","M","T","R","E","$","M","E","R","B",null,"M","?","M","M","M","E","?","R","T","E","M","E","$","M","R","B","B",null,"R","$","E","B"],"character_chosen":"IRONCLAD","items_purchased":["Medical Kit","Evolve","Rupture","Inflame","Feel No Pain","Strength Potion"],"campfire_rested":4,"item_purchase_floors":[20,47,47,47,47,54],"current_hp_per_floor":[81,81,82,82,75,75,54,54,54,54,54,54,60,62,62,24,68,40,40,40,30,28,52,52,58,58,58,32,32,38,24,48,60,77,82,67,82,96,96,96,96,96,96,96,83,96,96,96,96,72,61,87,96,96,53,0],"gold":31,"neow_bonus":"TEN_PERCENT_HP_BONUS","is_prod":false,"is_daily":false,"chose_seed":false,"campfire_upgraded":4,"win_rate":0,"timestamp":1590814286,"path_taken":["M","?","?","M","?","R","E","$","T","R","?","E","M","M","R","BOSS","M","?","$","M","?","R","M","?","T","R","E","?","M","E","R","BOSS","M","?","M","M","M","E","?","R","T","E","?","E","$","M","R","BOSS","BOSS","R","$","E","BOSS"],"build_version":"2020-05-27","purchased_purges":3,"victory":false,"max_hp_per_floor":[82,82,82,82,82,82,82,82,82,82,82,82,82,82,82,82,82,82,82,82,82,82,82,82,82,82,82,82,82,82,82,82,82,82,82,96,96,96,96,96,96,96,96,96,96,96,96,96,96,96,96,96,96,96,96,96],"card_choices":[{"not_picked":["Thunderclap","Sword Boomerang"],"picked":"Disarm","floor":1.0},{"not_picked":["Blood for Blood","Shockwave"],"picked":"Flame Barrier","floor":3.0},{"not_picked":["Flame Barrier","Shrug It Off"],"picked":"Pommel Strike","floor":4.0},{"not_picked":["Wild Strike","Disarm"],"picked":"Impervious","floor":7.0},{"not_picked":["Headbutt","Clothesline"],"picked":"Spot Weakness","floor":12.0},{"not_picked":["Warcry","Flex"],"picked":"Headbutt","floor":13.0},{"not_picked":["Thunderclap","Body Slam","Whirlwind"],"picked":"SKIP","floor":14.0},{"not_picked":["Demon Form","Bludgeon"],"picked":"Offering","floor":16.0},{"not_picked":["Anger","Reckless Charge"],"picked":"Clothesline","floor":18.0},{"not_picked":["Sever Soul","Warcry"],"picked":"Twin Strike+1","floor":21.0},{"not_picked":["Sentinel","Whirlwind","Warcry"],"picked":"SKIP","floor":22.0},{"not_picked":["Anger","Berserk","Pommel Strike"],"picked":"SKIP","floor":24.0},{"not_picked":["Wild Strike","Infernal Blade"],"picked":"Evolve","floor":25.0},{"not_picked":["Inflame","Thunderclap"],"picked":"Shrug It Off","floor":28.0},{"not_picked":["Wild Strike","Perfected Strike","Sword Boomerang"],"picked":"SKIP","floor":30.0},{"not_picked":["Immolate","Dark Embrace"],"picked":"Reaper","floor":31.0},{"not_picked":["Seeing Red","Headbutt"],"picked":"Shrug It Off","floor":32.0},{"not_picked":["Twin Strike+1","Body Slam","Headbutt"],"picked":"SKIP","floor":35.0},{"not_picked":["Wild Strike","Perfected Strike"],"picked":"Shockwave","floor":36.0},{"not_picked":["Whirlwind+1","Bloodletting"],"picked":"Power Through","floor":37.0},{"not_picked":["Armaments","Seeing Red"],"picked":"Bloodletting+1","floor":38.0},{"not_picked":["Seeing Red","Armaments"],"picked":"Juggernaut","floor":39.0},{"not_picked":["Dropkick+1","Twin Strike"],"picked":"Disarm","floor":40.0},{"not_picked":["Warcry","Second Wind","Sword Boomerang"],"picked":"SKIP","floor":44.0},{"not_picked":["Armaments","Sever Soul","True Grit"],"picked":"SKIP","floor":45.0},{"not_picked":["Bloodletting","Thunderclap+1","Iron Wave"],"picked":"SKIP","floor":46.0},{"not_picked":["Warcry","Havoc+1"],"picked":"Shrug It Off+1","floor":48.0},{"not_picked":["Ghostly Armor","Searing Blow","Iron Wave"],"picked":"SKIP","floor":55.0}],"player_experience":2393911,"relics_obtained":[{"floor":7.0,"key":"Ice Cream"},{"floor":9.0,"key":"White Beast Statue"},{"floor":12.0,"key":"Thread and Needle"},{"floor":28.0,"key":"InkBottle"},{"floor":31.0,"key":"Dream Catcher"},{"floor":36.0,"key":"Mango"},{"floor":40.0,"key":"Oddly Smooth Stone"},{"floor":43.0,"key":"The Courier"},{"floor":44.0,"key":"Letter Opener"},{"floor":46.0,"key":"Akabeko"},{"floor":55.0,"key":"Happy Flower"}],"event_choices":[{"cards_removed":["Strike_R"],"damage_healed":0.0,"max_hp_gain":0.0,"max_hp_loss":0.0,"gold_gain":0.0,"event_name":"Purifier","player_choice":"Purged","floor":2.0,"gold_loss":0.0,"damage_taken":0.0},{"cards_removed":["Defend_R"],"damage_healed":0.0,"max_hp_gain":0.0,"max_hp_loss":0.0,"gold_gain":0.0,"event_name":"Golden Wing","player_choice":"Card Removal","floor":5.0,"gold_loss":0.0,"damage_taken":7.0},{"cards_removed":["Defend_R"],"damage_healed":0.0,"max_hp_gain":0.0,"max_hp_loss":0.0,"gold_gain":0.0,"event_name":"Bonfire Elementals","player_choice":"Offered Basic","floor":11.0,"gold_loss":0.0,"damage_taken":0.0},{"damage_healed":0.0,"max_hp_gain":0.0,"max_hp_loss":0.0,"gold_gain":0.0,"event_name":"The Joust","player_choice":"Bet on Owner","floor":19.0,"gold_loss":50.0,"damage_taken":0.0},{"damage_healed":0.0,"max_hp_gain":0.0,"max_hp_loss":0.0,"gold_gain":0.0,"event_name":"Mysterious Sphere","player_choice":"Fight","floor":36.0,"gold_loss":0.0,"damage_taken":0.0},{"cards_removed":["Strike_R"],"damage_healed":0.0,"max_hp_gain":0.0,"max_hp_loss":0.0,"gold_gain":0.0,"event_name":"Purifier","player_choice":"Purged","floor":41.0,"gold_loss":0.0,"damage_taken":0.0}],"is_beta":true,"boss_relics":[{"not_picked":["Coffee Dripper","Pandora\u0027s Box"],"picked":"Mark of Pain"},{"not_picked":["Runic Pyramid","SlaversCollar"],"picked":"Fusion Hammer"}],"items_purged_floors":[8,29,47],"is_endless":false,"potions_floor_spawned":[1,4,7,12,13,14,16,18,21,22,24,25,28,30,31,33,35,36,37,38,39,40,44,45,46,48,55],"killed_by":"The Heart","ascension_level":20}