{"gold_per_floor":[19,38,38,50,65,97,97,122,145,145,145,158,185,201,201,274,274,287,287,158,176,186,186,186,211,211,222,122,151,151,180,180,180],"floor_reached":33,"playtime":3551,"items_purged":["Strike_R","Pain"],"score":750,"play_id":"7dc498a5-be0a-4988-9a12-9959c5971f67","local_time":"20200521201552","is_ascension_mode":true,"campfire_choices":[{"data":"Perfected Strike","floor":7,"key":"SMITH"},{"data":"Bash","floor":11,"key":"SMITH"},{"data":"Heavy Blade","floor":15,"key":"SMITH"},{"floor":23,"key":"REST"},{"data":"Uppercut","floor":30,"key":"SMITH"},{"data":"Combust","floor":32,"key":"SMITH"}],"neow_cost":"NO_GOLD","seed_source_timestamp":2120262828779457,"circlet_count":0,"master_deck":["AscendersBane","Strike_R","Strike_R","Strike_R","Defend_R","Defend_R","Defend_R","Defend_R","Bash+1","Anger","Perfected Strike+1","Hemokinesis","Armaments+1","Inflame+1","Headbutt","Feel No Pain","Heavy Blade+1","Reaper","Rampage","Shrug It Off","Exhume","Uppercut+1","Fiend Fire","Combust+1"],"relics":["Burning Blood","FossilizedHelix","Bronze Scales","PreservedInsect","Blood Vial","Toy Ornithopter","Cursed Key","Eternal Feather","Turnip","Mummified Hand","Orichalcum"],"potions_floor_usage":[8,20,25,31],"damage_taken":[{"damage":0,"enemies":"2 Louse","floor":1,"turns":4},{"damage":0,"enemies":"Cultist","floor":2,"turns":4},{"damage":2,"enemies":"Jaw Worm","floor":4,"turns":4},{"damage":9,"enemies":"Lots of Slimes","floor":5,"turns":4},{"damage":27,"enemies":"Gremlin Nob","floor":6,"turns":4},{"damage":18,"enemies":"3 Sentries","floor":8,"turns":6},{"damage":6,"enemies":"Exordium Wildlife","floor":12,"turns":3},{"damage":3,"enemies":"Lagavulin","floor":13,"turns":3},{"damage":0,"enemies":"Large Slime","floor":14,"turns":4},{"damage":48,"enemies":"Hexaghost","floor":16,"turns":9},{"damage":19,"enemies":"Shell Parasite","floor":18,"turns":4},{"damage":18,"enemies":"2 Thieves","floor":21,"turns":4},{"damage":33,"enemies":"Sentry and Sphere","floor":22,"turns":5},{"damage":40,"enemies":"Slavers","floor":25,"turns":6},{"damage":32,"enemies":"Snake Plant","floor":27,"turns":3},{"damage":0,"enemies":"Book of Stabbing","floor":29,"turns":3},{"damage":11,"enemies":"Gremlin Leader","floor":31,"turns":5},{"damage":106,"enemies":"Collector","floor":33,"turns":8}],"seed_played":"3631082764206997314","potions_obtained":[{"floor":5,"key":"BloodPotion"},{"floor":6,"key":"BlessingOfTheForge"},{"floor":12,"key":"FairyPotion"},{"floor":18,"key":"Dexterity Potion"},{"floor":25,"key":"FairyPotion"},{"floor":31,"key":"Ancient Potion"}],"is_trial":false,"path_per_floor":["M","M","?","M","M","E","R","E","T","?","R","M","E","M","R","B",null,"M","?","$","M","M","R","?","E","T","M","$","E","R","E","R","B"],"character_chosen":"IRONCLAD","items_purchased":["FearPotion"],"campfire_rested":1,"item_purchase_floors":[20],"current_hp_per_floor":[74,75,75,75,72,51,51,39,39,39,39,41,46,54,54,14,60,49,49,69,62,37,59,59,48,48,30,30,48,60,75,75,0],"gold":180,"neow_bonus":"ONE_RARE_RELIC","is_prod":false,"is_daily":false,"chose_seed":false,"campfire_upgraded":5,"win_rate":0,"timestamp":1590117352,"path_taken":["M","M","?","?","M","E","R","E","T","?","R","M","E","M","R","BOSS","M","?","$","?","M","R","?","E","T","M","$","E","R","E","R","BOSS"],"build_version":"2020-01-27","purchased_purges":2,"victory":false,"max_hp_per_floor":[75,75,75,75,75,75,75,75,75,75,75,75,75,75,75,75,75,75,75,75,75,75,75,75,75,75,75,75,75,75,75,75,75],"card_choices":[{"not_picked":["Iron Wave","Warcry"],"picked":"Anger","floor":1},{"not_picked":["Armaments","Cleave"],"picked":"Perfected Strike","floor":2},{"not_picked":["Iron Wave","Havoc"],"picked":"Armaments","floor":4},{"not_picked":["Clothesline","Armaments"],"picked":"Inflame","floor":5},{"not_picked":["Feel No Pain","Shrug It Off"],"picked":"Headbutt","floor":6},{"not_picked":["Burning Pact","Cleave","Evolve"],"picked":"SKIP","floor":8},{"not_picked":["Wild Strike","Armaments","Fire Breathing"],"picked":"SKIP","floor":12},{"not_picked":["Havoc","Anger"],"picked":"Feel No Pain","floor":13},{"not_picked":["Flex","Sword Boomerang"],"picked":"Heavy Blade","floor":14},{"not_picked":["Demon Form","Impervious"],"picked":"Reaper","floor":16},{"not_picked":["Body Slam+1","Clothesline","Anger"],"picked":"SKIP","floor":18},{"not_picked":["Intimidate","Cleave"],"picked":"Rampage","floor":21},{"not_picked":["Body Slam","Flex"],"picked":"Shrug It Off","floor":22},{"not_picked":["Rage","Anger+1"],"picked":"Uppercut","floor":25},{"not_picked":["Dual Wield","Headbutt"],"picked":"Fiend Fire","floor":27},{"not_picked":["Rampage","Headbutt","Burning Pact"],"picked":"SKIP","floor":29},{"not_picked":["True Grit","Uppercut"],"picked":"Combust","floor":31}],"player_experience":2361998,"relics_obtained":[{"floor":6,"key":"Bronze Scales"},{"floor":8,"key":"PreservedInsect"},{"floor":9,"key":"Blood Vial"},{"floor":13,"key":"Toy Ornithopter"},{"floor":25,"key":"Eternal Feather"},{"floor":26,"key":"Turnip"},{"floor":29,"key":"Mummified Hand"},{"floor":31,"key":"Orichalcum"}],"event_choices":[{"damage_healed":0,"gold_gain":0,"cards_transformed":["Strike_R"],"player_choice":"Transformed","damage_taken":0,"max_hp_gain":0,"max_hp_loss":0,"event_name":"Transmorgrifier","floor":3,"gold_loss":0,"cards_obtained":["Hemokinesis"]},{"damage_healed":0,"gold_gain":0,"player_choice":"Grow","damage_taken":0,"max_hp_gain":0,"max_hp_loss":0,"event_name":"Living Wall","floor":10,"gold_loss":0,"cards_upgraded":["Inflame"]},{"damage_healed":0,"gold_gain":0,"player_choice":"Upgraded","damage_taken":0,"max_hp_gain":0,"max_hp_loss":0,"event_name":"Upgrade Shrine","floor":19,"gold_loss":0,"cards_upgraded":["Armaments"]},{"damage_healed":0,"gold_gain":0,"player_choice":"Read","damage_taken":0,"max_hp_gain":0,"max_hp_loss":0,"event_name":"The Library","floor":24,"gold_loss":0,"cards_obtained":["Exhume"]}],"is_beta":true,"boss_relics":[{"not_picked":["Ectoplasm","Black Blood"],"picked":"Cursed Key"}],"items_purged_floors":[20,28],"is_endless":false,"potions_floor_spawned":[5,6,12,18,22,25,31],"killed_by":"Collector","ascension_level":20}