{"gold_per_floor":[111,124,142,142,142,167,167,200,200,200,229,229,248,283,283,358,358,374,41,57,57,76,76,102,27,82,116,127,145,173,201,201,273,273,291,308,35,360,410,443,458,458,482,511,511,543,558,578,578,578,578,578,578,122,153,153],"floor_reached":57,"playtime":4825,"items_purged":["Strike_R","Strike_R","Strike_R"],"score":2981,"play_id":"0408d387-5809-4560-9340-5e3a4eff1403","local_time":"20200522183835","is_ascension_mode":true,"campfire_choices":[{"data":"Clothesline","floor":7.0,"key":"SMITH"},{"floor":10.0,"key":"REST"},{"data":"Limit Break","floor":12.0,"key":"SMITH"},{"data":"Headbutt","floor":15.0,"key":"SMITH"},{"data":"Flame Barrier","floor":23.0,"key":"SMITH"},{"floor":32,"key":"REST"},{"floor":45,"key":"RECALL"},{"data":"Inflame","floor":49,"key":"SMITH"},{"data":"Battle Trance","floor":53,"key":"SMITH"}],"neow_cost":"NONE","seed_source_timestamp":2167761998169398,"circlet_count":0,"master_deck":["AscendersBane","Strike_R","Defend_R+1","Defend_R","Defend_R","Defend_R+1","Bash+1","Anger","Ghostly Armor","Battle Trance+1","Clothesline+1","Limit Break+1","Headbutt+1","Reaper","Inflame+1","Flame Barrier+1","Feel No Pain","Impervious","Shockwave+1","Feed","Inflame","Spot Weakness+1","Disarm+1","Headbutt+1"],"special_seed":0,"relics":["Burning Blood","Red Skull","Singing Bowl","InkBottle","Bottled Lightning","Potion Belt","Black Star","Bronze Scales","Anchor","Paper Frog","Thread and Needle","Centennial Puzzle","Red Mask","Kunai","Self Forming Clay","Sozu","War Paint","Old Coin","Bag of Preparation","PreservedInsect","Bottled Flame","Toy Ornithopter","Art of War","Dream Catcher","Sundial","Mercury Hourglass","Orrery","Happy Flower","TungstenRod","Calipers"],"potions_floor_usage":[24,30,31,33,40,56],"damage_taken":[{"damage":9.0,"enemies":"Jaw Worm","floor":1.0,"turns":3.0},{"damage":12.0,"enemies":"Small Slimes","floor":2.0,"turns":4.0},{"damage":2.0,"enemies":"Cultist","floor":3.0,"turns":4.0},{"damage":32.0,"enemies":"Gremlin Nob","floor":6.0,"turns":4.0},{"damage":15.0,"enemies":"Lagavulin","floor":8.0,"turns":5.0},{"damage":22.0,"enemies":"Gremlin Nob","floor":11.0,"turns":4.0},{"damage":17.0,"enemies":"Exordium Wildlife","floor":13.0,"turns":4.0},{"damage":10.0,"enemies":"3 Sentries","floor":14.0,"turns":4.0},{"damage":21.0,"enemies":"Hexaghost","floor":16.0,"turns":7.0},{"damage":23.0,"enemies":"Chosen","floor":18.0,"turns":7.0},{"damage":16.0,"enemies":"Spheric Guardian","floor":20.0,"turns":4.0},{"damage":32.0,"enemies":"Snecko","floor":22.0,"turns":7.0},{"damage":0,"enemies":"Gremlin Leader","floor":24,"turns":6},{"damage":60,"enemies":"Book of Stabbing","floor":27,"turns":6},{"damage":7,"enemies":"Snake Plant","floor":28,"turns":6},{"damage":0,"enemies":"Centurion and Healer","floor":29,"turns":8},{"damage":14,"enemies":"Masked Bandits","floor":30,"turns":5},{"damage":63,"enemies":"Gremlin Leader","floor":31,"turns":9},{"damage":47,"enemies":"Champ","floor":33,"turns":13},{"damage":8,"enemies":"3 Darklings","floor":35,"turns":6},{"damage":6,"enemies":"Orb Walker","floor":36,"turns":4},{"damage":18,"enemies":"Mind Bloom Boss Battle","floor":38,"turns":11},{"damage":99,"enemies":"Reptomancer","floor":40,"turns":6},{"damage":14,"enemies":"Jaw Worm Horde","floor":41,"turns":6},{"damage":56,"enemies":"Nemesis","floor":44,"turns":7},{"damage":52,"enemies":"Reptomancer","floor":46,"turns":5},{"damage":27,"enemies":"Transient","floor":47,"turns":6},{"damage":0,"enemies":"3 Darklings","floor":48,"turns":4},{"damage":63,"enemies":"Donu and Deca","floor":50,"turns":8},{"damage":73,"enemies":"Awakened One","floor":51,"turns":9},{"damage":53,"enemies":"Shield and Spear","floor":55,"turns":6},{"damage":90,"enemies":"The Heart","floor":56,"turns":8}],"seed_played":"7740892885830456475","potions_obtained":[{"floor":2.0,"key":"BloodPotion"},{"floor":3.0,"key":"Dexterity Potion"},{"floor":6.0,"key":"Explosive Potion"},{"floor":16.0,"key":"PowerPotion"},{"floor":22.0,"key":"SteroidPotion"},{"floor":27,"key":"BlessingOfTheForge"},{"floor":28,"key":"ColorlessPotion"},{"floor":30,"key":"Explosive Potion"},{"floor":31,"key":"FearPotion"},{"floor":33,"key":"SpeedPotion"}],"is_trial":false,"path_per_floor":["M","M","M","?","?","E","R","E","T","R","E","R","M","E","R","B",null,"M","$","M","?","M","R","E","$","T","E","M","M","?","E","R","B",null,"M","M","$","?","?","E","M","T","T","E","R","E","M","M","R","B","B",null,"R","$","E","B",null],"character_chosen":"IRONCLAD","items_purchased":["Inflame","Bronze Scales","Flame Barrier","War Paint","Orrery","Happy Flower"],"campfire_rested":2,"item_purchase_floors":[19,19,19,37,54,54],"current_hp_per_floor":[65,59,63,63,68,42,42,33,33,57,41,41,32,30,30,15,67,55,55,47,47,36,36,92,92,92,38,37,81,75,20,49,98,98,98,105,105,105,105,70,110,110,110,79,79,112,106,114,114,114,114,114,114,124,123,103],"gold":153,"neow_bonus":"UPGRADE_CARD","is_prod":false,"is_daily":false,"chose_seed":false,"campfire_upgraded":6,"win_rate":0,"timestamp":1590197915,"path_taken":["M","M","M","?","?","E","R","E","T","R","E","R","M","E","R","BOSS","M","$","M","?","?","R","E","$","T","E","M","M","?","E","R","BOSS","M","M","$","?","?","E","?","?","T","E","R","E","M","M","R","BOSS","BOSS","R","$","E","BOSS"],"build_version":"2020-01-27","purchased_purges":3,"victory":true,"max_hp_per_floor":[75,75,75,75,80,80,80,80,80,80,80,80,82,84,84,84,84,86,86,88,88,90,90,92,92,92,92,92,94,96,98,98,98,98,100,105,105,105,105,107,110,110,110,112,112,112,114,114,114,114,114,114,114,124,126,126],"card_choices":[{"not_picked":["Warcry","Wild Strike"],"picked":"Anger","floor":1.0},{"not_picked":["Clash","Thunderclap"],"picked":"Ghostly Armor","floor":2.0},{"not_picked":["True Grit","Thunderclap"],"picked":"Battle Trance","floor":3.0},{"not_picked":["Seeing Red","Blood for Blood"],"picked":"Clothesline","floor":6.0},{"not_picked":["Pummel","Rage"],"picked":"Limit Break","floor":8.0},{"not_picked":["Iron Wave","Sword Boomerang"],"picked":"Headbutt","floor":11.0},{"not_picked":["Body Slam","Seeing Red","Intimidate"],"picked":"Singing Bowl","floor":13.0},{"not_picked":["Sword Boomerang","True Grit","Heavy Blade"],"picked":"Singing Bowl","floor":14.0},{"not_picked":["Berserk","Double Tap"],"picked":"Reaper","floor":16.0},{"not_picked":["Cleave","Anger","Dual Wield+1"],"picked":"Singing Bowl","floor":18.0},{"not_picked":["Warcry","Dual Wield","Dropkick"],"picked":"Singing Bowl","floor":20.0},{"not_picked":["Heavy Blade","Dropkick","Clash"],"picked":"Singing Bowl","floor":22.0},{"not_picked":["Whirlwind","Clash","Fire Breathing"],"picked":"Singing Bowl","floor":24},{"not_picked":["Carnage","Headbutt"],"picked":"Impervious","floor":27},{"not_picked":["Infernal Blade","Evolve+1"],"picked":"Shockwave+1","floor":28},{"not_picked":["Cleave","Twin Strike","Thunderclap"],"picked":"Singing Bowl","floor":29},{"not_picked":["Rampage","Rage","Thunderclap+1"],"picked":"Singing Bowl","floor":30},{"not_picked":["Carnage","Sword Boomerang","Heavy Blade"],"picked":"Singing Bowl","floor":31},{"not_picked":["Impervious","Berserk"],"picked":"Feed","floor":33},{"not_picked":["Clothesline+1","Cleave+1","Hemokinesis"],"picked":"Singing Bowl","floor":35},{"not_picked":["Battle Trance","Rage","Infernal Blade+1"],"picked":"Singing Bowl","floor":36},{"not_picked":["Armaments","Wild Strike+1"],"picked":"Inflame","floor":38},{"not_picked":["Blood for Blood","Body Slam","Fire Breathing"],"picked":"Singing Bowl","floor":40},{"not_picked":["Armaments","Wild Strike"],"picked":"Spot Weakness+1","floor":41},{"not_picked":["Twin Strike","Demon Form","True Grit"],"picked":"Singing Bowl","floor":44},{"not_picked":["Burning Pact+1","Clash+1"],"picked":"Disarm+1","floor":46},{"not_picked":["Armaments","Entrench+1","Evolve+1"],"picked":"Singing Bowl","floor":47},{"not_picked":["Anger","Fire Breathing"],"picked":"Headbutt+1","floor":48},{"not_picked":["Twin Strike+1","Hemokinesis+1","Dark Embrace"],"picked":"Singing Bowl","floor":54},{"not_picked":["Armaments","Rampage+1","Warcry"],"picked":"Singing Bowl","floor":54},{"not_picked":["Iron Wave","Combust","Wild Strike"],"picked":"Singing Bowl","floor":54},{"not_picked":["Carnage","Flame Barrier","Dropkick"],"picked":"Singing Bowl","floor":54},{"not_picked":["Juggernaut","Rampage","Clothesline"],"picked":"Singing Bowl","floor":54},{"not_picked":["Evolve","Immolate","Twin Strike"],"picked":"Singing Bowl","floor":55}],"player_experience":2365549,"relics_obtained":[{"floor":6.0,"key":"Red Skull"},{"floor":8.0,"key":"Singing Bowl"},{"floor":9.0,"key":"InkBottle"},{"floor":11.0,"key":"Bottled Lightning"},{"floor":14.0,"key":"Potion Belt"},{"floor":24,"key":"Anchor"},{"floor":24,"key":"Paper Frog"},{"floor":27,"key":"Thread and Needle"},{"floor":27,"key":"Centennial Puzzle"},{"floor":30,"key":"Red Mask"},{"floor":31,"key":"Kunai"},{"floor":31,"key":"Self Forming Clay"},{"floor":38,"key":"Old Coin"},{"floor":40,"key":"Bag of Preparation"},{"floor":40,"key":"PreservedInsect"},{"floor":42,"key":"Bottled Flame"},{"floor":43,"key":"Toy Ornithopter"},{"floor":44,"key":"Art of War"},{"floor":44,"key":"Dream Catcher"},{"floor":46,"key":"Sundial"},{"floor":46,"key":"Mercury Hourglass"},{"floor":55,"key":"TungstenRod"},{"floor":55,"key":"Calipers"}],"event_choices":[{"damage_healed":0.0,"max_hp_gain":0.0,"max_hp_loss":0.0,"gold_gain":0.0,"event_name":"Liars Game","player_choice":"Ignored","floor":4.0,"gold_loss":0.0,"damage_taken":0.0},{"damage_healed":0.0,"max_hp_gain":5.0,"max_hp_loss":0.0,"gold_gain":0.0,"event_name":"Big Fish","player_choice":"Donut","floor":5.0,"gold_loss":0.0,"damage_taken":0.0},{"damage_healed":0.0,"max_hp_gain":0.0,"max_hp_loss":0.0,"gold_gain":0.0,"cards_transformed":["Strike_R"],"event_name":"Transmorgrifier","player_choice":"Transformed","floor":21.0,"gold_loss":0.0,"damage_taken":0.0,"cards_obtained":["Feel No Pain"]},{"damage_healed":0,"gold_gain":0,"player_choice":"Fought Bandits","damage_taken":0,"max_hp_gain":0,"max_hp_loss":0,"event_name":"Masked Bandits","floor":30,"gold_loss":0},{"damage_healed":0,"gold_gain":0,"player_choice":"Fight","damage_taken":0,"max_hp_gain":0,"max_hp_loss":0,"event_name":"MindBloom","floor":38,"gold_loss":0},{"damage_healed":0,"gold_gain":50,"player_choice":"Pray","damage_taken":0,"max_hp_gain":0,"max_hp_loss":0,"event_name":"Golden Shrine","floor":39,"gold_loss":0}],"is_beta":true,"boss_relics":[{"not_picked":["Runic Dome","Tiny House"],"picked":"Black Star"},{"not_picked":["Busted Crown","Pandora\u0027s Box"],"picked":"Sozu"}],"items_purged_floors":[25,37,54],"is_endless":false,"potions_floor_spawned":[2,3,6,16,22,27,28,30,31,33,36,41,47,48,55],"ascension_level":20}