{"gold_per_floor":[213,231,231,245,27,27,40,75,75,75,100,100,56,99,99,186,186,198,198,226,82,93,123,123,143,170,183,200,238,238,279,288,288],"floor_reached":33,"playtime":1934,"items_purged":["Strike_R"],"score":650,"play_id":"08103660-306a-4bfc-ae8b-6d6ea50cedf6","local_time":"20200614180426","is_ascension_mode":true,"campfire_choices":[{"data":"Bludgeon","floor":6.0,"key":"SMITH"},{"data":"Shockwave","floor":10.0,"key":"SMITH"},{"data":"Metallicize","floor":15.0,"key":"SMITH"},{"floor":24.0,"key":"REST"},{"floor":32,"key":"REST"}],"neow_cost":"NONE","seed_source_timestamp":0,"circlet_count":0,"master_deck":["AscendersBane","Strike_R","Strike_R+1","Strike_R+1","Defend_R","Defend_R","Defend_R","Defend_R","Bash","Clothesline","Headbutt","Bludgeon+1","Shockwave+1","Hemokinesis+1","Metallicize+1","Bludgeon+1","Shrug It Off","Flame Barrier","Double Tap","Flex+1","Disarm"],"special_seed":0,"relics":["Burning Blood","Bag of Preparation","PreservedInsect","Molten Egg 2","CeramicFish","Fusion Hammer","MealTicket","Dream Catcher","Gremlin Horn","SsserpentHead","Smiling Mask"],"potions_floor_usage":[31,33],"damage_taken":[{"damage":7.0,"enemies":"Small Slimes","floor":1.0,"turns":4.0},{"damage":6.0,"enemies":"Cultist","floor":2.0,"turns":3.0},{"damage":6.0,"enemies":"Jaw Worm","floor":4.0,"turns":5.0},{"damage":3.0,"enemies":"Looter","floor":7.0,"turns":2.0},{"damage":15.0,"enemies":"Lagavulin","floor":8.0,"turns":4.0},{"damage":6.0,"enemies":"Gremlin Nob","floor":11.0,"turns":3.0},{"damage":7.0,"enemies":"3 Sentries","floor":14.0,"turns":4.0},{"damage":30.0,"enemies":"The Guardian","floor":16.0,"turns":10.0},{"damage":0.0,"enemies":"Chosen","floor":18.0,"turns":3.0},{"damage":14.0,"enemies":"2 Thieves","floor":20.0,"turns":3.0},{"damage":0.0,"enemies":"Centurion and Healer","floor":22.0,"turns":4.0},{"damage":30.0,"enemies":"Gremlin Leader","floor":23.0,"turns":6.0},{"damage":9.0,"enemies":"Snake Plant","floor":25.0,"turns":4.0},{"damage":12.0,"enemies":"Shelled Parasite and Fungi","floor":27.0,"turns":5.0},{"damage":6.0,"enemies":"Centurion and Healer","floor":28.0,"turns":5.0},{"damage":17.0,"enemies":"Slavers","floor":29.0,"turns":4.0},{"damage":14,"enemies":"Gremlin Leader","floor":31,"turns":3},{"damage":57,"enemies":"Automaton","floor":33,"turns":8}],"seed_played":"3278466355712256312","potions_obtained":[{"floor":1.0,"key":"ColorlessPotion"},{"floor":3.0,"key":"LiquidBronze"},{"floor":3.0,"key":"SkillPotion"},{"floor":11.0,"key":"Energy Potion"},{"floor":16.0,"key":"BlessingOfTheForge"},{"floor":20.0,"key":"SteroidPotion"},{"floor":28.0,"key":"PowerPotion"},{"floor":29.0,"key":"LiquidMemories"}],"is_trial":false,"path_per_floor":["M","M","?","M","$","R","M","E","T","R","E","?","$","E","R","B",null,"M","?","M","$","M","E","R","M","T","M","M","E","?","E","R","B"],"character_chosen":"IRONCLAD","items_purchased":["Bludgeon","Shockwave","Hemokinesis+1","Flame Barrier"],"campfire_rested":2,"item_purchase_floors":[5,5,13,21],"current_hp_per_floor":[67,67,67,67,67,67,70,61,61,61,61,38,38,37,37,13,60,66,66,58,58,64,40,62,59,59,53,53,42,42,34,56,0],"gold":288,"neow_bonus":"HUNDRED_GOLD","is_prod":false,"is_daily":false,"chose_seed":false,"campfire_upgraded":3,"win_rate":0,"timestamp":1592183066,"path_taken":["M","M","?","M","?","R","M","E","T","R","E","?","$","E","R","BOSS","M","?","?","$","M","E","R","?","T","M","M","E","?","E","R","BOSS"],"build_version":"2020-05-27","purchased_purges":1,"victory":false,"max_hp_per_floor":[75,75,75,75,75,75,75,75,75,75,75,75,75,75,75,75,75,75,75,75,75,75,75,75,75,75,75,75,75,75,75,75,75],"card_choices":[{"not_picked":["Iron Wave","Second Wind","Rupture"],"picked":"SKIP","floor":1.0},{"not_picked":["Anger","True Grit"],"picked":"Clothesline","floor":2.0},{"not_picked":["Wild Strike","Armaments"],"picked":"Headbutt","floor":4.0},{"not_picked":["Pommel Strike","Twin Strike","Intimidate"],"picked":"SKIP","floor":7.0},{"not_picked":["Flex","Havoc","Shockwave"],"picked":"SKIP","floor":8.0},{"not_picked":["Thunderclap+1","Clash+1","Second Wind"],"picked":"SKIP","floor":11.0},{"not_picked":["Twin Strike+1","Warcry"],"picked":"Metallicize","floor":14.0},{"not_picked":["Limit Break","Juggernaut"],"picked":"Bludgeon+1","floor":16.0},{"not_picked":["Body Slam+1","Carnage+1","Thunderclap+1"],"picked":"SKIP","floor":18.0},{"not_picked":["Warcry","Clash+1"],"picked":"Shrug It Off","floor":20.0},{"not_picked":["Searing Blow+1","Clothesline+1","Clash+1"],"picked":"SKIP","floor":22.0},{"not_picked":["Rage","Heavy Blade+1","Body Slam+1"],"picked":"SKIP","floor":23.0},{"not_picked":["Clothesline+1","Ghostly Armor","Rupture"],"picked":"SKIP","floor":25.0},{"not_picked":["Evolve","Spot Weakness","Sever Soul+1"],"picked":"SKIP","floor":27.0},{"not_picked":["Feel No Pain","Cleave+1","Second Wind"],"picked":"SKIP","floor":28.0},{"not_picked":["Sword Boomerang+1","Rampage+1"],"picked":"Double Tap","floor":29.0},{"not_picked":["Infernal Blade","Clothesline+1"],"picked":"Flex+1","floor":31},{"not_picked":["Searing Blow+1","Cleave+1"],"picked":"Disarm","floor":32}],"player_experience":2504837,"relics_obtained":[{"floor":8.0,"key":"Bag of Preparation"},{"floor":9.0,"key":"PreservedInsect"},{"floor":11.0,"key":"Molten Egg 2"},{"floor":14.0,"key":"CeramicFish"},{"floor":23.0,"key":"MealTicket"},{"floor":26.0,"key":"Dream Catcher"},{"floor":29.0,"key":"Gremlin Horn"},{"floor":31,"key":"Smiling Mask"}],"event_choices":[{"damage_healed":0.0,"max_hp_gain":0.0,"max_hp_loss":0.0,"gold_gain":0.0,"event_name":"Lab","player_choice":"Got Potions","floor":3.0,"gold_loss":0.0,"damage_taken":0.0},{"damage_healed":0.0,"max_hp_gain":0.0,"max_hp_loss":0.0,"gold_gain":0.0,"event_name":"Shining Light","player_choice":"Entered Light","floor":12.0,"gold_loss":0.0,"damage_taken":23.0,"cards_upgraded":["Strike_R","Strike_R"]},{"cards_removed":["Strike_R"],"damage_healed":0.0,"max_hp_gain":0.0,"max_hp_loss":0.0,"gold_gain":0.0,"event_name":"Purifier","player_choice":"Purged","floor":19.0,"gold_loss":0.0,"damage_taken":0.0},{"damage_healed":0,"gold_gain":0,"player_choice":"Trade","damage_taken":0,"relics_obtained":["SsserpentHead"],"max_hp_gain":0,"max_hp_loss":0,"event_name":"FaceTrader","floor":30,"gold_loss":0}],"is_beta":true,"boss_relics":[{"not_picked":["Pandora\u0027s Box","Tiny House"],"picked":"Fusion Hammer"}],"items_purged_floors":[21],"is_endless":false,"potions_floor_spawned":[1,11,16,20,25,28,29],"killed_by":"Automaton","ascension_level":20}