{"gold_per_floor":[214,229,229,247,259,294,55,55,55,80,99,99,99,99,99,171,171,190,190,202,117,131,131,163,163],"floor_reached":25,"playtime":1778,"items_purged":["Defend_R"],"score":462,"play_id":"3118a322-dd9c-42cf-9971-c75e38cbfa0e","local_time":"20200808092044","is_ascension_mode":true,"campfire_choices":[{"floor":8.0,"key":"REST"},{"data":"Carnage","floor":12.0,"key":"SMITH"},{"data":"Spot Weakness","floor":15.0,"key":"SMITH"},{"data":"Corruption","floor":23.0,"key":"SMITH"}],"neow_cost":"NONE","seed_source_timestamp":0,"circlet_count":0,"master_deck":["AscendersBane","Strike_R","Strike_R","Strike_R","Strike_R","Defend_R+1","Defend_R","Defend_R","Bash","Spot Weakness+1","Rampage","Ghostly Armor","Wild Strike","Feel No Pain","Fiend Fire+1","Pommel Strike","Carnage+1","Sword Boomerang","Corruption+1","Ghostly+1","Ghostly+1","Ghostly+1","Flame Barrier+1","Feel No Pain","Metallicize"],"special_seed":0,"relics":["Burning Blood","HornCleat","Membership Card","Toxic Egg 2","Mummified Hand","Black Star","Turnip","Darkstone Periapt","Meat on the Bone"],"potions_floor_usage":[],"damage_taken":[{"damage":15.0,"enemies":"Small Slimes","floor":1.0,"turns":4.0},{"damage":12.0,"enemies":"Cultist","floor":2.0,"turns":4.0},{"damage":9.0,"enemies":"Jaw Worm","floor":4.0,"turns":6.0},{"damage":6.0,"enemies":"Looter","floor":5.0,"turns":4.0},{"damage":40.0,"enemies":"Lagavulin","floor":6.0,"turns":8.0},{"damage":4.0,"enemies":"3 Sentries","floor":10.0,"turns":8.0},{"damage":8.0,"enemies":"2 Fungi Beasts","floor":11.0,"turns":4.0},{"damage":25.0,"enemies":"Hexaghost","floor":16.0,"turns":8.0},{"damage":24.0,"enemies":"Shell Parasite","floor":18.0,"turns":5.0},{"damage":2.0,"enemies":"2 Thieves","floor":20.0,"turns":4.0},{"damage":2.0,"enemies":"Centurion and Healer","floor":22.0,"turns":6.0},{"damage":30.0,"enemies":"Book of Stabbing","floor":24.0,"turns":7.0},{"damage":15,"enemies":"Cultist and Chosen","floor":25,"turns":3}],"seed_played":"8956476053044276445","potions_obtained":[{"floor":1.0,"key":"Strength Potion"},{"floor":4.0,"key":"GamblersBrew"},{"floor":11.0,"key":"SpeedPotion"},{"floor":16.0,"key":"Energy Potion"},{"floor":18.0,"key":"BlessingOfTheForge"},{"floor":22.0,"key":"PowerPotion"}],"is_trial":false,"path_per_floor":["M","M","?","M","M","E","$","R","T","E","M","R","?","?","R","B",null,"M","?","M","?","M","R","E","M"],"character_chosen":"IRONCLAD","items_purchased":["Membership Card","Pommel Strike","FearPotion"],"campfire_rested":1,"item_purchase_floors":[7,7,7],"current_hp_per_floor":[59,53,53,50,50,16,16,38,38,40,38,38,15,40,40,21,62,44,37,37,37,37,37,13,0],"gold":163,"neow_bonus":"HUNDRED_GOLD","is_prod":false,"is_daily":false,"chose_seed":false,"campfire_upgraded":3,"win_rate":0,"timestamp":1596903644,"path_taken":["M","M","?","M","?","E","$","R","T","E","M","R","?","?","R","BOSS","M","?","M","?","M","R","E","M"],"build_version":"2020-07-30","purchased_purges":1,"victory":false,"max_hp_per_floor":[75,75,75,75,75,75,75,75,75,75,75,75,75,75,75,75,75,75,37,37,37,37,37,37,37],"card_choices":[{"not_picked":["Reckless Charge","Dark Embrace"],"picked":"Spot Weakness","floor":1.0},{"not_picked":["Warcry","Searing Blow"],"picked":"Rampage","floor":2.0},{"not_picked":["Armaments","Flex"],"picked":"Wild Strike","floor":4.0},{"not_picked":["Thunderclap","Iron Wave"],"picked":"Feel No Pain","floor":5.0},{"not_picked":["Seeing Red","Pommel Strike"],"picked":"Fiend Fire","floor":6.0},{"not_picked":["Sword Boomerang","Pommel Strike"],"picked":"Carnage","floor":10.0},{"not_picked":["Anger","Reckless Charge"],"picked":"Sword Boomerang","floor":11.0},{"not_picked":["Exhume+1","Berserk"],"picked":"Corruption","floor":16.0},{"not_picked":["Body Slam","Anger","Carnage+1"],"picked":"SKIP","floor":18.0},{"not_picked":["Armaments+1","Sentinel+1"],"picked":"Flame Barrier+1","floor":20.0},{"not_picked":["Clothesline","Heavy Blade"],"picked":"Feel No Pain","floor":22.0},{"not_picked":["Spot Weakness+1","Wild Strike"],"picked":"Metallicize","floor":24.0}],"player_experience":2560636,"relics_obtained":[{"floor":6.0,"key":"HornCleat"},{"floor":9.0,"key":"Toxic Egg 2"},{"floor":10.0,"key":"Mummified Hand"},{"floor":24.0,"key":"Darkstone Periapt"},{"floor":24.0,"key":"Meat on the Bone"}],"event_choices":[{"damage_healed":0.0,"max_hp_gain":0.0,"max_hp_loss":0.0,"gold_gain":0.0,"cards_transformed":["Strike_R"],"event_name":"Transmorgrifier","player_choice":"Transformed","floor":3.0,"gold_loss":0.0,"damage_taken":0.0,"cards_obtained":["Ghostly Armor"]},{"damage_healed":0.0,"max_hp_gain":0.0,"max_hp_loss":0.0,"gold_gain":0.0,"event_name":"Shining Light","player_choice":"Entered Light","floor":13.0,"gold_loss":0.0,"damage_taken":23.0,"cards_upgraded":["Defend_R","Fiend Fire"]},{"damage_healed":25.0,"max_hp_gain":0.0,"max_hp_loss":0.0,"gold_gain":0.0,"event_name":"Big Fish","player_choice":"Banana","floor":14.0,"gold_loss":0.0,"damage_taken":0.0},{"damage_healed":0.0,"max_hp_gain":0.0,"max_hp_loss":38.0,"gold_gain":0.0,"event_name":"Ghosts","player_choice":"Became a Ghost","floor":19.0,"gold_loss":0.0,"damage_taken":0.0,"cards_obtained":["Ghostly","Ghostly","Ghostly"]},{"damage_healed":0.0,"max_hp_gain":0.0,"max_hp_loss":0.0,"gold_gain":0.0,"event_name":"Addict","player_choice":"Obtained Relic","floor":21.0,"gold_loss":85.0,"damage_taken":0.0,"relics_obtained":["Turnip"]}],"is_beta":true,"boss_relics":[{"not_picked":["Busted Crown","Runic Dome"],"picked":"Black Star"}],"items_purged_floors":[7],"is_endless":false,"potions_floor_spawned":[1,4,11,16,18,22],"killed_by":"Cultist and Chosen","ascension_level":20}