{"gold_per_floor":[113,113,113,57,74,105,116,116,189,214,231,231,256,270,270,270],"floor_reached":16,"playtime":2118,"items_purged":[],"score":240,"play_id":"9df079a2-60bd-4498-9f0d-3573e16039a2","local_time":"20200803174919","is_ascension_mode":true,"campfire_choices":[{"data":"Clothesline","floor":8,"key":"SMITH"},{"data":"Flame Barrier","floor":12,"key":"SMITH"},{"data":"Combust","floor":15,"key":"SMITH"}],"neow_cost":"NONE","seed_source_timestamp":660291713593468,"circlet_count":0,"master_deck":["AscendersBane","Strike_R","Strike_R","Strike_R","Strike_R","Strike_R","Defend_R","Defend_R","Defend_R","Defend_R","Bash+1","Pommel Strike","Pommel Strike","Clothesline+1","Anger","Flame Barrier+1","Juggernaut","Feel No Pain","Combust+1"],"relics":["Burning Blood","Oddly Smooth Stone","Mummified Hand","Prayer Wheel","Pantograph"],"potions_floor_usage":[6,6,16,16],"damage_taken":[{"damage":1,"enemies":"Cultist","floor":1,"turns":3},{"damage":2,"enemies":"Jaw Worm","floor":5,"turns":3},{"damage":10,"enemies":"Lagavulin","floor":6,"turns":4},{"damage":4,"enemies":"Small Slimes","floor":7,"turns":3},{"damage":32,"enemies":"Gremlin Nob","floor":10,"turns":4},{"damage":9,"enemies":"Blue Slaver","floor":11,"turns":4},{"damage":23,"enemies":"Lagavulin","floor":13,"turns":8},{"damage":7,"enemies":"Gremlin Gang","floor":14,"turns":5},{"damage":51,"enemies":"The Guardian","floor":16,"turns":8}],"seed_played":"-5678155685153987331","potions_obtained":[{"floor":1,"key":"Fire Potion"},{"floor":6,"key":"ElixirPotion"},{"floor":14,"key":"Strength Potion"}],"is_trial":false,"path_per_floor":["M","?","?","$","M","E","M","R","T","E","M","R","E","M","R","B"],"character_chosen":"IRONCLAD","items_purchased":["AttackPotion"],"campfire_rested":0,"item_purchase_floors":[4],"current_hp_per_floor":[73,73,73,73,75,71,73,73,73,47,44,44,27,26,26,0],"gold":270,"neow_bonus":"THREE_CARDS","is_prod":false,"is_daily":false,"chose_seed":false,"campfire_upgraded":3,"win_rate":0,"timestamp":1596502159,"path_taken":["M","?","?","$","M","E","M","R","T","E","?","R","E","M","R","BOSS"],"build_version":"2020-07-30","purchased_purges":0,"victory":false,"max_hp_per_floor":[75,75,75,75,75,75,75,75,75,75,75,75,75,75,75,75],"card_choices":[{"not_picked":["Shockwave","Shrug It Off"],"picked":"Pommel Strike","floor":0},{"not_picked":["Flex","Heavy Blade"],"picked":"Pommel Strike","floor":1},{"not_picked":["Pommel Strike","Iron Wave"],"picked":"Clothesline","floor":5},{"not_picked":["Evolve","Pommel Strike","Twin Strike"],"picked":"SKIP","floor":6},{"not_picked":["Pommel Strike","Havoc","Warcry"],"picked":"SKIP","floor":7},{"not_picked":["Whirlwind","Seeing Red"],"picked":"Anger","floor":10},{"not_picked":["Clothesline","Dual Wield"],"picked":"Flame Barrier","floor":11},{"not_picked":["Anger","Headbutt"],"picked":"Juggernaut","floor":11},{"not_picked":["Power Through","Wild Strike"],"picked":"Feel No Pain","floor":13},{"not_picked":["Clash","Pommel Strike"],"picked":"Combust","floor":14},{"not_picked":["Uppercut","Anger","Sword Boomerang"],"picked":"SKIP","floor":14}],"player_experience":2523667,"relics_obtained":[{"floor":6,"key":"Oddly Smooth Stone"},{"floor":9,"key":"Mummified Hand"},{"floor":10,"key":"Prayer Wheel"},{"floor":13,"key":"Pantograph"}],"event_choices":[{"damage_healed":0,"gold_gain":0,"player_choice":"Leave","damage_taken":0,"max_hp_gain":0,"max_hp_loss":0,"event_name":"The Cleric","floor":2,"gold_loss":0},{"damage_healed":0,"gold_gain":0,"player_choice":"Grow","damage_taken":0,"max_hp_gain":0,"max_hp_loss":0,"event_name":"Living Wall","floor":3,"gold_loss":0,"cards_upgraded":["Bash"]}],"is_beta":true,"boss_relics":[],"items_purged_floors":[],"is_endless":false,"potions_floor_spawned":[1,6,14],"killed_by":"The Guardian","ascension_level":20}