{"gold_per_floor":[109,109,53,68,88,120,120,131,131,144,175,175,140,166,166,242,242,252,252,263,263,106,139,139,169,169,169,169,113,113],"floor_reached":30,"playtime":2312,"items_purged":["Whirlwind"],"score":568,"play_id":"c9c227ad-421f-4721-808f-00ad1804eeb2","local_time":"20200809085849","is_ascension_mode":true,"campfire_choices":[{"floor":7,"key":"REST"},{"floor":12,"key":"REST"},{"data":"Combust","floor":15,"key":"SMITH"},{"data":"Armaments","floor":24,"key":"SMITH"},{"floor":27,"key":"REST"}],"neow_cost":"PERCENT_DAMAGE","seed_source_timestamp":912575362040271,"circlet_count":0,"master_deck":["AscendersBane","Bash","Wild Strike","Clothesline","Inflame","Combust+1","Flame Barrier","Evolve","Metallicize","Feed","Shrug It Off","Feed","Pommel Strike","Rampage","Barricade","Feed","Armaments+1","Reckless Charge+1","Power Through","Shrug It Off","Ghostly","Ghostly","Ghostly"],"relics":["Burning Blood","Smiling Mask","Self Forming Clay","Bird Faced Urn","Kunai","Pandora\u0027s Box","Nilry\u0027s Codex","Frozen Egg 2","Anchor"],"potions_floor_usage":[6,10,11,16,18,23,25,30,30],"damage_taken":[{"damage":10,"enemies":"2 Louse","floor":1,"turns":4},{"damage":0,"enemies":"Cultist","floor":4,"turns":2},{"damage":1,"enemies":"Small Slimes","floor":5,"turns":4},{"damage":44,"enemies":"3 Sentries","floor":6,"turns":7},{"damage":21,"enemies":"Exordium Wildlife","floor":8,"turns":6},{"damage":16,"enemies":"Large Slime","floor":10,"turns":4},{"damage":32,"enemies":"Lagavulin","floor":11,"turns":9},{"damage":30,"enemies":"Gremlin Nob","floor":14,"turns":5},{"damage":43,"enemies":"Hexaghost","floor":16,"turns":9},{"damage":15,"enemies":"3 Byrds","floor":18,"turns":5},{"damage":19,"enemies":"Chosen","floor":20,"turns":7},{"damage":35,"enemies":"Gremlin Leader","floor":23,"turns":9},{"damage":50,"enemies":"Book of Stabbing","floor":25,"turns":7},{"damage":60,"enemies":"Gremlin Leader","floor":30,"turns":7}],"seed_played":"-4664752604274597978","potions_obtained":[{"floor":1,"key":"LiquidBronze"},{"floor":5,"key":"Strength Potion"},{"floor":8,"key":"ColorlessPotion"},{"floor":10,"key":"BlessingOfTheForge"},{"floor":14,"key":"GamblersBrew"},{"floor":18,"key":"Regen Potion"},{"floor":25,"key":"SpeedPotion"}],"is_trial":false,"path_per_floor":["M","?","$","M","M","E","R","M","T","M","E","R","?","E","R","B",null,"M","?","M","?","$","E","R","E","T","R","?","$","E"],"character_chosen":"IRONCLAD","items_purchased":["Clothesline","FearPotion","Shrug It Off","Fire Potion"],"campfire_rested":3,"item_purchase_floors":[3,22,22,29],"current_hp_per_floor":[60,60,60,66,71,33,59,44,44,34,8,34,56,40,40,11,70,70,70,70,49,49,48,48,16,16,46,46,46,0],"gold":113,"neow_bonus":"TWENTY_PERCENT_HP_BONUS","is_prod":false,"is_daily":false,"chose_seed":false,"campfire_upgraded":2,"win_rate":0,"timestamp":1596988729,"path_taken":["M","?","?","M","M","E","R","M","T","?","E","R","?","E","R","BOSS","M","?","M","?","$","E","R","E","T","R","?","$","E"],"build_version":"2020-07-30","purchased_purges":1,"victory":false,"max_hp_per_floor":[89,89,89,89,89,89,89,89,89,89,89,89,89,89,89,89,89,92,92,95,95,95,98,98,102,102,102,51,51,51],"card_choices":[{"not_picked":["Burning Pact","Evolve"],"picked":"Wild Strike","floor":1},{"not_picked":["Wild Strike","Headbutt"],"picked":"Inflame","floor":4},{"not_picked":["Twin Strike","Intimidate"],"picked":"Combust","floor":5},{"not_picked":["Headbutt","Perfected Strike"],"picked":"Flame Barrier","floor":6},{"not_picked":["Clash","Corruption"],"picked":"Evolve","floor":8},{"not_picked":["Cleave","Burning Pact","Headbutt"],"picked":"SKIP","floor":10},{"not_picked":["Body Slam","Shockwave"],"picked":"Metallicize","floor":11},{"not_picked":["Feel No Pain","Dual Wield","Rage"],"picked":"SKIP","floor":14},{"not_picked":["Limit Break","Double Tap"],"picked":"Feed","floor":16},{"not_picked":["Anger","Sword Boomerang"],"picked":"Reckless Charge+1","floor":18},{"not_picked":["Dual Wield","Headbutt"],"picked":"Power Through","floor":20},{"not_picked":["Dropkick","Armaments","Heavy Blade+1"],"picked":"SKIP","floor":23},{"not_picked":["Ghostly Armor","Blood for Blood","Thunderclap"],"picked":"SKIP","floor":25}],"player_experience":2584455,"relics_obtained":[{"floor":6,"key":"Smiling Mask"},{"floor":9,"key":"Self Forming Clay"},{"floor":11,"key":"Bird Faced Urn"},{"floor":14,"key":"Kunai"},{"floor":21,"key":"Nilry\u0027s Codex"},{"floor":23,"key":"Frozen Egg 2"},{"floor":26,"key":"Anchor"}],"event_choices":[{"cards_removed":["Strike_R"],"damage_healed":0,"gold_gain":0,"player_choice":"Purged","damage_taken":0,"max_hp_gain":0,"max_hp_loss":0,"event_name":"Purifier","floor":2,"gold_loss":0},{"damage_healed":22,"gold_gain":0,"player_choice":"Healed","damage_taken":0,"max_hp_gain":0,"max_hp_loss":0,"event_name":"The Cleric","floor":13,"gold_loss":35},{"damage_healed":0,"gold_gain":0,"player_choice":"Ignored","damage_taken":0,"max_hp_gain":0,"max_hp_loss":0,"event_name":"Vampires","floor":19,"gold_loss":0},{"damage_healed":0,"gold_gain":0,"player_choice":"Obtained Book","damage_taken":21,"max_hp_gain":0,"max_hp_loss":0,"event_name":"Cursed Tome","floor":21,"gold_loss":0},{"damage_healed":0,"gold_gain":0,"player_choice":"Became a Ghost","damage_taken":0,"max_hp_gain":0,"max_hp_loss":51,"event_name":"Ghosts","floor":28,"gold_loss":0,"cards_obtained":["Ghostly","Ghostly","Ghostly"]}],"is_beta":true,"boss_relics":[{"not_picked":["SacredBark","Tiny House"],"picked":"Pandora\u0027s Box"}],"items_purged_floors":[22],"is_endless":false,"potions_floor_spawned":[1,5,8,10,14,18,25],"killed_by":"Gremlin Leader","ascension_level":20}