{"gold_per_floor":[369,388,36,48,61,61,92,92,119,130,130,166,38,58,58,58],"floor_reached":16,"playtime":1081,"items_purged":["Strike_R","Strike_R"],"score":224,"play_id":"8982d1d8-74a3-4343-af8d-2f32b89d1add","local_time":"20200808173949","is_ascension_mode":true,"campfire_choices":[{"data":"Bash","floor":6,"key":"SMITH"},{"data":"Carnage","floor":8,"key":"SMITH"},{"floor":11,"key":"REST"},{"data":"Shockwave","floor":15,"key":"SMITH"}],"neow_cost":"TEN_PERCENT_HP_LOSS","seed_source_timestamp":894748810451809,"circlet_count":0,"master_deck":["AscendersBane","Strike_R","Strike_R","Strike_R","Defend_R","Defend_R","Defend_R","Defend_R","Bash+1","Clothesline","Feed","Reaper","Carnage+1","Spot Weakness","Reaper","Headbutt","Shockwave+1"],"relics":["Burning Blood","Membership Card","Vajra","Red Skull","CeramicFish"],"potions_floor_usage":[4,7,7,16,16,16,16],"damage_taken":[{"damage":6,"enemies":"Cultist","floor":1,"turns":3},{"damage":15,"enemies":"Small Slimes","floor":2,"turns":5},{"damage":6,"enemies":"2 Louse","floor":4,"turns":2},{"damage":9,"enemies":"Blue Slaver","floor":5,"turns":6},{"damage":43,"enemies":"3 Sentries","floor":7,"turns":8},{"damage":45,"enemies":"Gremlin Gang","floor":10,"turns":4},{"damage":25,"enemies":"Lagavulin","floor":12,"turns":5},{"damage":18,"enemies":"Exordium Thugs","floor":14,"turns":3},{"damage":95,"enemies":"Slime Boss","floor":16,"turns":12}],"seed_played":"-4063494345267633302","potions_obtained":[{"floor":4,"key":"Dexterity Potion"},{"floor":7,"key":"Ancient Potion"},{"floor":12,"key":"GamblersBrew"},{"floor":14,"key":"EntropicBrew"}],"is_trial":false,"path_per_floor":["M","M","$","M","M","R","E","R","T","M","R","E","$","M","R","B"],"character_chosen":"IRONCLAD","items_purchased":["Membership Card","Feed","Strength Potion","Explosive Potion","Reaper","Fire Potion","Headbutt"],"campfire_rested":1,"item_purchase_floors":[3,3,3,3,13,13,13],"current_hp_per_floor":[68,59,59,62,62,62,46,46,46,26,50,43,43,50,50,0],"gold":58,"neow_bonus":"TWO_FIFTY_GOLD","is_prod":false,"is_daily":false,"chose_seed":false,"campfire_upgraded":3,"win_rate":0,"timestamp":1596933589,"path_taken":["M","M","$","M","M","R","E","R","T","M","R","E","?","M","R","BOSS"],"build_version":"2020-07-30","purchased_purges":2,"victory":false,"max_hp_per_floor":[68,68,68,71,74,74,77,77,77,80,80,80,80,83,83,83],"card_choices":[{"not_picked":["Thunderclap","Iron Wave","Clash"],"picked":"SKIP","floor":1},{"not_picked":["Wild Strike","Seeing Red"],"picked":"Clothesline","floor":2},{"not_picked":["Whirlwind","Havoc","Twin Strike"],"picked":"SKIP","floor":4},{"not_picked":["Heavy Blade","Body Slam"],"picked":"Reaper","floor":5},{"not_picked":["Body Slam","Uppercut"],"picked":"Carnage","floor":7},{"not_picked":["Pommel Strike","Carnage","Hemokinesis"],"picked":"SKIP","floor":10},{"not_picked":["Sword Boomerang","Pommel Strike"],"picked":"Spot Weakness","floor":12},{"not_picked":["Warcry","Pummel"],"picked":"Shockwave","floor":14}],"player_experience":2575760,"relics_obtained":[{"floor":7,"key":"Vajra"},{"floor":9,"key":"Red Skull"},{"floor":12,"key":"CeramicFish"}],"event_choices":[],"is_beta":true,"boss_relics":[],"items_purged_floors":[3,13],"is_endless":false,"potions_floor_spawned":[4,7,12,14],"killed_by":"Slime Boss","ascension_level":20}