{"gold_per_floor":[112,123,198,213,213,242,242,271,271,271,290,290,308,340,340,418,418,434,444,456,128,148,176,101,16,85,85,100,131,131,166,166,239,239,251,267,91,91,7,36,36,61,61,90,105,122,174,192,192,192,192],"floor_reached":51,"playtime":3468,"items_purged":["Strike_R"],"score":1730,"play_id":"a112add6-c7d9-4ea2-8b1d-e56daffaa244","local_time":"20200802140224","is_ascension_mode":true,"campfire_choices":[{"data":"Bludgeon","floor":7.0,"key":"SMITH"},{"data":"Carnage","floor":10.0,"key":"SMITH"},{"data":"Immolate","floor":15.0,"key":"SMITH"},{"data":"Power Through","floor":30.0,"key":"SMITH"},{"floor":32.0,"key":"REST"},{"floor":41.0,"key":"RECALL"},{"data":"Uppercut","floor":49,"key":"SMITH"}],"neow_cost":"TEN_PERCENT_HP_LOSS","seed_source_timestamp":0,"circlet_count":0,"master_deck":["AscendersBane","Strike_R+1","Strike_R","Strike_R+1","Strike_R+1","Defend_R","Defend_R","Defend_R","Bash+1","Bludgeon+1","Warcry","Carnage+1","Headbutt","Warcry+1","Immolate+1","Power Through+1","Battle Trance+1","Double Tap","True Grit","Feel No Pain","Battle Trance","Corruption+1","Metallicize+1","Clothesline","Juggernaut+1","Shrug It Off","Uppercut+1","Metallicize+1","Flame Barrier","Feel No Pain+1","Entrench"],"special_seed":0,"relics":["Burning Blood","Orichalcum","StrikeDummy","Whetstone","Incense Burner","Velvet Choker","Bronze Scales","PreservedInsect","Blood Vial","Frozen Egg 2","Mercury Hourglass","Potion Belt","Snecko Eye","War Paint","InkBottle","Happy Flower","Bird Faced Urn"],"potions_floor_usage":[50,50,51],"damage_taken":[{"damage":7.0,"enemies":"Jaw Worm","floor":1.0,"turns":2.0},{"damage":4.0,"enemies":"2 Louse","floor":2.0,"turns":3.0},{"damage":0.0,"enemies":"Small Slimes","floor":4.0,"turns":2.0},{"damage":0.0,"enemies":"Gremlin Nob","floor":6.0,"turns":2.0},{"damage":12.0,"enemies":"3 Sentries","floor":8.0,"turns":5.0},{"damage":10.0,"enemies":"Exordium Thugs","floor":11.0,"turns":3.0},{"damage":1.0,"enemies":"Looter","floor":13.0,"turns":2.0},{"damage":19.0,"enemies":"Lagavulin","floor":14.0,"turns":7.0},{"damage":22.0,"enemies":"Hexaghost","floor":16.0,"turns":6.0},{"damage":0.0,"enemies":"2 Thieves","floor":18.0,"turns":2.0},{"damage":0.0,"enemies":"Spheric Guardian","floor":19.0,"turns":2.0},{"damage":18.0,"enemies":"Snake Plant","floor":20.0,"turns":3.0},{"damage":11.0,"enemies":"Centurion and Healer","floor":22.0,"turns":3.0},{"damage":4.0,"enemies":"Book of Stabbing","floor":23.0,"turns":4.0},{"damage":25.0,"enemies":"Shelled Parasite and Fungi","floor":28.0,"turns":2.0},{"damage":0.0,"enemies":"Gremlin Leader","floor":29.0,"turns":3.0},{"damage":10.0,"enemies":"Slavers","floor":31.0,"turns":3.0},{"damage":20.0,"enemies":"Automaton","floor":33.0,"turns":11.0},{"damage":2.0,"enemies":"Orb Walker","floor":35.0,"turns":2.0},{"damage":7.0,"enemies":"3 Shapes","floor":36.0,"turns":3.0},{"damage":0.0,"enemies":"Giant Head","floor":40.0,"turns":4.0},{"damage":12.0,"enemies":"Reptomancer","floor":42.0,"turns":2.0},{"damage":0.0,"enemies":"Giant Head","floor":44.0,"turns":5.0},{"damage":0.0,"enemies":"3 Darklings","floor":45.0,"turns":2.0},{"damage":4.0,"enemies":"Spire Growth","floor":46.0,"turns":4.0},{"damage":19.0,"enemies":"2 Orb Walkers","floor":47.0,"turns":2.0},{"damage":7.0,"enemies":"4 Shapes","floor":48.0,"turns":3.0},{"damage":65,"enemies":"Donu and Deca","floor":50,"turns":9},{"damage":53,"enemies":"Awakened One","floor":51,"turns":8}],"seed_played":"-5822850674789929830","potions_obtained":[{"floor":2.0,"key":"DuplicationPotion"},{"floor":6.0,"key":"LiquidBronze"},{"floor":14.0,"key":"DistilledChaos"},{"floor":20.0,"key":"Weak Potion"},{"floor":28.0,"key":"Explosive Potion"},{"floor":31.0,"key":"BloodPotion"},{"floor":33.0,"key":"Strength Potion"},{"floor":38.0,"key":"Explosive Potion"},{"floor":42.0,"key":"SkillPotion"},{"floor":47.0,"key":"Strength Potion"},{"floor":48,"key":"CultistPotion"}],"is_trial":false,"path_per_floor":["M","M","?","M","?","E","R","E","T","R","M","?","M","E","R","B",null,"M","M","M","$","M","E","?","?","T","?","M","E","R","E","R","B",null,"M","M","$","?","$","E","R","E","T","E","M","M","?","M","R","B","B"],"character_chosen":"IRONCLAD","items_purchased":["Bronze Scales","Battle Trance","Metallicize+1","Flame Barrier","Feel No Pain+1"],"campfire_rested":1,"item_purchase_floors":[21,21,37,37,39],"current_hp_per_floor":[67,68,57,63,43,49,49,43,43,43,39,39,44,31,31,15,55,61,67,55,55,50,52,52,52,52,52,35,43,43,41,61,49,63,68,67,67,67,67,68,68,62,62,68,68,68,55,64,64,32,0],"gold":192,"neow_bonus":"THREE_RARE_CARDS","is_prod":false,"is_daily":false,"chose_seed":false,"campfire_upgraded":5,"win_rate":0,"timestamp":1596402144,"path_taken":["M","M","?","M","?","E","R","E","T","R","M","?","M","E","R","BOSS","M","M","M","$","M","E","?","?","T","?","M","E","R","E","R","BOSS","M","M","$","?","?","E","R","E","T","E","M","?","?","M","R","BOSS","BOSS"],"build_version":"2020-07-30","purchased_purges":1,"victory":false,"max_hp_per_floor":[68,68,68,68,68,68,68,68,68,68,68,68,68,68,68,68,68,68,68,68,68,68,68,68,68,68,68,68,68,68,68,68,68,68,68,68,68,68,68,68,68,68,68,68,68,68,68,68,68,68,68],"card_choices":[{"not_picked":["Reaper","Brutality"],"picked":"Bludgeon","floor":0.0},{"not_picked":["Heavy Blade","Flex"],"picked":"Warcry","floor":1.0},{"not_picked":["Heavy Blade","Twin Strike"],"picked":"Carnage","floor":2.0},{"not_picked":["Pommel Strike","Shockwave"],"picked":"Headbutt","floor":4.0},{"not_picked":["Pommel Strike","Cleave"],"picked":"Warcry","floor":6.0},{"not_picked":["Armaments","Whirlwind","Dark Embrace"],"picked":"SKIP","floor":8.0},{"not_picked":["Wild Strike","Dark Embrace"],"picked":"Immolate","floor":11.0},{"not_picked":["Dual Wield","Armaments","Flex"],"picked":"SKIP","floor":13.0},{"not_picked":["Pommel Strike","Thunderclap"],"picked":"Battle Trance","floor":14.0},{"not_picked":["Impervious","Juggernaut"],"picked":"Double Tap","floor":16.0},{"not_picked":["Twin Strike","Perfected Strike"],"picked":"True Grit","floor":18.0},{"not_picked":["Havoc","Twin Strike"],"picked":"Feel No Pain","floor":19.0},{"not_picked":["Warcry","Wild Strike","Power Through"],"picked":"SKIP","floor":20.0},{"not_picked":["Seeing Red","Infernal Blade"],"picked":"Corruption","floor":22.0},{"not_picked":["Dual Wield","Carnage","Iron Wave"],"picked":"SKIP","floor":23.0},{"not_picked":["Headbutt","Warcry"],"picked":"Metallicize+1","floor":28.0},{"not_picked":["Dual Wield","Intimidate","Anger"],"picked":"SKIP","floor":29.0},{"not_picked":["Shrug It Off","Twin Strike"],"picked":"Clothesline","floor":31.0},{"not_picked":["Exhume","Demon Form+1"],"picked":"Juggernaut+1","floor":33.0},{"not_picked":["Pommel Strike","True Grit"],"picked":"Shrug It Off","floor":35.0},{"not_picked":["Pommel Strike+1","Fire Breathing+1"],"picked":"Uppercut","floor":36.0},{"not_picked":["Searing Blow","Berserk+1","Pommel Strike+1"],"picked":"SKIP","floor":40.0},{"not_picked":["Headbutt","Cleave","Blood for Blood+1"],"picked":"SKIP","floor":42.0},{"not_picked":["Iron Wave","Carnage+1","Body Slam"],"picked":"SKIP","floor":44.0},{"not_picked":["Exhume","True Grit","Wild Strike"],"picked":"SKIP","floor":45.0},{"not_picked":["Wild Strike+1","Intimidate","Body Slam+1"],"picked":"SKIP","floor":46.0},{"not_picked":["Burning Pact","Flex"],"picked":"Entrench","floor":47.0},{"not_picked":["Flex","Reckless Charge","Sentinel"],"picked":"SKIP","floor":48}],"player_experience":2511383,"relics_obtained":[{"floor":6.0,"key":"Orichalcum"},{"floor":8.0,"key":"StrikeDummy"},{"floor":9.0,"key":"Whetstone"},{"floor":14.0,"key":"Incense Burner"},{"floor":23.0,"key":"PreservedInsect"},{"floor":26.0,"key":"Frozen Egg 2"},{"floor":29.0,"key":"Mercury Hourglass"},{"floor":31.0,"key":"Potion Belt"},{"floor":40.0,"key":"War Paint"},{"floor":42.0,"key":"InkBottle"},{"floor":44.0,"key":"Happy Flower"},{"floor":47.0,"key":"Bird Faced Urn"}],"event_choices":[{"damage_healed":0.0,"max_hp_gain":0.0,"max_hp_loss":0.0,"gold_gain":75.0,"event_name":"World of Goop","player_choice":"Gather Gold","floor":3.0,"gold_loss":0.0,"damage_taken":11.0},{"damage_healed":0.0,"max_hp_gain":0.0,"max_hp_loss":0.0,"gold_gain":0.0,"event_name":"Shining Light","player_choice":"Entered Light","floor":5.0,"gold_loss":0.0,"damage_taken":20.0,"cards_upgraded":["Bash","Strike_R"]},{"damage_healed":0.0,"max_hp_gain":0.0,"max_hp_loss":0.0,"gold_gain":0.0,"event_name":"Match and Keep!","player_choice":"1 cards matched","floor":12.0,"gold_loss":0.0,"damage_taken":0.0,"cards_obtained":["Power Through"]},{"cards_removed":["Defend_R"],"damage_healed":0.0,"max_hp_gain":0.0,"max_hp_loss":0.0,"gold_gain":0.0,"event_name":"Beggar","player_choice":"Gave Gold","floor":24.0,"gold_loss":75.0,"damage_taken":0.0},{"damage_healed":0.0,"max_hp_gain":0.0,"max_hp_loss":0.0,"gold_gain":0.0,"event_name":"Addict","player_choice":"Obtained Relic","floor":25.0,"gold_loss":85.0,"damage_taken":0.0,"relics_obtained":["Blood Vial"]},{"damage_healed":0.0,"max_hp_gain":0.0,"max_hp_loss":0.0,"gold_gain":0.0,"event_name":"Upgrade Shrine","player_choice":"Upgraded","floor":27.0,"gold_loss":0.0,"damage_taken":0.0,"cards_upgraded":["Corruption"]},{"damage_healed":0.0,"max_hp_gain":0.0,"max_hp_loss":0.0,"gold_gain":0.0,"event_name":"Lab","player_choice":"Got Potions","floor":38.0,"gold_loss":0.0,"damage_taken":0.0},{"damage_healed":0.0,"max_hp_gain":0.0,"max_hp_loss":0.0,"gold_gain":0.0,"event_name":"Mysterious Sphere","player_choice":"Fight","floor":47.0,"gold_loss":0.0,"damage_taken":0.0}],"is_beta":true,"boss_relics":[{"not_picked":["Black Star","SacredBark"],"picked":"Velvet Choker"},{"not_picked":["Philosopher\u0027s Stone","Tiny House"],"picked":"Snecko Eye"}],"items_purged_floors":[21],"is_endless":false,"potions_floor_spawned":[2,6,14,16,20,28,31,33,40,42,46,47,48],"killed_by":"Awakened One","ascension_level":20}