{"gold_per_floor":[12,12,28,41,41,41,55,65,65,92,109,109,140,151,151,225,225,238,256,181,181,196,196,208,82,82,108,108,139,50,77,77,154,154,168,178,197,246,271,271,297,310,310,22,22],"floor_reached":45,"playtime":4036,"items_purged":["Strike_R","Pain","Defend_R"],"score":1080,"play_id":"ed5017f8-829f-4001-a0a8-1c4c86710879","local_time":"20200804230111","is_ascension_mode":true,"campfire_choices":[{"data":"Havoc","floor":6.0,"key":"SMITH"},{"data":"Pommel Strike","floor":12.0,"key":"SMITH"},{"data":"1","floor":15.0,"key":"LIFT"},{"data":"2","floor":23,"key":"LIFT"},{"floor":28,"key":"REST"},{"data":"3","floor":32,"key":"LIFT"},{"floor":40,"key":"REST"}],"neow_cost":"NO_GOLD","seed_source_timestamp":0,"circlet_count":0,"master_deck":["AscendersBane","Strike_R+1","Defend_R","Defend_R","Defend_R","Bash+1","Havoc+1","Feel No Pain","Pommel Strike+1","Shockwave","Flame Barrier","Disarm","Pommel Strike+1","Fire Breathing","Twin Strike","Impervious","Shrug It Off","Disarm","Reckless Charge","Wild Strike+1","Shrug It Off","Warcry","Limit Break","Evolve","Reckless Charge","Fiend Fire","Warcry+1","Headbutt+1","Impervious+1","Shrug It Off+1","Heavy Blade","Clothesline","Metallicize"],"special_seed":0,"relics":["Burning Blood","Charon\u0027s Ashes","Bird Faced Urn","Calipers","Girya","SlaversCollar","WarpedTongs","Matryoshka","Whetstone","Nunchaku","PreservedInsect","Astrolabe","Thread and Needle","Du-Vu Doll","Dream Catcher","Singing Bowl","Strawberry"],"potions_floor_usage":[18,22,29,33,38,38,45],"damage_taken":[{"damage":11.0,"enemies":"Small Slimes","floor":1.0,"turns":5.0},{"damage":6.0,"enemies":"2 Louse","floor":3.0,"turns":3.0},{"damage":1.0,"enemies":"Cultist","floor":4.0,"turns":3.0},{"damage":7.0,"enemies":"3 Louse","floor":7.0,"turns":4.0},{"damage":4.0,"enemies":"Red Slaver","floor":8.0,"turns":2.0},{"damage":32.0,"enemies":"Gremlin Nob","floor":10.0,"turns":4.0},{"damage":0.0,"enemies":"Gremlin Gang","floor":11.0,"turns":3.0},{"damage":3.0,"enemies":"Lagavulin","floor":13.0,"turns":6.0},{"damage":12.0,"enemies":"3 Louse","floor":14.0,"turns":4.0},{"damage":36.0,"enemies":"Slime Boss","floor":16.0,"turns":8.0},{"damage":6,"enemies":"Chosen","floor":18,"turns":5},{"damage":45,"enemies":"Spheric Guardian","floor":19,"turns":10},{"damage":3,"enemies":"Chosen and Byrds","floor":22,"turns":7},{"damage":3,"enemies":"Centurion and Healer","floor":24,"turns":7},{"damage":27,"enemies":"Gremlin Leader","floor":27,"turns":5},{"damage":7,"enemies":"Slavers","floor":29,"turns":7},{"damage":0,"enemies":"Gremlin Leader","floor":31,"turns":4},{"damage":6,"enemies":"Champ","floor":33,"turns":12},{"damage":0,"enemies":"Orb Walker","floor":35,"turns":5},{"damage":39,"enemies":"3 Darklings","floor":36,"turns":7},{"damage":5,"enemies":"Sphere and 2 Shapes","floor":37,"turns":5},{"damage":11,"enemies":"2 Orb Walkers","floor":38,"turns":3},{"damage":0,"enemies":"Mind Bloom Boss Battle","floor":39,"turns":6},{"damage":15,"enemies":"Reptomancer","floor":41,"turns":6},{"damage":60,"enemies":"Writhing Mass","floor":42,"turns":10},{"damage":47,"enemies":"Jaw Worm Horde","floor":45,"turns":4}],"seed_played":"-6664068357655041181","potions_obtained":[{"floor":1.0,"key":"LiquidMemories"},{"floor":8.0,"key":"Explosive Potion"},{"floor":11.0,"key":"ElixirPotion"},{"floor":16.0,"key":"Ancient Potion"},{"floor":18,"key":"BlessingOfTheForge"},{"floor":27,"key":"Ancient Potion"},{"floor":29,"key":"Dexterity Potion"},{"floor":31,"key":"AttackPotion"},{"floor":35,"key":"Strength Potion"},{"floor":42,"key":"Block Potion"}],"is_trial":false,"path_per_floor":["M","?","M","M","?","R","M","M","T","E","M","R","E","M","R","B",null,"M","M","$","?","M","R","M","$","T","E","R","E","$","E","R","B",null,"M","M","M","?","?","R","E","M","T","$","M"],"character_chosen":"IRONCLAD","items_purchased":["Shrug It Off","Evolve","Strawberry"],"campfire_rested":2,"item_purchase_floors":[25,30,44],"current_hp_per_floor":[63,63,63,68,68,68,67,69,69,43,49,49,54,50,50,24,62,66,31,31,31,38,38,45,45,45,28,50,53,53,61,61,67,73,75,46,51,46,58,75,68,20,20,27,0],"gold":22,"neow_bonus":"ONE_RARE_RELIC","is_prod":false,"is_daily":false,"chose_seed":false,"campfire_upgraded":2,"win_rate":0,"timestamp":1596607271,"path_taken":["M","?","M","M","?","R","M","?","T","E","M","R","E","M","R","BOSS","M","M","$","?","M","R","?","?","T","E","R","E","$","E","R","BOSS","M","?","?","?","?","R","E","M","T","$","M"],"build_version":"2020-07-30","purchased_purges":3,"victory":false,"max_hp_per_floor":[75,75,75,75,75,75,75,75,75,75,75,75,75,75,75,75,75,75,75,75,75,75,75,75,75,75,75,75,75,75,75,75,75,75,75,75,75,75,75,75,75,75,75,82,82],"card_choices":[{"not_picked":["Dropkick","Sword Boomerang"],"picked":"Havoc","floor":1.0},{"not_picked":["Wild Strike","Clash"],"picked":"Feel No Pain","floor":3.0},{"not_picked":["Iron Wave","Dark Embrace"],"picked":"Pommel Strike","floor":4.0},{"not_picked":["Sword Boomerang","Shrug It Off"],"picked":"Shockwave","floor":7.0},{"not_picked":["Heavy Blade","Sentinel"],"picked":"Flame Barrier","floor":8.0},{"not_picked":["Headbutt","Wild Strike"],"picked":"Disarm","floor":10.0},{"not_picked":["Berserk","Disarm"],"picked":"Pommel Strike","floor":11.0},{"not_picked":["Iron Wave","Pummel"],"picked":"Fire Breathing","floor":13.0},{"not_picked":["Clothesline","Pummel"],"picked":"Twin Strike","floor":14.0},{"not_picked":["Limit Break","Bludgeon"],"picked":"Impervious","floor":16.0},{"not_picked":["Twin Strike","Havoc"],"picked":"Shrug It Off","floor":18},{"not_picked":["Thunderclap","Berserk"],"picked":"Disarm","floor":19},{"not_picked":["Dual Wield","Searing Blow"],"picked":"Reckless Charge","floor":22},{"not_picked":["Twin Strike","Sword Boomerang"],"picked":"Wild Strike","floor":24},{"not_picked":["Shockwave","Anger+1"],"picked":"Warcry","floor":27},{"not_picked":["Anger","Warcry"],"picked":"Limit Break","floor":29},{"not_picked":["Clash","Armaments"],"picked":"Reckless Charge","floor":31},{"not_picked":["Brutality","Barricade"],"picked":"Fiend Fire","floor":33},{"not_picked":["Cleave","Iron Wave"],"picked":"Shrug It Off+1","floor":35},{"not_picked":["Dual Wield","Clothesline"],"picked":"Heavy Blade","floor":36},{"not_picked":["Havoc","Searing Blow","Twin Strike"],"picked":"SKIP","floor":37},{"not_picked":["Twin Strike+1","Warcry"],"picked":"Clothesline","floor":38},{"not_picked":["Hemokinesis+1","Dual Wield","Havoc+1"],"picked":"SKIP","floor":41},{"not_picked":["Anger+1","Clothesline"],"picked":"Metallicize","floor":42}],"player_experience":2535347,"relics_obtained":[{"floor":9.0,"key":"Bird Faced Urn"},{"floor":10.0,"key":"Calipers"},{"floor":13.0,"key":"Girya"},{"floor":26,"key":"Matryoshka"},{"floor":27,"key":"Whetstone"},{"floor":29,"key":"Nunchaku"},{"floor":31,"key":"PreservedInsect"},{"floor":38,"key":"Thread and Needle"},{"floor":39,"key":"Du-Vu Doll"},{"floor":41,"key":"Dream Catcher"},{"floor":43,"key":"Singing Bowl"}],"event_choices":[{"damage_healed":0.0,"max_hp_gain":0.0,"max_hp_loss":0.0,"gold_gain":0.0,"event_name":"Living Wall","player_choice":"Grow","floor":2.0,"gold_loss":0.0,"damage_taken":0.0,"cards_upgraded":["Bash"]},{"damage_healed":0.0,"max_hp_gain":0.0,"max_hp_loss":0.0,"gold_gain":0.0,"event_name":"Upgrade Shrine","player_choice":"Upgraded","floor":5.0,"gold_loss":0.0,"damage_taken":0.0,"cards_upgraded":["Pommel Strike"]},{"damage_healed":0,"gold_gain":0,"player_choice":"Rummage","damage_taken":0,"relics_obtained":["WarpedTongs"],"max_hp_gain":0,"max_hp_loss":0,"event_name":"Accursed Blacksmith","floor":21,"gold_loss":0,"cards_obtained":["Pain"]},{"damage_healed":0,"gold_gain":0,"player_choice":"Fight","damage_taken":0,"max_hp_gain":0,"max_hp_loss":0,"event_name":"Mysterious Sphere","floor":38,"gold_loss":0},{"damage_healed":0,"gold_gain":0,"player_choice":"Fight","damage_taken":0,"max_hp_gain":0,"max_hp_loss":0,"event_name":"MindBloom","floor":39,"gold_loss":0}],"is_beta":true,"boss_relics":[{"not_picked":["Runic Cube","Ectoplasm"],"picked":"SlaversCollar"},{"not_picked":["Runic Pyramid","Runic Dome"],"picked":"Astrolabe"}],"items_purged_floors":[20,25,44],"is_endless":false,"potions_floor_spawned":[1,8,10,11,16,18,27,29,31,35,36,42],"killed_by":"Jaw Worm Horde","ascension_level":20}