{"gold_per_floor":[113,132,132,148,166,195,195,195,264,289,289,302,336,351,351,424,424,439,455,32,32,32,32,61,77,77,112,129,145,145,176,176,249,249,260,274,292,302,321,321,45,73,96,122,122,142,142,364,364,364,364,364,364,72,101,101],"floor_reached":57,"playtime":4399,"items_purged":["Decay","Strike_R+1"],"score":3023,"play_id":"1662e6ec-9f30-44d3-ab49-d2f75c896e3f","local_time":"20201024095838","is_ascension_mode":true,"campfire_choices":[{"data":"Bash","floor":8.0,"key":"SMITH"},{"data":"Body Slam","floor":11.0,"key":"SMITH"},{"data":"Juggernaut","floor":15.0,"key":"SMITH"},{"data":"Combust","floor":23.0,"key":"SMITH"},{"data":"Disarm","floor":30.0,"key":"SMITH"},{"floor":32.0,"key":"REST"},{"data":"Barricade","floor":40.0,"key":"SMITH"},{"floor":47.0,"key":"RECALL"},{"data":"Offering","floor":49,"key":"SMITH"},{"data":"Offering","floor":53,"key":"SMITH"}],"neow_cost":"TEN_PERCENT_HP_LOSS","seed_source_timestamp":0,"circlet_count":0,"master_deck":["AscendersBane","Strike_R+1","Defend_R+1","Defend_R+1","Defend_R+1","Defend_R+1","Bash+1","Juggernaut+1","Twin Strike","Carnage+1","Offering+1","Body Slam+1","Combust+1","Shrug It Off","Evolve","Offering","Rupture","Finesse","Feed","Disarm+1","Shockwave+1","Flame Barrier+1","Flame Barrier","Offering+1","Fire Breathing+1","Power Through+1","Evolve+1","Barricade+1","Shrug It Off","Disarm","Warcry","Disarm+1"],"special_seed":0,"relics":["Burning Blood","Bird Faced Urn","HornCleat","Ancient Tea Set","Dream Catcher","Mark of Pain","Letter Opener","Pear","Red Mask","Omamori","Astrolabe","Membership Card","PreservedInsect","Bottled Lightning","Self Forming Clay","OrangePellets","Toy Ornithopter","Blood Vial"],"potions_floor_usage":[50,55,56,56],"damage_taken":[{"damage":11.0,"enemies":"2 Louse","floor":1.0,"turns":4.0},{"damage":0.0,"enemies":"Cultist","floor":2.0,"turns":4.0},{"damage":12.0,"enemies":"Jaw Worm","floor":4.0,"turns":2.0},{"damage":6.0,"enemies":"Red Slaver","floor":5.0,"turns":1.0},{"damage":31.0,"enemies":"3 Sentries","floor":6.0,"turns":6.0},{"damage":14.0,"enemies":"Lagavulin","floor":10.0,"turns":4.0},{"damage":9.0,"enemies":"Blue Slaver","floor":12.0,"turns":2.0},{"damage":0.0,"enemies":"Gremlin Nob","floor":13.0,"turns":2.0},{"damage":1.0,"enemies":"3 Louse","floor":14.0,"turns":4.0},{"damage":33.0,"enemies":"Hexaghost","floor":16.0,"turns":8.0},{"damage":23.0,"enemies":"Shell Parasite","floor":18.0,"turns":3.0},{"damage":10.0,"enemies":"Spheric Guardian","floor":19.0,"turns":3.0},{"damage":8.0,"enemies":"Slavers","floor":24.0,"turns":4.0},{"damage":12.0,"enemies":"Centurion and Healer","floor":25.0,"turns":7.0},{"damage":15.0,"enemies":"Masked Bandits","floor":27.0,"turns":4.0},{"damage":28.0,"enemies":"Shelled Parasite and Fungi","floor":28.0,"turns":4.0},{"damage":16.0,"enemies":"Snake Plant","floor":29.0,"turns":2.0},{"damage":42.0,"enemies":"Book of Stabbing","floor":31.0,"turns":5.0},{"damage":38.0,"enemies":"Collector","floor":33.0,"turns":7.0},{"damage":2.0,"enemies":"3 Shapes","floor":35.0,"turns":3.0},{"damage":6.0,"enemies":"Orb Walker","floor":36.0,"turns":4.0},{"damage":16.0,"enemies":"Jaw Worm Horde","floor":37.0,"turns":5.0},{"damage":36.0,"enemies":"Writhing Mass","floor":38.0,"turns":7.0},{"damage":24.0,"enemies":"Maw","floor":39.0,"turns":7.0},{"damage":18.0,"enemies":"Reptomancer","floor":42.0,"turns":4.0},{"damage":19.0,"enemies":"Giant Head","floor":44.0,"turns":6.0},{"damage":14.0,"enemies":"Sphere and 2 Shapes","floor":46.0,"turns":3.0},{"damage":30,"enemies":"Awakened One","floor":50,"turns":11},{"damage":22,"enemies":"Donu and Deca","floor":51,"turns":7},{"damage":23,"enemies":"Shield and Spear","floor":55,"turns":5},{"damage":46,"enemies":"The Heart","floor":56,"turns":9}],"seed_played":"-3782493290261448178","potions_obtained":[{"floor":2.0,"key":"GamblersBrew"},{"floor":4.0,"key":"LiquidMemories"},{"floor":6.0,"key":"LiquidMemories"},{"floor":10.0,"key":"ElixirPotion"},{"floor":12.0,"key":"AttackPotion"},{"floor":16.0,"key":"Weak Potion"},{"floor":19.0,"key":"Fire Potion"},{"floor":25.0,"key":"Strength Potion"},{"floor":28.0,"key":"EntropicBrew"},{"floor":31.0,"key":"SpeedPotion"},{"floor":35.0,"key":"Block Potion"},{"floor":39.0,"key":"Swift Potion"},{"floor":55,"key":"Dexterity Potion"}],"is_trial":false,"path_per_floor":["M","M","?","M","M","E","?","R","T","E","R","M","E","M","R","B",null,"M","M","$","?","?","R","E","M","T","?","M","M","R","E","R","B",null,"M","M","M","M","M","R","$","E","T","E","?","M","R","?","R","B","B",null,"R","$","E","B",null],"character_chosen":"IRONCLAD","items_purchased":["Offering","Rupture","Finesse","Membership Card","Disarm","PreservedInsect","OrangePellets","Toy Ornithopter","LiquidMemories","Warcry"],"campfire_rested":1,"item_purchase_floors":[20,20,20,41,41,41,54,54,54,54],"current_hp_per_floor":[63,68,68,62,62,37,37,37,37,31,31,30,36,41,41,18,56,43,45,45,45,45,45,51,53,63,65,54,50,50,23,49,25,72,85,93,96,76,72,72,72,77,77,78,78,85,85,85,85,75,73,91,91,91,89,75],"gold":101,"neow_bonus":"THREE_RARE_CARDS","is_prod":false,"is_daily":false,"chose_seed":false,"campfire_upgraded":8,"win_rate":0,"timestamp":1603558718,"path_taken":["M","M","?","M","?","E","?","R","T","E","R","M","E","M","R","BOSS","M","M","$","?","?","R","E","M","T","?","?","M","R","E","R","BOSS","M","?","M","?","?","R","$","E","T","E","?","M","R","?","R","BOSS","BOSS","R","$","E","BOSS"],"build_version":"2020-07-30","purchased_purges":2,"victory":true,"max_hp_per_floor":[68,68,68,68,68,68,68,68,68,68,68,68,68,68,68,68,68,68,68,68,68,68,68,68,68,78,81,84,84,84,87,87,87,87,90,93,96,96,96,96,96,99,99,99,94,97,97,97,97,97,97,97,97,97,97,97],"card_choices":[{"not_picked":["Exhume","Corruption"],"picked":"Juggernaut","floor":0.0},{"not_picked":["Clash","Sword Boomerang"],"picked":"Twin Strike","floor":1.0},{"not_picked":["Twin Strike","Pommel Strike"],"picked":"Carnage","floor":2.0},{"not_picked":["Flame Barrier","Havoc"],"picked":"Offering","floor":4.0},{"not_picked":["Flex","Pummel","Twin Strike"],"picked":"SKIP","floor":5.0},{"not_picked":["Iron Wave","Power Through","Ghostly Armor"],"picked":"SKIP","floor":6.0},{"not_picked":["Pummel","Thunderclap"],"picked":"Body Slam","floor":10.0},{"not_picked":["Twin Strike","Reckless Charge"],"picked":"Combust","floor":12.0},{"not_picked":["Dual Wield","Clash","Evolve"],"picked":"SKIP","floor":13.0},{"not_picked":["Dark Embrace","Warcry"],"picked":"Shrug It Off","floor":14.0},{"not_picked":["Headbutt","Clash"],"picked":"Evolve","floor":18.0},{"not_picked":["Heavy Blade","Clash","Flex+1"],"picked":"SKIP","floor":19.0},{"not_picked":["Shockwave","Perfected Strike"],"picked":"Feed","floor":24.0},{"not_picked":["Shrug It Off","Perfected Strike"],"picked":"Disarm","floor":25.0},{"not_picked":["Pommel Strike","Battle Trance"],"picked":"Shockwave+1","floor":27.0},{"not_picked":["Shockwave","Pummel+1"],"picked":"Flame Barrier+1","floor":28.0},{"not_picked":["Wild Strike","Headbutt","Sword Boomerang"],"picked":"SKIP","floor":29.0},{"not_picked":["Offering","Shockwave"],"picked":"Flame Barrier","floor":31.0},{"not_picked":["Double Tap","Demon Form"],"picked":"Offering","floor":33.0},{"not_picked":["Iron Wave","Havoc+1","Warcry"],"picked":"SKIP","floor":35.0},{"not_picked":["Evolve","Thunderclap+1","Heavy Blade"],"picked":"SKIP","floor":36.0},{"not_picked":["Metallicize","Twin Strike+1"],"picked":"Barricade","floor":37.0},{"not_picked":["Iron Wave","Infernal Blade"],"picked":"Shrug It Off","floor":38.0},{"not_picked":["Heavy Blade","Clothesline","Pommel Strike"],"picked":"SKIP","floor":39.0},{"not_picked":["Dual Wield+1","Rampage+1","Iron Wave"],"picked":"SKIP","floor":42.0},{"not_picked":["Armaments","Uppercut","Rage+1"],"picked":"SKIP","floor":44.0},{"not_picked":["Wild Strike","Double Tap","True Grit"],"picked":"SKIP","floor":46.0},{"not_picked":["Flame Barrier","Body Slam+1"],"picked":"Disarm+1","floor":55}],"player_experience":2600507,"relics_obtained":[{"floor":6.0,"key":"Bird Faced Urn"},{"floor":9.0,"key":"HornCleat"},{"floor":10.0,"key":"Ancient Tea Set"},{"floor":13.0,"key":"Dream Catcher"},{"floor":24.0,"key":"Letter Opener"},{"floor":26.0,"key":"Pear"},{"floor":27.0,"key":"Red Mask"},{"floor":31.0,"key":"Omamori"},{"floor":42.0,"key":"Bottled Lightning"},{"floor":44.0,"key":"Self Forming Clay"},{"floor":55,"key":"Blood Vial"}],"event_choices":[{"damage_healed":0.0,"max_hp_gain":0.0,"max_hp_loss":0.0,"gold_gain":0.0,"event_name":"Upgrade Shrine","player_choice":"Upgraded","floor":3.0,"gold_loss":0.0,"damage_taken":0.0,"cards_upgraded":["Carnage"]},{"damage_healed":0.0,"max_hp_gain":0.0,"max_hp_loss":0.0,"gold_gain":0.0,"event_name":"Wheel of Change","player_choice":"Cursed","floor":7.0,"gold_loss":0.0,"damage_taken":0.0,"cards_obtained":["Decay"]},{"damage_healed":0.0,"max_hp_gain":0.0,"max_hp_loss":0.0,"gold_gain":0.0,"event_name":"The Mausoleum","player_choice":"Ignored","floor":21.0,"gold_loss":0.0,"damage_taken":0.0},{"damage_healed":0.0,"max_hp_gain":0.0,"max_hp_loss":0.0,"gold_gain":0.0,"event_name":"Back to Basics","player_choice":"Simplicity","floor":22.0,"gold_loss":0.0,"damage_taken":0.0,"cards_upgraded":["Strike_R","Strike_R","Strike_R","Strike_R","Strike_R","Defend_R","Defend_R","Defend_R","Defend_R"]},{"damage_healed":0.0,"max_hp_gain":0.0,"max_hp_loss":0.0,"gold_gain":0.0,"event_name":"Masked Bandits","player_choice":"Fought Bandits","floor":27.0,"gold_loss":0.0,"damage_taken":0.0},{"damage_healed":0.0,"max_hp_gain":0.0,"max_hp_loss":5.0,"gold_gain":0.0,"event_name":"Winding Halls","player_choice":"Max HP","floor":45.0,"gold_loss":0.0,"damage_taken":0.0},{"damage_healed":0.0,"max_hp_gain":0.0,"max_hp_loss":0.0,"gold_gain":222.0,"event_name":"Tomb of Lord Red Mask","player_choice":"Wore Mask","floor":48.0,"gold_loss":0.0,"damage_taken":0.0}],"is_beta":true,"boss_relics":[{"not_picked":["Coffee Dripper","SacredBark"],"picked":"Mark of Pain"},{"not_picked":["Runic Pyramid","Runic Dome"],"picked":"Astrolabe"}],"items_purged_floors":[20,54],"is_endless":false,"potions_floor_spawned":[2,4,6,10,12,16,19,25,28,29,31,35,39,42,46,55],"ascension_level":20}