{"gold_per_floor":[110,120,120,140,140,140,152,152,152,152,171,214,235,266,266,266],"floor_reached":16,"playtime":718,"items_purged":[],"score":224,"play_id":"1d8c127e-2d81-4788-bec3-0fd413348a37","local_time":"20201101000835","is_ascension_mode":true,"campfire_choices":[{"data":"Rampage","floor":6,"key":"SMITH"},{"floor":10,"key":"REST"},{"data":"True Grit","floor":15,"key":"SMITH"}],"neow_cost":"NONE","seed_source_timestamp":1463803716328200,"circlet_count":0,"master_deck":["AscendersBane","Strike_R","Strike_R","Strike_R","Strike_R","Strike_R+1","Defend_R","Defend_R","Defend_R","Defend_R+1","Bash+1","Headbutt","Rampage+1","True Grit+1","Uppercut","Shrug It Off"],"relics":["Burning Blood","InkBottle","Golden Idol","Mummified Hand","Thread and Needle","HornCleat"],"potions_floor_usage":[13],"damage_taken":[{"damage":2,"enemies":"2 Louse","floor":1,"turns":4},{"damage":9,"enemies":"Small Slimes","floor":2,"turns":4},{"damage":7,"enemies":"Jaw Worm","floor":4,"turns":3},{"damage":4,"enemies":"Looter","floor":7,"turns":2},{"damage":3,"enemies":"Red Slaver","floor":11,"turns":3},{"damage":26,"enemies":"Gremlin Nob","floor":12,"turns":4},{"damage":3,"enemies":"Lots of Slimes","floor":13,"turns":3},{"damage":16,"enemies":"3 Sentries","floor":14,"turns":13},{"damage":33,"enemies":"Hexaghost","floor":16,"turns":9}],"seed_played":"6768151341597163648","potions_obtained":[{"floor":4,"key":"Explosive Potion"},{"floor":12,"key":"FearPotion"},{"floor":13,"key":"ElixirPotion"}],"is_trial":false,"path_per_floor":["M","M","?","M","?","R","M","?","T","R","M","E","M","E","R","B"],"character_chosen":"IRONCLAD","items_purchased":[],"campfire_rested":1,"item_purchase_floors":[],"current_hp_per_floor":[72,69,46,45,34,34,36,36,36,56,59,39,42,32,32,0],"gold":266,"neow_bonus":"UPGRADE_CARD","is_prod":false,"is_daily":false,"chose_seed":false,"campfire_upgraded":2,"win_rate":0,"timestamp":1604214515,"path_taken":["M","M","?","M","?","R","M","?","T","R","M","E","M","E","R","BOSS"],"build_version":"2020-07-30","purchased_purges":0,"victory":false,"max_hp_per_floor":[75,75,75,75,75,75,75,68,68,68,68,68,68,68,68,68],"card_choices":[{"not_picked":["Pommel Strike","Sever Soul"],"picked":"Headbutt","floor":1},{"not_picked":["Flex","Headbutt"],"picked":"Rampage","floor":2},{"not_picked":["Heavy Blade","Whirlwind"],"picked":"True Grit","floor":4},{"not_picked":["Warcry","Clothesline"],"picked":"Uppercut","floor":7},{"not_picked":["Cleave","Thunderclap","Heavy Blade"],"picked":"SKIP","floor":11},{"not_picked":["Perfected Strike","Twin Strike","Anger"],"picked":"SKIP","floor":12},{"not_picked":["Blood for Blood","Sever Soul"],"picked":"Shrug It Off","floor":13},{"not_picked":["Power Through","Sever Soul","Iron Wave"],"picked":"SKIP","floor":14}],"player_experience":2618624,"relics_obtained":[{"floor":9,"key":"Mummified Hand"},{"floor":12,"key":"Thread and Needle"},{"floor":14,"key":"HornCleat"}],"event_choices":[{"damage_healed":0,"gold_gain":0,"player_choice":"Entered Light","damage_taken":23,"max_hp_gain":0,"max_hp_loss":0,"event_name":"Shining Light","floor":3,"gold_loss":0,"cards_upgraded":["Strike_R","Defend_R"]},{"damage_healed":0,"gold_gain":0,"player_choice":"Success","damage_taken":11,"relics_obtained":["InkBottle"],"max_hp_gain":0,"max_hp_loss":0,"event_name":"Scrap Ooze","floor":5,"gold_loss":0},{"damage_healed":0,"gold_gain":0,"player_choice":"Lose Max HP","damage_taken":0,"relics_obtained":["Golden Idol"],"max_hp_gain":0,"max_hp_loss":7,"event_name":"Golden Idol","floor":8,"gold_loss":0}],"is_beta":true,"boss_relics":[],"items_purged_floors":[],"is_endless":false,"potions_floor_spawned":[4,12,13],"killed_by":"Hexaghost","ascension_level":20}