{"gold_per_floor":[219,219,219,238,258,297,143,143,166,166,206,220,220,220,220,303,330,353,628,648,648],"floor_reached":21,"playtime":2339,"items_purged":["Strike_R"],"score":374,"play_id":"c6c1aa26-151b-4f88-8ef8-2bd43cb9bda8","local_time":"20201105140352","is_ascension_mode":true,"campfire_choices":[{"data":"Anger","floor":8,"key":"SMITH"},{"data":"Bash","floor":10,"key":"SMITH"},{"floor":13,"key":"REST"},{"data":"Disarm","floor":15,"key":"SMITH"}],"neow_cost":"NONE","seed_source_timestamp":1861480764611900,"circlet_count":0,"master_deck":["AscendersBane","Strike_R","Defend_R","Defend_R","Defend_R","Bash+1","Pommel Strike","Spot Weakness","Anger+1","Disarm+1","Disarm","Headbutt","True Grit","Immolate","Flame Barrier+1","Limit Break+1","Corruption+1","Sentinel+1","Shrug It Off"],"special_seed":0,"relics":["Burning Blood","CeramicFish","Dream Catcher","Omamori","WarpedTongs","Astrolabe"],"potions_floor_usage":[6,6,21,21],"damage_taken":[{"damage":8.0,"enemies":"Jaw Worm","floor":1.0,"turns":6.0},{"damage":1,"enemies":"Small Slimes","floor":4,"turns":4},{"damage":4,"enemies":"2 Louse","floor":5,"turns":3},{"damage":32,"enemies":"Gremlin Nob","floor":6,"turns":4},{"damage":27,"enemies":"Lagavulin","floor":11,"turns":6},{"damage":7,"enemies":"Exordium Thugs","floor":12,"turns":4},{"damage":32,"enemies":"The Guardian","floor":16,"turns":10},{"damage":22,"enemies":"2 Thieves","floor":18,"turns":4},{"damage":28,"enemies":"3 Byrds","floor":20,"turns":5},{"damage":24,"enemies":"Cultist and Chosen","floor":21,"turns":7}],"seed_played":"4060180870667545839","potions_obtained":[{"floor":1.0,"key":"ElixirPotion"},{"floor":5,"key":"PowerPotion"},{"floor":11,"key":"SteroidPotion"},{"floor":20,"key":"SkillPotion"}],"is_trial":false,"path_per_floor":["M","?","?","M","M","E","$","R","T","R","E","M","R","?","R","B",null,"M","?","M","M"],"character_chosen":"IRONCLAD","items_purchased":["Disarm","Headbutt"],"campfire_rested":1,"item_purchase_floors":[7,7],"current_hp_per_floor":[66,66,59,64,66,40,40,40,40,40,19,18,40,40,40,14,60,44,44,22,0],"gold":648,"neow_bonus":"HUNDRED_GOLD","is_prod":false,"is_daily":false,"chose_seed":false,"campfire_upgraded":3,"win_rate":0,"timestamp":1604613832,"path_taken":["M","?","?","M","M","E","$","R","T","R","E","M","R","?","R","BOSS","M","?","M","?"],"build_version":"2020-07-30","purchased_purges":1,"victory":false,"max_hp_per_floor":[75,75,75,75,75,75,75,75,75,75,75,75,75,75,75,75,75,75,75,75,75],"card_choices":[{"not_picked":["Dual Wield","Thunderclap"],"picked":"Pommel Strike","floor":1.0},{"not_picked":["Warcry","Burning Pact"],"picked":"Spot Weakness","floor":4},{"not_picked":["Thunderclap","Dual Wield"],"picked":"Anger","floor":5},{"not_picked":["Clothesline","Dark Embrace"],"picked":"Disarm","floor":6},{"not_picked":["Ghostly Armor","Clash"],"picked":"True Grit","floor":11},{"not_picked":["Iron Wave","Warcry","Hemokinesis"],"picked":"SKIP","floor":12},{"not_picked":["Double Tap","Offering"],"picked":"Immolate","floor":16},{"not_picked":["Headbutt","Bloodletting+1"],"picked":"Sentinel+1","floor":18},{"not_picked":["Infernal Blade","Wild Strike"],"picked":"Shrug It Off","floor":20}],"player_experience":2652351,"relics_obtained":[{"floor":6,"key":"CeramicFish"},{"floor":9,"key":"Dream Catcher"},{"floor":11,"key":"Omamori"}],"event_choices":[{"damage_healed":0.0,"max_hp_gain":0.0,"max_hp_loss":0.0,"gold_gain":0.0,"event_name":"The Cleric","player_choice":"Leave","floor":2.0,"gold_loss":0.0,"damage_taken":0.0},{"cards_removed":["Strike_R"],"damage_healed":0.0,"max_hp_gain":0.0,"max_hp_loss":0.0,"gold_gain":0.0,"event_name":"Golden Wing","player_choice":"Card Removal","floor":3.0,"gold_loss":0.0,"damage_taken":7.0},{"damage_healed":0,"gold_gain":0,"player_choice":"Rummage","damage_taken":0,"relics_obtained":["WarpedTongs"],"max_hp_gain":0,"max_hp_loss":0,"event_name":"Accursed Blacksmith","floor":14,"gold_loss":0,"cards_obtained":["Pain"]},{"damage_healed":0,"gold_gain":275,"player_choice":"Desecrate","damage_taken":0,"max_hp_gain":0,"max_hp_loss":0,"event_name":"Golden Shrine","floor":19,"gold_loss":0,"cards_obtained":["Regret"]}],"is_beta":true,"boss_relics":[{"not_picked":["SacredBark","Busted Crown"],"picked":"Astrolabe"}],"items_purged_floors":[7],"is_endless":false,"potions_floor_spawned":[1,5,11,20],"killed_by":"Cultist and Chosen","ascension_level":20}