{"gold_per_floor":[113,132,150,150,47,47,65,98,98,111,146,146,166,191,191,267,267,283,297,347,347,347,373,78,78,131,131,147,165,165,177,177,252,252,268,44,44,54,66,66],"floor_reached":40,"playtime":2584,"items_purged":["Strike_R"],"score":906,"play_id":"20bff18a-4f9e-40e0-9e29-792912acac60","local_time":"20201103220044","is_ascension_mode":true,"campfire_choices":[{"data":"Heavy Blade","floor":6,"key":"SMITH"},{"data":"Spot Weakness","floor":12,"key":"SMITH"},{"data":"Combust","floor":15,"key":"SMITH"},{"data":"Limit Break","floor":25,"key":"SMITH"},{"data":"Battle Trance","floor":27,"key":"SMITH"},{"floor":32,"key":"REST"}],"neow_cost":"NONE","seed_source_timestamp":1717065804162500,"circlet_count":0,"master_deck":["AscendersBane","Strike_R","Strike_R","Strike_R","Strike_R","Defend_R+1","Defend_R","Defend_R+1","Defend_R","Bash+1","Twin Strike","Battle Trance+1","Heavy Blade+1","Spot Weakness+1","Headbutt","Double Tap","Sword Boomerang","Combust+1","Metallicize","Limit Break","Flex+1","Limit Break+1","Inflame","Impervious","Shrug It Off","Finesse"],"relics":["Burning Blood","Vajra","Akabeko","Question Card","Torii","Kunai","SlaversCollar","Eternal Feather","War Paint","Toy Ornithopter","Sundial","Black Star","Lee\u0027s Waffle"],"potions_floor_usage":[8,14,16,18,31,38,40,40],"damage_taken":[{"damage":9,"enemies":"2 Louse","floor":1,"turns":3},{"damage":1,"enemies":"Cultist","floor":2,"turns":3},{"damage":1,"enemies":"Small Slimes","floor":3,"turns":3},{"damage":4,"enemies":"3 Louse","floor":7,"turns":3},{"damage":10,"enemies":"Lagavulin","floor":8,"turns":3},{"damage":11,"enemies":"Lots of Slimes","floor":10,"turns":4},{"damage":31,"enemies":"Gremlin Nob","floor":11,"turns":4},{"damage":1,"enemies":"Exordium Wildlife","floor":13,"turns":2},{"damage":11,"enemies":"Lagavulin","floor":14,"turns":4},{"damage":5,"enemies":"Slime Boss","floor":16,"turns":6},{"damage":28,"enemies":"2 Thieves","floor":18,"turns":3},{"damage":20,"enemies":"3 Byrds","floor":19,"turns":4},{"damage":27,"enemies":"Book of Stabbing","floor":23,"turns":3},{"damage":24,"enemies":"Snake Plant","floor":28,"turns":2},{"damage":1,"enemies":"Centurion and Healer","floor":29,"turns":3},{"damage":8,"enemies":"Snecko","floor":31,"turns":3},{"damage":34,"enemies":"Champ","floor":33,"turns":7},{"damage":16,"enemies":"Orb Walker","floor":35,"turns":3},{"damage":32,"enemies":"3 Darklings","floor":38,"turns":5},{"damage":28,"enemies":"4 Shapes","floor":39,"turns":7},{"damage":64,"enemies":"Reptomancer","floor":40,"turns":4}],"seed_played":"-307533227309317542","potions_obtained":[{"floor":2,"key":"DistilledChaos"},{"floor":11,"key":"Strength Potion"},{"floor":13,"key":"Weak Potion"},{"floor":14,"key":"Strength Potion"},{"floor":29,"key":"SneckoOil"},{"floor":33,"key":"Block Potion"},{"floor":39,"key":"Explosive Potion"}],"is_trial":false,"path_per_floor":["M","M","M","?","$","R","M","E","T","M","E","R","M","E","R","B",null,"M","M","?","?","?","E","$","R","T","R","M","M","T","M","R","B",null,"M","$","?","M","M","E"],"character_chosen":"IRONCLAD","items_purchased":["Spot Weakness","Headbutt","War Paint","Fire Potion","Lee\u0027s Waffle","Shrug It Off"],"campfire_rested":1,"item_purchase_floors":[5,5,24,24,36,36],"current_hp_per_floor":[65,70,75,75,75,75,75,71,71,66,41,41,46,41,41,42,67,45,31,31,46,46,25,25,37,37,49,31,36,36,39,73,45,68,58,82,82,61,39,0],"gold":66,"neow_bonus":"RANDOM_COMMON_RELIC","is_prod":false,"is_daily":false,"chose_seed":false,"campfire_upgraded":5,"win_rate":0,"timestamp":1604469644,"path_taken":["M","M","M","?","?","R","M","E","T","?","E","R","M","E","R","BOSS","M","M","?","?","?","E","$","R","T","R","M","?","?","M","R","BOSS","M","$","?","M","M","E"],"build_version":"2020-07-30","purchased_purges":1,"victory":false,"max_hp_per_floor":[75,75,75,75,75,75,75,75,75,75,75,75,75,75,75,75,75,75,75,75,75,75,75,75,75,75,75,75,75,75,75,75,75,75,75,82,82,82,82,82],"card_choices":[{"not_picked":["True Grit","Iron Wave"],"picked":"Twin Strike","floor":1},{"not_picked":["Feel No Pain","Clothesline"],"picked":"Battle Trance","floor":2},{"not_picked":["Armaments","Wild Strike"],"picked":"Heavy Blade","floor":3},{"not_picked":["Cleave","Heavy Blade","Wild Strike"],"picked":"SKIP","floor":7},{"not_picked":["Warcry","Shrug It Off"],"picked":"Double Tap","floor":8},{"not_picked":["Twin Strike","Flex","Bloodletting","Dropkick"],"picked":"SKIP","floor":10},{"not_picked":["Anger","Perfected Strike","Ghostly Armor"],"picked":"Sword Boomerang","floor":11},{"not_picked":["Carnage","Perfected Strike","Wild Strike"],"picked":"Combust","floor":13},{"not_picked":["Wild Strike","Evolve","Headbutt"],"picked":"Metallicize","floor":14},{"not_picked":["Barricade","Juggernaut","Brutality"],"picked":"Limit Break","floor":16},{"not_picked":["Heavy Blade","Reckless Charge","Perfected Strike","Dropkick+1"],"picked":"SKIP","floor":18},{"not_picked":["Metallicize","Shrug It Off","Iron Wave"],"picked":"Flex+1","floor":19},{"not_picked":["Iron Wave","Body Slam","Anger"],"picked":"Limit Break","floor":23},{"not_picked":["Intimidate","Flex","Anger","Feel No Pain"],"picked":"SKIP","floor":28},{"not_picked":["Rupture","Clothesline","Clash"],"picked":"Inflame","floor":29},{"not_picked":["Flex","Twin Strike+1","Warcry","Inflame"],"picked":"SKIP","floor":31},{"not_picked":["Exhume","Limit Break","Bludgeon"],"picked":"Impervious","floor":33},{"not_picked":["Havoc","Clash","Perfected Strike","Wild Strike"],"picked":"SKIP","floor":35},{"not_picked":["HandOfGreed","Jack Of All Trades","Bandage Up"],"picked":"Finesse","floor":37},{"not_picked":["Flex","Pummel","Perfected Strike","Evolve"],"picked":"SKIP","floor":38},{"not_picked":["Twin Strike","Thunderclap","Body Slam","Flex"],"picked":"SKIP","floor":39}],"player_experience":2636430,"relics_obtained":[{"floor":8,"key":"Akabeko"},{"floor":9,"key":"Question Card"},{"floor":11,"key":"Torii"},{"floor":14,"key":"Kunai"},{"floor":23,"key":"Eternal Feather"},{"floor":26,"key":"Toy Ornithopter"},{"floor":30,"key":"Sundial"}],"event_choices":[{"damage_healed":0,"gold_gain":0,"player_choice":"Upgraded","damage_taken":0,"max_hp_gain":0,"max_hp_loss":0,"event_name":"Upgrade Shrine","floor":4,"gold_loss":0,"cards_upgraded":["Bash"]},{"damage_healed":0,"gold_gain":50,"player_choice":"Stole From Cult","damage_taken":0,"max_hp_gain":0,"max_hp_loss":0,"event_name":"Nest","floor":20,"gold_loss":0},{"damage_healed":15,"gold_gain":0,"player_choice":"Heal","damage_taken":0,"max_hp_gain":0,"max_hp_loss":0,"event_name":"The Library","floor":21,"gold_loss":0},{"damage_healed":0,"gold_gain":0,"player_choice":"Ignored","damage_taken":0,"max_hp_gain":0,"max_hp_loss":0,"event_name":"N\u0027loth","floor":22,"gold_loss":0},{"damage_healed":0,"gold_gain":0,"player_choice":"Memory 1","damage_taken":0,"max_hp_gain":0,"max_hp_loss":0,"event_name":"SensoryStone","floor":37,"gold_loss":0}],"is_beta":true,"boss_relics":[{"not_picked":["Runic Dome","Tiny House"],"picked":"SlaversCollar"},{"not_picked":["Coffee Dripper","Runic Cube"],"picked":"Black Star"}],"items_purged_floors":[24],"is_endless":false,"potions_floor_spawned":[2,11,13,14,29,33,39],"killed_by":"Reptomancer","ascension_level":20}