{"gold_per_floor":[113,130,50,50,64,64,74,103,130,147,147,169,169,197,197,197],"floor_reached":16,"playtime":1002,"items_purged":[],"score":208,"play_id":"7bdfa8dc-b768-4596-858a-76c236f4e528","local_time":"20201108093928","is_ascension_mode":true,"campfire_choices":[{"data":"Searing Blow","floor":6,"key":"SMITH"},{"data":"Searing Blow+1","floor":11,"key":"SMITH"},{"data":"Searing Blow+2","floor":13,"key":"SMITH"},{"data":"Searing Blow+3","floor":15,"key":"SMITH"}],"neow_cost":"NONE","seed_source_timestamp":2106177396742300,"circlet_count":0,"master_deck":["AscendersBane","Strike_R","Strike_R","Strike_R","Strike_R","Strike_R","Defend_R","Defend_R","Defend_R","Defend_R","Bash","Anger","Searing Blow+4","Thunderclap","Armaments","Armaments","Headbutt"],"relics":["Burning Blood","CeramicFish","Regal Pillow"],"potions_floor_usage":[12,14],"damage_taken":[{"damage":6,"enemies":"Jaw Worm","floor":1,"turns":6},{"damage":2,"enemies":"Cultist","floor":2,"turns":4},{"damage":10,"enemies":"Small Slimes","floor":5,"turns":4},{"damage":18,"enemies":"Red Slaver","floor":7,"turns":5},{"damage":35,"enemies":"3 Sentries","floor":8,"turns":10},{"damage":15,"enemies":"Looter","floor":10,"turns":4},{"damage":10,"enemies":"3 Louse","floor":12,"turns":4},{"damage":4,"enemies":"2 Fungi Beasts","floor":14,"turns":4},{"damage":50,"enemies":"The Guardian","floor":16,"turns":5}],"seed_played":"-3760269441241810891","potions_obtained":[{"floor":2,"key":"BloodPotion"},{"floor":4,"key":"GamblersBrew"},{"floor":12,"key":"ElixirPotion"},{"floor":14,"key":"Fruit Juice"}],"is_trial":false,"path_per_floor":["M","M","$","?","M","R","M","E","T","M","R","M","R","M","R","B"],"character_chosen":"IRONCLAD","items_purchased":["Searing Blow"],"campfire_rested":0,"item_purchase_floors":[3],"current_hp_per_floor":[75,79,79,79,75,75,63,34,34,25,25,37,37,44,44,0],"gold":197,"neow_bonus":"TEN_PERCENT_HP_BONUS","is_prod":false,"is_daily":false,"chose_seed":false,"campfire_upgraded":4,"win_rate":0,"timestamp":1604857168,"path_taken":["M","M","$","?","M","R","M","E","T","?","R","M","R","?","R","BOSS"],"build_version":"2020-07-30","purchased_purges":0,"victory":false,"max_hp_per_floor":[82,82,82,82,82,82,82,82,82,82,82,82,82,87,87,87],"card_choices":[{"not_picked":["Shrug It Off","Infernal Blade"],"picked":"Anger","floor":1},{"not_picked":["Burning Pact","Sentinel","Wild Strike"],"picked":"SKIP","floor":2},{"not_picked":["Flex","Clothesline"],"picked":"Thunderclap","floor":5},{"not_picked":["Perfected Strike","Rupture"],"picked":"Armaments","floor":7},{"not_picked":["Havoc","Anger","Limit Break"],"picked":"SKIP","floor":8},{"not_picked":["Body Slam","Anger","Sword Boomerang"],"picked":"SKIP","floor":10},{"not_picked":["Searing Blow","Shrug It Off"],"picked":"Armaments","floor":12},{"not_picked":["Flex","Shrug It Off"],"picked":"Headbutt","floor":14}],"player_experience":2706487,"relics_obtained":[{"floor":8,"key":"CeramicFish"},{"floor":9,"key":"Regal Pillow"}],"event_choices":[{"damage_healed":0,"gold_gain":0,"player_choice":"Got Potions","damage_taken":0,"max_hp_gain":0,"max_hp_loss":0,"event_name":"Lab","floor":4,"gold_loss":0}],"is_beta":true,"boss_relics":[],"items_purged_floors":[],"is_endless":false,"potions_floor_spawned":[2,12,14],"killed_by":"The Guardian","ascension_level":20}