{"gold_per_floor":[116,129,129,129,129,167,192,204,240,252,299,311,323,366,378,390],"floor_reached":16,"playtime":1102,"items_purged":[],"score":232,"play_id":"12c9cc4b-f830-47a4-a640-851a7c1cbbdf","local_time":"20201102001119","is_ascension_mode":true,"campfire_choices":[{"floor":10.0,"key":"REST"},{"data":"Pommel Strike","floor":12,"key":"SMITH"},{"data":"Twin Strike","floor":15,"key":"SMITH"}],"neow_cost":"NONE","seed_source_timestamp":1553549872530400,"circlet_count":0,"master_deck":["AscendersBane","Strike_R","Strike_R","Strike_R","Strike_R","Defend_R","Defend_R","Defend_R","Defend_R","Bash+1","Clothesline+1","Pommel Strike+1","Metallicize","Offering","Twin Strike+1"],"special_seed":0,"relics":["Burning Blood","Golden Idol","MawBank","Pen Nib","Smiling Mask","Happy Flower","Boot"],"potions_floor_usage":[11,11,16],"damage_taken":[{"damage":8.0,"enemies":"2 Louse","floor":1.0,"turns":3.0},{"damage":9.0,"enemies":"Small Slimes","floor":2.0,"turns":4.0},{"damage":22.0,"enemies":"Lagavulin","floor":6.0,"turns":7.0},{"damage":1.0,"enemies":"Cultist","floor":7.0,"turns":3.0},{"damage":21,"enemies":"3 Sentries","floor":11,"turns":10},{"damage":9,"enemies":"Gremlin Nob","floor":14,"turns":3},{"damage":30,"enemies":"Hexaghost","floor":16,"turns":9}],"seed_played":"8164319282475154444","potions_obtained":[{"floor":0.0,"key":"BlessingOfTheForge"},{"floor":0.0,"key":"Block Potion"},{"floor":1.0,"key":"SteroidPotion"},{"floor":6.0,"key":"SneckoOil"},{"floor":14,"key":"Swift Potion"}],"is_trial":false,"path_per_floor":["M","M","?","?","?","E","M","?","T","R","E","R","T","E","R","B"],"character_chosen":"IRONCLAD","items_purchased":[],"campfire_rested":1,"item_purchase_floors":[],"current_hp_per_floor":[66,63,63,43,43,27,32,25,25,45,30,30,30,27,27,0],"gold":390,"neow_bonus":"THREE_SMALL_POTIONS","is_prod":false,"is_daily":false,"chose_seed":false,"campfire_upgraded":2,"win_rate":0,"timestamp":1604304679,"path_taken":["M","M","?","?","?","E","M","?","T","R","E","R","?","E","R","BOSS"],"build_version":"2020-07-30","purchased_purges":0,"victory":false,"max_hp_per_floor":[75,75,68,68,68,68,68,68,68,68,68,68,68,68,68,68],"card_choices":[{"not_picked":["Shrug It Off","Flex"],"picked":"Clothesline","floor":1.0},{"not_picked":["Ghostly Armor","Evolve"],"picked":"Pommel Strike","floor":2.0},{"not_picked":["Burning Pact","Headbutt"],"picked":"Metallicize","floor":6.0},{"not_picked":["Battle Trance","Seeing Red"],"picked":"Offering","floor":7.0},{"not_picked":["Sword Boomerang","Dropkick","True Grit"],"picked":"SKIP","floor":11},{"not_picked":["Thunderclap","Blood for Blood"],"picked":"Twin Strike","floor":14}],"player_experience":2629636,"relics_obtained":[{"floor":6.0,"key":"MawBank"},{"floor":9.0,"key":"Pen Nib"},{"floor":11,"key":"Smiling Mask"},{"floor":13,"key":"Happy Flower"},{"floor":14,"key":"Boot"}],"event_choices":[{"damage_healed":0.0,"max_hp_gain":0.0,"max_hp_loss":7.0,"gold_gain":0.0,"event_name":"Golden Idol","player_choice":"Lose Max HP","floor":3.0,"gold_loss":0.0,"damage_taken":0.0,"relics_obtained":["Golden Idol"]},{"damage_healed":0.0,"max_hp_gain":0.0,"max_hp_loss":0.0,"gold_gain":0.0,"event_name":"Shining Light","player_choice":"Entered Light","floor":4.0,"gold_loss":0.0,"damage_taken":20.0,"cards_upgraded":["Clothesline","Bash"]},{"damage_healed":0.0,"max_hp_gain":0.0,"max_hp_loss":0.0,"gold_gain":0.0,"event_name":"Liars Game","player_choice":"Ignored","floor":5.0,"gold_loss":0.0,"damage_taken":0.0},{"cards_removed":["Strike_R"],"damage_healed":0.0,"max_hp_gain":0.0,"max_hp_loss":0.0,"gold_gain":0.0,"event_name":"Golden Wing","player_choice":"Card Removal","floor":8.0,"gold_loss":0.0,"damage_taken":7.0}],"is_beta":true,"boss_relics":[],"items_purged_floors":[],"is_endless":false,"potions_floor_spawned":[1,2,6,14],"killed_by":"Hexaghost","ascension_level":20}