{"gold_per_floor":[110,110,122,122,140,179,179,223,223,223,264,282,4,25,25,118,118,141,161,175,5,5,30,30,74,74,199,3,3,3,28,28,122,122,138,162,175,175,100,131,154,195,195,219,232,272,291,316,316,316,316,316,316,56,95,95],"floor_reached":57,"playtime":10828,"items_purged":["Strike_R"],"score":2922,"play_id":"d812d87e-480e-466f-af4d-98091e8e0893","local_time":"20201108234958","is_ascension_mode":true,"campfire_choices":[{"data":"Wild Strike","floor":7,"key":"SMITH"},{"floor":10,"key":"REST"},{"data":"Fiend Fire","floor":15,"key":"SMITH"},{"data":"Fiend Fire","floor":24,"key":"SMITH"},{"data":"Strike_R","floor":30,"key":"PURGE"},{"data":"Doubt","floor":32,"key":"PURGE"},{"floor":49,"key":"RECALL"},{"data":"Strike_R","floor":53,"key":"PURGE"}],"neow_cost":"NONE","seed_source_timestamp":0,"circlet_count":0,"master_deck":["AscendersBane","Strike_R+1","Strike_R+1","Defend_R","Defend_R","Defend_R","Defend_R","Bash","Evolve","Twin Strike","Headbutt","Wild Strike+1","Fiend Fire+1","True Grit","Metallicize","Disarm","Dark Embrace","Spot Weakness","Fiend Fire+1","Metallicize","Feel No Pain","Dark Shackles","Burning Pact","Seeing Red+1","Power Through","Master of Strategy","Impervious","Fiend Fire+1","Sever Soul+1","Feel No Pain+1","Sever Soul","Warcry","Battle Trance","Warcry","Second Wind","Disarm+1","Disarm","Metallicize+1"],"special_seed":0,"relics":["Burning Blood","Golden Idol","Kunai","Bird Faced Urn","Dead Branch","InkBottle","Pen Nib","Cursed Key","MealTicket","Peace Pipe","Bottled Lightning","Fusion Hammer","Centennial Puzzle","Whetstone","Bag of Preparation","Orrery","StoneCalendar"],"potions_floor_usage":[6,6,8,25,27,37,56,56],"damage_taken":[{"damage":8,"enemies":"Small Slimes","floor":1,"turns":4},{"damage":14,"enemies":"Jaw Worm","floor":3,"turns":4},{"damage":6,"enemies":"Cultist","floor":5,"turns":3},{"damage":20,"enemies":"Gremlin Nob","floor":6,"turns":4},{"damage":25,"enemies":"Lagavulin","floor":8,"turns":5},{"damage":32,"enemies":"Gremlin Nob","floor":11,"turns":4},{"damage":5,"enemies":"Gremlin Gang","floor":12,"turns":4},{"damage":12,"enemies":"Large Slime","floor":14,"turns":6},{"damage":12,"enemies":"Hexaghost","floor":16,"turns":9},{"damage":17,"enemies":"2 Thieves","floor":18,"turns":4},{"damage":0,"enemies":"Shell Parasite","floor":19,"turns":1},{"damage":22,"enemies":"Shelled Parasite and Fungi","floor":20,"turns":3},{"damage":8,"enemies":"Snake Plant","floor":23,"turns":10},{"damage":12,"enemies":"Book of Stabbing","floor":25,"turns":3},{"damage":11,"enemies":"Colosseum Slavers","floor":27,"turns":5},{"damage":11,"enemies":"Colosseum Nobs","floor":27,"turns":5},{"damage":0,"enemies":"Chosen and Byrds","floor":31,"turns":3},{"damage":23,"enemies":"Champ","floor":33,"turns":13},{"damage":5,"enemies":"Orb Walker","floor":35,"turns":3},{"damage":8,"enemies":"3 Darklings","floor":36,"turns":3},{"damage":18,"enemies":"Transient","floor":37,"turns":6},{"damage":6,"enemies":"Giant Head","floor":40,"turns":7},{"damage":9,"enemies":"Writhing Mass","floor":41,"turns":5},{"damage":18,"enemies":"Nemesis","floor":42,"turns":7},{"damage":6,"enemies":"4 Shapes","floor":44,"turns":7},{"damage":10,"enemies":"Sphere and 2 Shapes","floor":45,"turns":5},{"damage":0,"enemies":"Reptomancer","floor":46,"turns":1},{"damage":31,"enemies":"Transient","floor":47,"turns":6},{"damage":0,"enemies":"Writhing Mass","floor":48,"turns":4},{"damage":37,"enemies":"Time Eater","floor":50,"turns":9},{"damage":18,"enemies":"Donu and Deca","floor":51,"turns":6},{"damage":0,"enemies":"Shield and Spear","floor":55,"turns":5},{"damage":47,"enemies":"The Heart","floor":56,"turns":7}],"seed_played":"4969962567506622086","potions_obtained":[{"floor":0,"key":"HeartOfIron"},{"floor":0,"key":"LiquidMemories"},{"floor":6,"key":"FearPotion"},{"floor":16,"key":"AttackPotion"},{"floor":23,"key":"DistilledChaos"},{"floor":31,"key":"Energy Potion"},{"floor":33,"key":"SpeedPotion"},{"floor":36,"key":"Swift Potion"},{"floor":37,"key":"DuplicationPotion"}],"is_trial":false,"path_per_floor":["M","?","M","?","M","E","R","E","T","R","E","M","$","M","R","B",null,"M","M","M","$","?","M","R","E","T","?","$","?","R","M","R","B",null,"M","M","M","?","$","E","M","E","T","M","M","E","M","M","R","B","B",null,"R","$","E","B",null],"character_chosen":"IRONCLAD","items_purchased":["Disarm","Pen Nib","Dark Embrace","Feel No Pain","Dark Shackles","Master of Strategy","Orrery","Disarm"],"campfire_rested":1,"item_purchase_floors":[13,13,13,21,21,28,54,54],"current_hp_per_floor":[66,66,58,58,58,44,44,25,25,45,21,24,24,26,26,32,59,50,56,44,44,44,68,68,64,64,68,68,68,68,68,68,68,68,68,68,58,58,68,68,68,68,68,68,68,68,63,68,68,48,52,64,64,68,68,57],"gold":95,"neow_bonus":"THREE_SMALL_POTIONS","is_prod":false,"is_daily":false,"chose_seed":false,"campfire_upgraded":3,"win_rate":0,"timestamp":1604908198,"path_taken":["M","?","M","?","M","E","R","E","T","R","E","M","?","?","R","BOSS","M","M","?","$","?","?","R","E","T","?","$","?","R","M","R","BOSS","M","M","M","?","$","E","M","E","T","M","M","E","?","M","R","BOSS","BOSS","R","$","E","BOSS"],"build_version":"2020-07-30","purchased_purges":1,"victory":true,"max_hp_per_floor":[75,75,75,68,68,68,68,68,68,68,68,68,68,68,68,68,68,68,68,68,68,68,68,68,68,68,68,68,68,68,68,68,68,68,68,68,68,68,68,68,68,68,68,68,68,68,68,68,68,68,68,68,68,68,68,68],"relic_stats":{"counters":[33,171],"Golden Idol":252,"Dead Branch":[798],"StoneCalendar":[45],"Pen Nib":[21],"Bag of Preparation":[12],"Whetstone":["Strike_R","Strike_R"],"Cursed Key":1,"Burning Blood":142,"Peace Pipe":3,"Centennial Puzzle":[21],"Bird Faced Urn":[225],"MealTicket":14,"Kunai":[32],"obtain_stats":[{"Golden Idol":4,"Dead Branch":9,"StoneCalendar":55,"Pen Nib":13,"Bag of Preparation":46,"Whetstone":42,"Cursed Key":17,"Burning Blood":0,"Peace Pipe":27,"Centennial Puzzle":40,"Bird Faced Urn":8,"Orrery":54,"MealTicket":25,"Fusion Hammer":34,"Kunai":6,"Bottled Lightning":27,"InkBottle":11},{"Golden Idol":2,"Dead Branch":5,"StoneCalendar":32,"Pen Nib":7,"Bag of Preparation":27,"Whetstone":24,"Cursed Key":9,"Burning Blood":0,"Peace Pipe":16,"Centennial Puzzle":22,"Bird Faced Urn":5,"Orrery":31,"MealTicket":14,"Fusion Hammer":18,"Kunai":4,"Bottled Lightning":16,"InkBottle":6},{"Golden Idol":8,"Dead Branch":20,"StoneCalendar":164,"Pen Nib":28,"Bag of Preparation":134,"Whetstone":121,"Cursed Key":43,"Burning Blood":0,"Peace Pipe":74,"Centennial Puzzle":109,"Bird Faced Urn":20,"Orrery":159,"MealTicket":64,"Fusion Hammer":90,"Kunai":15,"Bottled Lightning":74,"InkBottle":24}],"InkBottle":[73]},"card_choices":[{"not_picked":["Iron Wave","Power Through"],"picked":"Evolve","floor":1},{"not_picked":["Heavy Blade","Thunderclap"],"picked":"Twin Strike","floor":3},{"not_picked":["Warcry","Cleave"],"picked":"Headbutt","floor":5},{"not_picked":["Corruption","Armaments"],"picked":"Wild Strike","floor":6},{"not_picked":["Inflame","Shockwave"],"picked":"Fiend Fire","floor":8},{"not_picked":["Sentinel","Iron Wave"],"picked":"True Grit","floor":11},{"not_picked":["Sword Boomerang","Armaments"],"picked":"Metallicize","floor":12},{"not_picked":["Evolve","Wild Strike"],"picked":"Spot Weakness","floor":14},{"not_picked":["Limit Break","Brutality"],"picked":"Fiend Fire","floor":16},{"not_picked":["Perfected Strike","Blood for Blood","Cleave"],"picked":"SKIP","floor":18},{"not_picked":["Pommel Strike","Sword Boomerang"],"picked":"Metallicize","floor":19},{"not_picked":["Clash","Havoc","Wild Strike"],"picked":"SKIP","floor":20},{"not_picked":["Clothesline","Headbutt"],"picked":"Burning Pact","floor":23},{"not_picked":["Iron Wave","Intimidate+1"],"picked":"Seeing Red+1","floor":25},{"not_picked":["Intimidate","Headbutt"],"picked":"Power Through","floor":27},{"not_picked":["Heavy Blade+1","Shrug It Off"],"picked":"Impervious","floor":31},{"not_picked":["Berserk","Limit Break"],"picked":"Fiend Fire","floor":33},{"not_picked":["Pummel","Body Slam"],"picked":"Sever Soul+1","floor":35},{"not_picked":["True Grit","Twin Strike+1","Clash"],"picked":"SKIP","floor":36},{"not_picked":["Heavy Blade","Dark Embrace"],"picked":"Feel No Pain+1","floor":37},{"not_picked":["True Grit","Sword Boomerang","Wild Strike"],"picked":"SKIP","floor":40},{"not_picked":["Carnage+1","Heavy Blade+1","Cleave"],"picked":"SKIP","floor":41},{"not_picked":["True Grit","Pommel Strike+1","Twin Strike+1"],"picked":"SKIP","floor":42},{"not_picked":["Bludgeon","Twin Strike","Wild Strike"],"picked":"SKIP","floor":44},{"not_picked":["Dual Wield+1","Anger"],"picked":"Sever Soul","floor":45},{"not_picked":["True Grit+1","Searing Blow"],"picked":"Warcry","floor":46},{"not_picked":["Sever Soul","Armaments"],"picked":"Battle Trance","floor":47},{"not_picked":["Iron Wave+1","Pommel Strike"],"picked":"Warcry","floor":48},{"not_picked":["Havoc","Entrench"],"picked":"Second Wind","floor":54},{"not_picked":["Perfected Strike","Heavy Blade"],"picked":"Disarm+1","floor":54},{"not_picked":["Reckless Charge+1","Ghostly Armor"],"picked":"Metallicize+1","floor":55}],"player_experience":2726308,"relics_obtained":[{"floor":6,"key":"Kunai"},{"floor":8,"key":"Bird Faced Urn"},{"floor":9,"key":"Dead Branch"},{"floor":11,"key":"InkBottle"},{"floor":25,"key":"MealTicket"},{"floor":27,"key":"Peace Pipe"},{"floor":27,"key":"Bottled Lightning"},{"floor":40,"key":"Centennial Puzzle"},{"floor":42,"key":"Whetstone"},{"floor":46,"key":"Bag of Preparation"},{"floor":55,"key":"StoneCalendar"}],"event_choices":[{"damage_healed":0,"gold_gain":0,"player_choice":"Ignored","damage_taken":0,"max_hp_gain":0,"max_hp_loss":0,"event_name":"Liars Game","floor":2,"gold_loss":0},{"damage_healed":0,"gold_gain":0,"player_choice":"Lose Max HP","damage_taken":0,"relics_obtained":["Golden Idol"],"max_hp_gain":0,"max_hp_loss":7,"event_name":"Golden Idol","floor":4,"gold_loss":0},{"damage_healed":0,"gold_gain":0,"player_choice":"Ignored","damage_taken":0,"max_hp_gain":0,"max_hp_loss":0,"event_name":"N\u0027loth","floor":22,"gold_loss":0},{"damage_healed":0,"gold_gain":0,"player_choice":"Fight","damage_taken":0,"max_hp_gain":0,"max_hp_loss":0,"event_name":"Colosseum","floor":27,"gold_loss":0},{"damage_healed":0,"gold_gain":0,"player_choice":"Fought Nobs","damage_taken":0,"max_hp_gain":0,"max_hp_loss":0,"event_name":"Colosseum","floor":27,"gold_loss":0},{"damage_healed":0,"gold_gain":0,"player_choice":"Ignored","damage_taken":0,"max_hp_gain":0,"max_hp_loss":0,"event_name":"WeMeetAgain","floor":29,"gold_loss":0},{"damage_healed":0,"gold_gain":0,"player_choice":"Upgraded","damage_taken":0,"max_hp_gain":0,"max_hp_loss":0,"event_name":"Upgrade Shrine","floor":38,"gold_loss":0,"cards_upgraded":["Fiend Fire"]}],"is_beta":true,"boss_relics":[{"not_picked":["Philosopher\u0027s Stone","Black Star"],"picked":"Cursed Key"},{"not_picked":["Runic Cube","Coffee Dripper"],"picked":"Fusion Hammer"}],"items_purged_floors":[39],"is_endless":false,"potions_floor_spawned":[3,6,16,23,27,31,33,36,37,40,45,46,48],"ascension_level":20}