{"gold_per_floor":[114,129,142,57,15,15,48,65,65,65,78,108,129,156,156,230,230,248,283,283,296,307,325,351,351,351,384,0,35,35,135,135,212,212,229,246,246,258,271,271,303,328,410,410,226,255,274,274,274,274,274,274,274,4,35,35],"floor_reached":56,"playtime":12897,"items_purged":["Writhe","Pain"],"score":2041,"play_id":"b95e3805-8dc2-4a51-afd6-3347b1234333","local_time":"20201106205915","is_ascension_mode":true,"campfire_choices":[{"data":"Combust","floor":6.0,"key":"SMITH"},{"data":"Uppercut","floor":10.0,"key":"SMITH"},{"data":"Rampage","floor":15.0,"key":"SMITH"},{"data":"Inflame","floor":25.0,"key":"SMITH"},{"data":"Inflame","floor":30.0,"key":"SMITH"},{"data":"Dual Wield","floor":32.0,"key":"SMITH"},{"floor":40.0,"key":"RECALL"},{"data":"Bloodletting","floor":49.0,"key":"SMITH"},{"floor":53,"key":"REST"}],"neow_cost":"NONE","seed_source_timestamp":1960900789482600,"circlet_count":0,"master_deck":["AscendersBane","Strike_R+1","Strike_R+1","Defend_R","Defend_R","Defend_R","Bash","Pommel Strike","Metallicize","Combust+1","Rampage+1","Inflame+1","Uppercut+1","Battle Trance","Shrug It Off","Reaper","Reaper","Headbutt","Reaper","Master of Strategy","Flex","Inflame+1","Bloodletting+1","Dual Wield+1","Feed","Heavy Blade+1","Entrench+1","Anger+1","Finesse","Thinking Ahead","Offering","Disarm","Battle Trance+1"],"special_seed":0,"relics":["Burning Blood","White Beast Statue","HornCleat","Ornamental Fan","Whetstone","Odd Mushroom","Boot","Cursed Key","Red Mask","Matryoshka","Akabeko","Paper Frog","MawBank","Question Card","TungstenRod","Bottled Tornado","Astrolabe","Centennial Puzzle","Lizard Tail","Singing Bowl","Pen Nib","OrangePellets","FossilizedHelix"],"potions_floor_usage":[51,55,56,56],"damage_taken":[{"damage":3.0,"enemies":"Cultist","floor":1.0,"turns":5.0},{"damage":6.0,"enemies":"2 Louse","floor":2.0,"turns":3.0},{"damage":7.0,"enemies":"Small Slimes","floor":3.0,"turns":4.0},{"damage":13.0,"enemies":"3 Sentries","floor":7.0,"turns":5.0},{"damage":13.0,"enemies":"3 Louse","floor":8.0,"turns":2.0},{"damage":0.0,"enemies":"2 Fungi Beasts","floor":11.0,"turns":4.0},{"damage":0.0,"enemies":"Gremlin Nob","floor":12.0,"turns":3.0},{"damage":8.0,"enemies":"The Mushroom Lair","floor":13.0,"turns":3.0},{"damage":16.0,"enemies":"3 Sentries","floor":14.0,"turns":5.0},{"damage":29.0,"enemies":"Slime Boss","floor":16.0,"turns":7.0},{"damage":14.0,"enemies":"Shell Parasite","floor":18.0,"turns":6.0},{"damage":4.0,"enemies":"Masked Bandits","floor":19.0,"turns":4.0},{"damage":17.0,"enemies":"Spheric Guardian","floor":21.0,"turns":5.0},{"damage":14.0,"enemies":"3 Cultists","floor":22.0,"turns":5.0},{"damage":31.0,"enemies":"Shelled Parasite and Fungi","floor":23.0,"turns":6.0},{"damage":56.0,"enemies":"Slavers","floor":24.0,"turns":7.0},{"damage":38.0,"enemies":"Book of Stabbing","floor":27.0,"turns":5.0},{"damage":59.0,"enemies":"Slavers","floor":29.0,"turns":6.0},{"damage":16.0,"enemies":"Colosseum Slavers","floor":31.0,"turns":5.0},{"damage":7.0,"enemies":"Colosseum Nobs","floor":31.0,"turns":4.0},{"damage":42.0,"enemies":"Collector","floor":33.0,"turns":11.0},{"damage":3.0,"enemies":"Orb Walker","floor":35.0,"turns":4.0},{"damage":12.0,"enemies":"3 Darklings","floor":36.0,"turns":4.0},{"damage":58.0,"enemies":"Spire Growth","floor":38.0,"turns":6.0},{"damage":47.0,"enemies":"Transient","floor":39.0,"turns":6.0},{"damage":37.0,"enemies":"Nemesis","floor":41.0,"turns":7.0},{"damage":19.0,"enemies":"Mind Bloom Boss Battle","floor":42.0,"turns":7.0},{"damage":71.0,"enemies":"Giant Head","floor":46.0,"turns":6.0},{"damage":37.0,"enemies":"Maw","floor":47.0,"turns":8.0},{"damage":248.0,"enemies":"Awakened One","floor":50.0,"turns":11.0},{"damage":156,"enemies":"Donu and Deca","floor":51,"turns":11},{"damage":97,"enemies":"Shield and Spear","floor":55,"turns":8},{"damage":131,"enemies":"The Heart","floor":56,"turns":6}],"seed_played":"-812538961727011688","potions_obtained":[{"floor":1.0,"key":"Block Potion"},{"floor":7.0,"key":"FairyPotion"},{"floor":8.0,"key":"LiquidBronze"},{"floor":11.0,"key":"Swift Potion"},{"floor":12.0,"key":"Fire Potion"},{"floor":14.0,"key":"Fire Potion"},{"floor":16.0,"key":"Fire Potion"},{"floor":19.0,"key":"LiquidMemories"},{"floor":21.0,"key":"AttackPotion"},{"floor":22.0,"key":"Swift Potion"},{"floor":24.0,"key":"BloodPotion"},{"floor":27.0,"key":"ElixirPotion"},{"floor":29.0,"key":"GamblersBrew"},{"floor":31.0,"key":"BloodPotion"},{"floor":33.0,"key":"Block Potion"},{"floor":36.0,"key":"PowerPotion"},{"floor":38.0,"key":"FearPotion"},{"floor":39.0,"key":"CultistPotion"},{"floor":46.0,"key":"Swift Potion"},{"floor":47.0,"key":"PowerPotion"},{"floor":55,"key":"DistilledChaos"}],"is_trial":false,"path_per_floor":["M","M","M","?","$","R","E","M","T","R","M","E","?","E","R","B",null,"M","?","?","M","M","M","E","R","T","E","$","E","R","?","R","B",null,"M","M","?","M","M","R","E","?","T","?","$","E","M","$","R","B","B",null,"R","$","E","B"],"character_chosen":"IRONCLAD","items_purchased":["Rampage","Master of Strategy","Flex","Inflame","Disarm","Strength Potion","OrangePellets","Fire Potion"],"campfire_rested":1,"item_purchase_floors":[5,28,28,28,45,54,54,54],"current_hp_per_floor":[71,71,70,70,70,70,63,56,56,56,62,68,66,56,56,33,65,61,63,63,55,75,75,42,42,42,61,61,38,38,75,75,75,75,75,78,69,46,75,75,64,87,87,87,87,42,82,82,82,95,15,75,95,95,42,0],"gold":35,"neow_bonus":"REMOVE_CARD","is_prod":false,"is_daily":false,"chose_seed":false,"campfire_upgraded":7,"win_rate":0,"timestamp":1604725155,"path_taken":["M","M","?","?","?","R","E","M","T","R","M","E","?","E","R","BOSS","M","?","?","?","M","M","E","R","T","E","$","E","R","?","R","BOSS","M","M","?","M","M","R","E","?","T","?","?","E","M","$","R","BOSS","BOSS","R","$","E","BOSS"],"build_version":"2020-07-30","purchased_purges":2,"victory":false,"max_hp_per_floor":[75,75,75,75,75,75,75,75,75,75,75,75,75,75,75,75,75,75,75,75,75,75,75,75,75,75,75,75,75,75,75,75,75,75,75,78,78,81,81,81,84,87,87,87,87,90,92,92,92,95,95,95,95,95,97,97],"card_choices":[{"not_picked":["Body Slam","Cleave"],"picked":"Pommel Strike","floor":1.0},{"not_picked":["Body Slam","Dark Embrace"],"picked":"Metallicize","floor":2.0},{"not_picked":["Clothesline","Pummel"],"picked":"Combust","floor":3.0},{"not_picked":["Combust","Sword Boomerang"],"picked":"Inflame","floor":7.0},{"not_picked":["Pommel Strike","Flex"],"picked":"Uppercut","floor":8.0},{"not_picked":["Heavy Blade","Whirlwind"],"picked":"True Grit","floor":11.0},{"not_picked":["Reckless Charge","Sword Boomerang"],"picked":"Battle Trance","floor":12.0},{"not_picked":["Dark Embrace","True Grit"],"picked":"Shrug It Off","floor":14.0},{"not_picked":["Bludgeon","Barricade"],"picked":"Reaper","floor":16.0},{"not_picked":["Perfected Strike","Uppercut","Flex"],"picked":"SKIP","floor":18.0},{"not_picked":["Fire Breathing","Thunderclap"],"picked":"Headbutt","floor":21.0},{"not_picked":["True Grit","Shrug It Off","Armaments"],"picked":"SKIP","floor":22.0},{"not_picked":["Pummel","Entrench+1","Dual Wield"],"picked":"SKIP","floor":23.0},{"not_picked":["Clothesline","Fire Breathing"],"picked":"Reaper","floor":24.0},{"not_picked":["Anger+1","Flex","Fiend Fire"],"picked":"SKIP","floor":27.0},{"not_picked":["Warcry","Dual Wield"],"picked":"Bloodletting","floor":29.0},{"not_picked":["Havoc","Rage","Headbutt"],"picked":"Dual Wield","floor":31.0},{"not_picked":["Double Tap","Juggernaut","Impervious"],"picked":"Feed","floor":33.0},{"not_picked":["Armaments","Blood for Blood","Headbutt+1","Twin Strike"],"picked":"SKIP","floor":35.0},{"not_picked":["Wild Strike","Havoc","Cleave+1","Armaments"],"picked":"SKIP","floor":36.0},{"not_picked":["Mind Blast","The Bomb","Violence"],"picked":"Finesse","floor":37.0},{"not_picked":["Mind Blast","Metamorphosis","Trip"],"picked":"Thinking Ahead","floor":37.0},{"not_picked":["Uppercut","Wild Strike","True Grit","Pommel Strike"],"picked":"SKIP","floor":38.0},{"not_picked":["Anger","Iron Wave","Dropkick","Searing Blow+1"],"picked":"SKIP","floor":39.0},{"not_picked":["Clothesline+1","Metallicize","Rupture"],"picked":"Offering","floor":41.0},{"not_picked":["Havoc","Blood for Blood","Thunderclap+1"],"picked":"Battle Trance+1","floor":46.0},{"not_picked":["Battle Trance","Burning Pact+1","Headbutt","True Grit+1"],"picked":"Singing Bowl","floor":47.0},{"not_picked":["Infernal Blade+1","Iron Wave","Dark Embrace","Pommel Strike"],"picked":"Singing Bowl","floor":55}],"player_experience":2661280,"relics_obtained":[{"floor":7.0,"key":"HornCleat"},{"floor":9.0,"key":"Ornamental Fan"},{"floor":12.0,"key":"Whetstone"},{"floor":13.0,"key":"Odd Mushroom"},{"floor":14.0,"key":"Boot"},{"floor":19.0,"key":"Red Mask"},{"floor":24.0,"key":"Matryoshka"},{"floor":26.0,"key":"Akabeko"},{"floor":26.0,"key":"Paper Frog"},{"floor":27.0,"key":"MawBank"},{"floor":29.0,"key":"Question Card"},{"floor":31.0,"key":"TungstenRod"},{"floor":31.0,"key":"Bottled Tornado"},{"floor":41.0,"key":"Centennial Puzzle"},{"floor":42.0,"key":"Lizard Tail"},{"floor":43.0,"key":"Singing Bowl"},{"floor":46.0,"key":"Pen Nib"},{"floor":55,"key":"FossilizedHelix"}],"event_choices":[{"damage_healed":0.0,"max_hp_gain":0.0,"max_hp_loss":0.0,"gold_gain":0.0,"event_name":"WeMeetAgain","player_choice":"Paid Gold","floor":4.0,"gold_loss":85.0,"damage_taken":0.0,"relics_obtained":["White Beast Statue"]},{"damage_healed":0.0,"max_hp_gain":0.0,"max_hp_loss":0.0,"gold_gain":0.0,"event_name":"Mushrooms","player_choice":"Fought Mushrooms","floor":13.0,"gold_loss":0.0,"damage_taken":0.0},{"damage_healed":0.0,"max_hp_gain":0.0,"max_hp_loss":0.0,"gold_gain":0.0,"event_name":"Masked Bandits","player_choice":"Fought Bandits","floor":19.0,"gold_loss":0.0,"damage_taken":0.0},{"damage_healed":0.0,"max_hp_gain":0.0,"max_hp_loss":0.0,"gold_gain":0.0,"event_name":"Duplicator","player_choice":"Copied","floor":20.0,"gold_loss":0.0,"damage_taken":0.0,"cards_obtained":["Reaper"]},{"damage_healed":0.0,"max_hp_gain":0.0,"max_hp_loss":0.0,"gold_gain":0.0,"event_name":"Colosseum","player_choice":"Fight","floor":31.0,"gold_loss":0.0,"damage_taken":0.0},{"damage_healed":0.0,"max_hp_gain":0.0,"max_hp_loss":0.0,"gold_gain":0.0,"event_name":"Colosseum","player_choice":"Fought Nobs","floor":31.0,"gold_loss":0.0,"damage_taken":0.0},{"damage_healed":0.0,"max_hp_gain":0.0,"max_hp_loss":0.0,"gold_gain":0.0,"event_name":"SensoryStone","player_choice":"Memory 3","floor":37.0,"gold_loss":0.0,"damage_taken":10.0},{"damage_healed":0.0,"max_hp_gain":0.0,"max_hp_loss":0.0,"gold_gain":0.0,"event_name":"MindBloom","player_choice":"Fight","floor":42.0,"gold_loss":0.0,"damage_taken":0.0},{"cards_removed":["True Grit"],"damage_healed":0.0,"max_hp_gain":0.0,"max_hp_loss":0.0,"gold_gain":0.0,"event_name":"Falling","player_choice":"Removed Skill","floor":44.0,"gold_loss":0.0,"damage_taken":0.0}],"is_beta":true,"boss_relics":[{"not_picked":["Black Blood","Runic Pyramid"],"picked":"Cursed Key"},{"not_picked":["SacredBark","Runic Cube"],"picked":"Astrolabe"}],"items_purged_floors":[28,45],"is_endless":false,"potions_floor_spawned":[1,7,8,11,12,13,14,16,18,19,21,22,23,24,27,29,31,31,33,35,36,38,39,41,42,46,47,55],"killed_by":"The Heart","ascension_level":20}