{"gold_per_floor":[118,131,145,70,70,99,99,128,182,202,277,297,317,360,360,447,447,466,488,107,157,172,172,212,212,212,262,292,319,328,343,343,343],"floor_reached":33,"playtime":2262,"items_purged":["Strike_R"],"score":660,"play_id":"7bff6608-40ae-4830-a8c1-cda28972c6a1","local_time":"20201031133755","is_ascension_mode":true,"campfire_choices":[{"data":"Bash","floor":7,"key":"SMITH"},{"data":"Immolate","floor":15,"key":"SMITH"},{"data":"Shockwave","floor":23,"key":"SMITH"},{"floor":25,"key":"REST"},{"data":"Ghostly","floor":32,"key":"SMITH"}],"neow_cost":"NONE","seed_source_timestamp":1424418827969500,"circlet_count":0,"master_deck":["AscendersBane","Strike_R","Strike_R+1","Strike_R+1","Defend_R","Defend_R","Defend_R","Defend_R","Bash+1","Headbutt","Shrug It Off","Carnage","Immolate+1","Shockwave+1","Offering+1","Offering","True Grit+1","True Grit+1","Shrug It Off","Impervious","Reaper","Ghostly","Ghostly","Ghostly+1","Pain"],"relics":["Burning Blood","Whetstone","Singing Bowl","Oddly Smooth Stone","CeramicFish","Anchor","Velvet Choker","Orrery","War Paint","Lantern","Self Forming Clay","Incense Burner","WarpedTongs"],"potions_floor_usage":[33],"damage_taken":[{"damage":7,"enemies":"Small Slimes","floor":1,"turns":3},{"damage":7,"enemies":"2 Louse","floor":2,"turns":3},{"damage":1,"enemies":"Cultist","floor":3,"turns":3},{"damage":19,"enemies":"3 Sentries","floor":6,"turns":8},{"damage":8,"enemies":"Gremlin Nob","floor":8,"turns":3},{"damage":2,"enemies":"Looter","floor":10,"turns":2},{"damage":0,"enemies":"Large Slime","floor":12,"turns":4},{"damage":0,"enemies":"2 Fungi Beasts","floor":13,"turns":2},{"damage":11,"enemies":"3 Sentries","floor":14,"turns":3},{"damage":46,"enemies":"The Guardian","floor":16,"turns":12},{"damage":12,"enemies":"3 Byrds","floor":18,"turns":4},{"damage":8,"enemies":"Spheric Guardian","floor":19,"turns":3},{"damage":24,"enemies":"Shelled Parasite and Fungi","floor":22,"turns":6},{"damage":6,"enemies":"Gremlin Leader","floor":24,"turns":4},{"damage":44,"enemies":"Book of Stabbing","floor":28,"turns":7},{"damage":7,"enemies":"Centurion and Healer","floor":31,"turns":5},{"damage":67,"enemies":"Collector","floor":33,"turns":10}],"seed_played":"-3988898710870978153","potions_obtained":[{"floor":2,"key":"Dexterity Potion"},{"floor":8,"key":"Weak Potion"},{"floor":12,"key":"CultistPotion"},{"floor":14,"key":"LiquidMemories"}],"is_trial":false,"path_per_floor":["M","M","M","?","?","E","R","E","T","M","?","M","M","E","R","B",null,"M","M","$","?","M","R","E","R","T","?","E","?","?","M","R","B"],"character_chosen":"IRONCLAD","items_purchased":["Orrery","War Paint"],"campfire_rested":1,"item_purchase_floors":[20,20],"current_hp_per_floor":[67,66,71,71,76,65,65,63,63,69,58,66,72,67,67,27,71,65,63,69,69,53,53,53,81,81,81,51,48,48,50,50,0],"gold":343,"neow_bonus":"RANDOM_COMMON_RELIC","is_prod":false,"is_daily":false,"chose_seed":false,"campfire_upgraded":4,"win_rate":0,"timestamp":1604176675,"path_taken":["M","M","M","?","?","E","R","E","T","M","?","M","M","E","R","BOSS","M","M","$","?","?","R","E","R","T","?","E","?","?","M","R","BOSS"],"build_version":"2020-07-30","purchased_purges":1,"victory":false,"max_hp_per_floor":[75,75,75,75,80,82,82,82,82,84,84,86,86,86,86,86,86,86,86,92,92,94,94,94,94,94,94,96,48,48,50,50,50],"card_choices":[{"not_picked":["Cleave","Iron Wave"],"picked":"Headbutt","floor":1},{"not_picked":["True Grit","Dropkick"],"picked":"Shrug It Off","floor":2},{"not_picked":["Sword Boomerang","Rage"],"picked":"Carnage","floor":3},{"not_picked":["Clothesline","Feel No Pain","Anger"],"picked":"Singing Bowl","floor":6},{"not_picked":["Cleave","Headbutt"],"picked":"Immolate","floor":8},{"not_picked":["Flex","Body Slam","Pommel Strike"],"picked":"Singing Bowl","floor":10},{"not_picked":["Thunderclap","Heavy Blade","Havoc"],"picked":"Singing Bowl","floor":12},{"not_picked":["True Grit","Blood for Blood"],"picked":"Shockwave","floor":13},{"not_picked":["Blood for Blood","Shockwave"],"picked":"Offering","floor":14},{"not_picked":["Immolate","Corruption"],"picked":"Offering","floor":16},{"not_picked":["Flex","Rampage"],"picked":"True Grit","floor":18},{"not_picked":["Carnage","Wild Strike"],"picked":"True Grit+1","floor":19},{"not_picked":["Anger","Warcry"],"picked":"Shrug It Off","floor":20},{"not_picked":["Ghostly Armor","Heavy Blade"],"picked":"Impervious","floor":20},{"not_picked":["True Grit","Wild Strike","Blood for Blood"],"picked":"Singing Bowl","floor":20},{"not_picked":["Intimidate","Perfected Strike","Thunderclap"],"picked":"Singing Bowl","floor":20},{"not_picked":["Heavy Blade","Armaments","Twin Strike+1"],"picked":"Singing Bowl","floor":20},{"not_picked":["Armaments+1","Warcry","Infernal Blade"],"picked":"Singing Bowl","floor":22},{"not_picked":["Reckless Charge+1","Burning Pact"],"picked":"Reaper","floor":24},{"not_picked":["Clash","Shrug It Off","Twin Strike"],"picked":"Singing Bowl","floor":28},{"not_picked":["Dark Embrace","Rage","Armaments"],"picked":"Singing Bowl","floor":31}],"player_experience":2613289,"relics_obtained":[{"floor":6,"key":"Singing Bowl"},{"floor":8,"key":"Oddly Smooth Stone"},{"floor":9,"key":"CeramicFish"},{"floor":14,"key":"Anchor"},{"floor":24,"key":"Lantern"},{"floor":26,"key":"Self Forming Clay"},{"floor":28,"key":"Incense Burner"}],"event_choices":[{"cards_removed":["Strike_R"],"damage_healed":0,"gold_gain":0,"player_choice":"Card Removal","damage_taken":0,"max_hp_gain":0,"max_hp_loss":0,"event_name":"The Cleric","floor":4,"gold_loss":75},{"damage_healed":0,"gold_gain":0,"player_choice":"Donut","damage_taken":0,"max_hp_gain":5,"max_hp_loss":0,"event_name":"Big Fish","floor":5,"gold_loss":0},{"damage_healed":0,"gold_gain":75,"player_choice":"Gather Gold","damage_taken":11,"max_hp_gain":0,"max_hp_loss":0,"event_name":"World of Goop","floor":11,"gold_loss":0},{"damage_healed":0,"gold_gain":100,"player_choice":"Bet on Murderer","damage_taken":0,"max_hp_gain":0,"max_hp_loss":0,"event_name":"The Joust","floor":21,"gold_loss":50},{"damage_healed":0,"gold_gain":50,"player_choice":"Stole From Cult","damage_taken":0,"max_hp_gain":0,"max_hp_loss":0,"event_name":"Nest","floor":27,"gold_loss":0},{"damage_healed":0,"gold_gain":0,"player_choice":"Became a Ghost","damage_taken":0,"max_hp_gain":0,"max_hp_loss":48,"event_name":"Ghosts","floor":29,"gold_loss":0,"cards_obtained":["Ghostly","Ghostly","Ghostly"]},{"damage_healed":0,"gold_gain":0,"player_choice":"Rummage","damage_taken":0,"relics_obtained":["WarpedTongs"],"max_hp_gain":0,"max_hp_loss":0,"event_name":"Accursed Blacksmith","floor":30,"gold_loss":0,"cards_obtained":["Pain"]}],"is_beta":true,"boss_relics":[{"not_picked":["Busted Crown","Tiny House"],"picked":"Velvet Choker"}],"items_purged_floors":[20],"is_endless":false,"potions_floor_spawned":[2,8,12,13,14,24,28],"killed_by":"Collector","ascension_level":20}