{"gold_per_floor":[118,136,101,111,123,158,158,158,212,245,320,320,355,63,63,137,137,151,171,171,221,48,83,83,116,139,149,166,195,195,735,735,813,813,833,846,858,868,391,423,436,436,436,468,468,500,500,525,525,525,525,525,525,7,40,40],"floor_reached":57,"playtime":11791,"items_purged":["Strike_R","Searing Blow","Carnage"],"score":3117,"play_id":"e4b2704c-db49-4650-9725-52e69ab1d6b5","local_time":"20201107194753","is_ascension_mode":true,"campfire_choices":[{"data":"Rampage","floor":8.0,"key":"SMITH"},{"data":"Immolate","floor":12.0,"key":"SMITH"},{"data":"Inflame","floor":15.0,"key":"SMITH"},{"floor":24.0,"key":"REST"},{"floor":30.0,"key":"REST"},{"floor":32.0,"key":"REST"},{"floor":42.0,"key":"REST"},{"floor":47.0,"key":"RECALL"},{"floor":49.0,"key":"REST"},{"floor":53.0,"key":"REST"}],"neow_cost":"PERCENT_DAMAGE","seed_source_timestamp":2044940726997800,"circlet_count":0,"master_deck":["AscendersBane","Bash","Anger","Shockwave","Infernal Blade","Rampage+1","Headbutt","Immolate+1","Impervious","Battle Trance","Inflame+1","Feed","Spot Weakness","Shrug It Off","Impervious","Blood for Blood","Spot Weakness","Flex","Clash","Barricade","Exhume","Heavy Blade+1","Shrug It Off+1","Corruption","Apotheosis","Deep Breath","Metallicize","Battle Trance+1","Entrench","Demon Form"],"special_seed":0,"relics":["Burning Blood","Pantograph","Lantern","Potion Belt","Akabeko","Fusion Hammer","Nilry\u0027s Codex","Happy Flower","Regal Pillow","Eternal Feather","Dream Catcher","Art of War","Pandora\u0027s Box","Membership Card","PreservedInsect","Torii","Bag of Preparation","Bag of Marbles","Omamori","MealTicket","ClockworkSouvenir","FossilizedHelix","Orichalcum","Vajra"],"potions_floor_usage":[56,56,56],"damage_taken":[{"damage":7.0,"enemies":"Jaw Worm","floor":1.0,"turns":6.0},{"damage":2.0,"enemies":"2 Louse","floor":2.0,"turns":4.0},{"damage":14.0,"enemies":"Small Slimes","floor":4.0,"turns":4.0},{"damage":6.0,"enemies":"Looter","floor":5.0,"turns":3.0},{"damage":35.0,"enemies":"3 Sentries","floor":6.0,"turns":7.0},{"damage":8.0,"enemies":"Gremlin Nob","floor":10.0,"turns":3.0},{"damage":5.0,"enemies":"3 Sentries","floor":13.0,"turns":4.0},{"damage":28.0,"enemies":"The Guardian","floor":16.0,"turns":9.0},{"damage":4.0,"enemies":"Shell Parasite","floor":18.0,"turns":4.0},{"damage":8.0,"enemies":"2 Thieves","floor":19.0,"turns":3.0},{"damage":31.0,"enemies":"Gremlin Leader","floor":23.0,"turns":5.0},{"damage":28.0,"enemies":"Book of Stabbing","floor":25.0,"turns":5.0},{"damage":0.0,"enemies":"3 Cultists","floor":27.0,"turns":4.0},{"damage":28.0,"enemies":"Snake Plant","floor":28.0,"turns":5.0},{"damage":34.0,"enemies":"Gremlin Leader","floor":29.0,"turns":5.0},{"damage":38.0,"enemies":"Collector","floor":33.0,"turns":9.0},{"damage":0.0,"enemies":"Orb Walker","floor":35.0,"turns":3.0},{"damage":27.0,"enemies":"3 Darklings","floor":36.0,"turns":3.0},{"damage":20.0,"enemies":"Maw","floor":37.0,"turns":8.0},{"damage":12.0,"enemies":"Writhing Mass","floor":38.0,"turns":8.0},{"damage":67.0,"enemies":"Reptomancer","floor":40.0,"turns":6.0},{"damage":22.0,"enemies":"Transient","floor":41.0,"turns":6.0},{"damage":0.0,"enemies":"Nemesis","floor":44.0,"turns":7.0},{"damage":0.0,"enemies":"Reptomancer","floor":46.0,"turns":5.0},{"damage":6.0,"enemies":"Giant Head","floor":48.0,"turns":6.0},{"damage":85.0,"enemies":"Donu and Deca","floor":50.0,"turns":8.0},{"damage":48.0,"enemies":"Awakened One","floor":51.0,"turns":10.0},{"damage":0.0,"enemies":"Shield and Spear","floor":55.0,"turns":5.0},{"damage":64,"enemies":"The Heart","floor":56,"turns":10}],"seed_played":"5411920571627051339","potions_obtained":[{"floor":2.0,"key":"SkillPotion"},{"floor":4.0,"key":"Strength Potion"},{"floor":6.0,"key":"Weak Potion"},{"floor":10.0,"key":"Explosive Potion"},{"floor":16.0,"key":"Dexterity Potion"},{"floor":28.0,"key":"Dexterity Potion"},{"floor":36.0,"key":"Block Potion"},{"floor":38.0,"key":"BloodPotion"},{"floor":44.0,"key":"Weak Potion"},{"floor":46.0,"key":"DuplicationPotion"}],"is_trial":false,"path_per_floor":["M","M","?","M","M","E","?","R","T","E","?","R","E","$","R","B",null,"M","M","?","?","$","E","R","E","T","M","M","E","R","?","R","B",null,"M","M","M","M","$","E","M","R","T","E","?","E","R","E","R","B","B",null,"R","$","E","B",null],"character_chosen":"IRONCLAD","items_purchased":["Battle Trance","Inflame","Fire Potion","Happy Flower","Membership Card","PreservedInsect","Torii","ClockworkSouvenir","FossilizedHelix","Entrench","Block Potion","FairyPotion","Orichalcum"],"campfire_rested":6,"item_purchase_floors":[14,14,14,22,39,39,39,54,54,54,54,54,54],"current_hp_per_floor":[63,67,89,81,81,52,57,57,57,55,44,44,45,45,45,48,83,88,89,68,68,68,46,91,72,72,81,62,37,98,35,96,87,111,117,99,85,82,82,21,30,94,94,103,93,103,118,122,136,57,43,115,139,139,142,88],"gold":40,"neow_bonus":"TWENTY_PERCENT_HP_BONUS","is_prod":false,"is_daily":false,"chose_seed":false,"campfire_upgraded":3,"win_rate":0,"timestamp":1604807273,"path_taken":["M","M","?","M","M","E","?","R","T","E","?","R","E","?","R","BOSS","M","M","?","?","?","E","R","E","T","M","M","E","R","?","R","BOSS","M","M","?","M","$","E","M","R","T","E","?","E","R","E","R","BOSS","BOSS","R","$","E","BOSS"],"build_version":"2020-07-30","purchased_purges":3,"victory":true,"max_hp_per_floor":[89,89,89,89,89,89,94,94,94,94,94,94,94,94,94,94,94,97,100,100,100,100,103,103,106,106,109,112,115,115,115,115,119,119,119,122,122,125,125,125,125,125,125,128,128,132,132,136,136,136,139,139,139,139,142,146],"card_choices":[{"not_picked":["Perfected Strike","Shockwave"],"picked":"Anger","floor":1.0},{"not_picked":["Thunderclap","Ghostly Armor"],"picked":"Shockwave","floor":2.0},{"not_picked":["Wild Strike","Sever Soul"],"picked":"Infernal Blade","floor":4.0},{"not_picked":["True Grit","Power Through"],"picked":"Rampage","floor":5.0},{"not_picked":["Shockwave","Flex"],"picked":"Headbutt","floor":6.0},{"not_picked":["True Grit","Carnage"],"picked":"Immolate","floor":10.0},{"not_picked":["Twin Strike","Body Slam"],"picked":"Impervious","floor":13.0},{"not_picked":["Brutality","Juggernaut"],"picked":"Feed","floor":16.0},{"not_picked":["Combust","Twin Strike","Perfected Strike"],"picked":"SKIP","floor":18.0},{"not_picked":["Pommel Strike","Sword Boomerang"],"picked":"Spot Weakness","floor":19.0},{"not_picked":["Sword Boomerang","Intimidate"],"picked":"Shrug It Off","floor":23.0},{"not_picked":["Carnage","Havoc","Dropkick+1"],"picked":"SKIP","floor":25.0},{"not_picked":["Infernal Blade","Flex","Havoc"],"picked":"SKIP","floor":27.0},{"not_picked":["Feel No Pain","True Grit","Flame Barrier"],"picked":"SKIP","floor":28.0},{"not_picked":["Evolve","Berserk","Second Wind+1"],"picked":"SKIP","floor":29.0},{"not_picked":["Immolate","Juggernaut"],"picked":"Impervious","floor":33.0},{"not_picked":["Pummel","Pommel Strike","Evolve"],"picked":"SKIP","floor":35.0},{"not_picked":["Flame Barrier","Whirlwind+1","True Grit"],"picked":"SKIP","floor":36.0},{"not_picked":["Armaments","Sever Soul"],"picked":"Heavy Blade+1","floor":37.0},{"not_picked":["Havoc","True Grit","Flex"],"picked":"SKIP","floor":38.0},{"not_picked":["Thunderclap","Sword Boomerang","Reckless Charge"],"picked":"SKIP","floor":40.0},{"not_picked":["Clothesline","Burning Pact"],"picked":"Shrug It Off+1","floor":41.0},{"not_picked":["Battle Trance","Double Tap"],"picked":"Corruption","floor":44.0},{"not_picked":["Bandage Up","Magnetism"],"picked":"Apotheosis","floor":45.0},{"not_picked":["Enlightenment","Bandage Up"],"picked":"Deep Breath","floor":45.0},{"not_picked":["Flame Barrier","Blood for Blood"],"picked":"Metallicize","floor":46.0},{"not_picked":["Thunderclap","Pommel Strike+1","Dropkick+1"],"picked":"SKIP","floor":48.0},{"not_picked":["Clash","Twin Strike+1"],"picked":"Battle Trance+1","floor":53.0},{"not_picked":["Power Through","Hemokinesis+1"],"picked":"Demon Form","floor":55.0}],"player_experience":2687611,"relics_obtained":[{"floor":6.0,"key":"Pantograph"},{"floor":9.0,"key":"Lantern"},{"floor":10.0,"key":"Potion Belt"},{"floor":13.0,"key":"Akabeko"},{"floor":20.0,"key":"Nilry\u0027s Codex"},{"floor":23.0,"key":"Regal Pillow"},{"floor":25.0,"key":"Eternal Feather"},{"floor":26.0,"key":"Dream Catcher"},{"floor":29.0,"key":"Art of War"},{"floor":40.0,"key":"Bag of Preparation"},{"floor":44.0,"key":"Bag of Marbles"},{"floor":46.0,"key":"Omamori"},{"floor":48.0,"key":"MealTicket"},{"floor":55.0,"key":"Vajra"}],"event_choices":[{"damage_healed":22.0,"max_hp_gain":0.0,"max_hp_loss":0.0,"gold_gain":0.0,"event_name":"The Cleric","player_choice":"Healed","floor":3.0,"gold_loss":35.0,"damage_taken":0.0},{"damage_healed":0.0,"max_hp_gain":5.0,"max_hp_loss":0.0,"gold_gain":0.0,"event_name":"Big Fish","player_choice":"Donut","floor":7.0,"gold_loss":0.0,"damage_taken":0.0},{"damage_healed":0.0,"max_hp_gain":0.0,"max_hp_loss":0.0,"gold_gain":75.0,"event_name":"World of Goop","player_choice":"Gather Gold","floor":11.0,"gold_loss":0.0,"damage_taken":11.0},{"damage_healed":0.0,"max_hp_gain":0.0,"max_hp_loss":0.0,"gold_gain":0.0,"event_name":"Cursed Tome","player_choice":"Obtained Book","floor":20.0,"gold_loss":0.0,"damage_taken":21.0},{"damage_healed":0.0,"max_hp_gain":0.0,"max_hp_loss":0.0,"gold_gain":50.0,"event_name":"Nest","player_choice":"Stole From Cult","floor":21.0,"gold_loss":0.0,"damage_taken":0.0},{"damage_healed":0.0,"max_hp_gain":0.0,"max_hp_loss":0.0,"gold_gain":540.0,"event_name":"Knowing Skull","player_choice":"POTION GOLD GOLD GOLD GOLD GOLD GOLD ","floor":31.0,"potions_obtained":["BlessingOfTheForge"],"gold_loss":0.0,"damage_taken":63.0,"cards_obtained":[]},{"damage_healed":0.0,"max_hp_gain":0.0,"max_hp_loss":0.0,"gold_gain":0.0,"event_name":"SensoryStone","player_choice":"Memory 3","floor":45.0,"gold_loss":0.0,"damage_taken":10.0}],"is_beta":true,"boss_relics":[{"not_picked":["Calling Bell","Philosopher\u0027s Stone"],"picked":"Fusion Hammer"},{"not_picked":["Runic Pyramid","Coffee Dripper"],"picked":"Pandora\u0027s Box"}],"items_purged_floors":[14,39,54],"is_endless":false,"potions_floor_spawned":[2,4,6,10,16,18,19,23,28,36,38,44,46],"ascension_level":20}