{"gold_per_floor":[113,125,39,39,53,90,90,90,116,150,150,150,189,214,214,214],"floor_reached":16,"playtime":822,"items_purged":[],"score":236,"play_id":"d87bcebc-b237-423f-98fc-cd509dc86de6","local_time":"20201118121000","is_ascension_mode":true,"campfire_choices":[{"data":"Cleave","floor":7,"key":"SMITH"},{"floor":11,"key":"REST"},{"data":"Shockwave","floor":15,"key":"SMITH"}],"neow_cost":"NONE","seed_source_timestamp":557458065027200,"circlet_count":0,"master_deck":["AscendersBane","Strike_R","Strike_R","Strike_R","Strike_R","Strike_R","Defend_R","Defend_R","Defend_R","Defend_R","Bash","Clothesline+1","Shockwave+1","Spot Weakness","True Grit","Cleave+1"],"relics":["Burning Blood","PreservedInsect","CeramicFish","Juzu Bracelet","Toy Ornithopter","Golden Idol","Tiny Chest"],"potions_floor_usage":[10,14,16],"damage_taken":[{"damage":7,"enemies":"2 Louse","floor":1,"turns":3},{"damage":6,"enemies":"Cultist","floor":2,"turns":4},{"damage":12,"enemies":"Small Slimes","floor":5,"turns":3},{"damage":29,"enemies":"Lagavulin","floor":6,"turns":9},{"damage":24,"enemies":"Gremlin Nob","floor":10,"turns":4},{"damage":28,"enemies":"3 Sentries","floor":13,"turns":4},{"damage":7,"enemies":"2 Fungi Beasts","floor":14,"turns":3},{"damage":29,"enemies":"Slime Boss","floor":16,"turns":7}],"seed_played":"4897747748515520844","potions_obtained":[{"floor":2,"key":"PowerPotion"},{"floor":5,"key":"LiquidBronze"},{"floor":10,"key":"Weak Potion"}],"is_trial":false,"path_per_floor":["M","M","$","?","M","E","R","?","T","E","R","?","E","M","R","B"],"character_chosen":"IRONCLAD","items_purchased":["Spot Weakness"],"campfire_rested":1,"item_purchase_floors":[3],"current_hp_per_floor":[67,67,67,67,61,38,38,27,27,9,31,31,9,13,13,0],"gold":214,"neow_bonus":"RANDOM_COMMON_RELIC","is_prod":false,"is_daily":false,"chose_seed":false,"campfire_upgraded":2,"win_rate":0,"timestamp":1605730200,"path_taken":["M","M","$","?","?","E","R","?","T","E","R","?","E","M","R","BOSS"],"build_version":"2020-11-17","purchased_purges":0,"victory":false,"max_hp_per_floor":[75,75,75,75,75,75,75,75,75,75,75,68,68,68,68,68],"card_choices":[{"not_picked":["Cleave","Body Slam"],"picked":"Clothesline","floor":1},{"not_picked":["True Grit","Fire Breathing"],"picked":"Shockwave","floor":2},{"not_picked":["Evolve","Clash"],"picked":"True Grit","floor":5},{"not_picked":["Metallicize","Havoc"],"picked":"Cleave","floor":6},{"not_picked":["Dark Embrace","Havoc","Flex"],"picked":"SKIP","floor":10},{"not_picked":["Sentinel","Body Slam","True Grit"],"picked":"SKIP","floor":13},{"not_picked":["Dual Wield","Havoc","Sword Boomerang"],"picked":"SKIP","floor":14}],"player_experience":2868612,"relics_obtained":[{"floor":6,"key":"CeramicFish"},{"floor":9,"key":"Juzu Bracelet"},{"floor":10,"key":"Toy Ornithopter"},{"floor":13,"key":"Tiny Chest"}],"event_choices":[{"damage_healed":0,"gold_gain":0,"player_choice":"Upgraded","damage_taken":0,"max_hp_gain":0,"max_hp_loss":0,"event_name":"Upgrade Shrine","floor":4,"gold_loss":0,"cards_upgraded":["Clothesline"]},{"damage_healed":0,"gold_gain":0,"player_choice":"Damaged","damage_taken":11,"max_hp_gain":0,"max_hp_loss":0,"event_name":"Wheel of Change","floor":8,"gold_loss":0},{"damage_healed":0,"gold_gain":0,"player_choice":"Lose Max HP","damage_taken":0,"relics_obtained":["Golden Idol"],"max_hp_gain":0,"max_hp_loss":7,"event_name":"Golden Idol","floor":12,"gold_loss":0}],"is_beta":true,"boss_relics":[],"items_purged_floors":[],"is_endless":false,"potions_floor_spawned":[2,5,10],"killed_by":"Slime Boss","ascension_level":20}