{"gold_per_floor":[116,116,116,134,94,127,146,146,146,88,88,119,119,134,134,211,211,231,250,261,19,32,32,62,5,5,31,31,45,45],"floor_reached":30,"playtime":1885,"items_purged":["Dark Embrace"],"score":560,"play_id":"939f5199-eac0-4c31-86be-7d6e3103e5c7","local_time":"20201116224015","is_ascension_mode":true,"campfire_choices":[{"floor":8,"key":"REST"},{"data":"Hemokinesis","floor":13,"key":"SMITH"},{"data":"Armaments","floor":15,"key":"SMITH"},{"floor":23,"key":"REST"},{"data":"Fiend Fire","floor":28,"key":"SMITH"}],"neow_cost":"NONE","seed_source_timestamp":421409598900700,"circlet_count":0,"master_deck":["AscendersBane","Bash","Rampage+1","Shrug It Off","Clothesline","Shockwave","Hemokinesis+1","Armaments+1","Fiend Fire","Sever Soul","Fiend Fire+1","Impervious","Dark Embrace","Exhume","Flex","Double Tap","Inflame"],"relics":["Burning Blood","Blue Candle","Boot","Darkstone Periapt","Orichalcum","Bag of Preparation","Pandora\u0027s Box","PreservedInsect","Ancient Tea Set","Eternal Feather","Bag of Marbles"],"potions_floor_usage":[6,6,6,11,16,24,25,27],"damage_taken":[{"damage":5,"enemies":"Small Slimes","floor":1,"turns":5},{"damage":10,"enemies":"2 Louse","floor":4,"turns":3},{"damage":9,"enemies":"Lagavulin","floor":6,"turns":6},{"damage":7,"enemies":"Jaw Worm","floor":7,"turns":4},{"damage":0,"enemies":"Exordium Thugs","floor":11,"turns":1},{"damage":37,"enemies":"Gremlin Nob","floor":12,"turns":5},{"damage":2,"enemies":"3 Louse","floor":14,"turns":3},{"damage":18,"enemies":"The Guardian","floor":16,"turns":11},{"damage":17,"enemies":"Shell Parasite","floor":18,"turns":5},{"damage":28,"enemies":"Spheric Guardian","floor":19,"turns":5},{"damage":13,"enemies":"Centurion and Healer","floor":20,"turns":6},{"damage":0,"enemies":"Snecko","floor":22,"turns":2},{"damage":36,"enemies":"Gremlin Leader","floor":24,"turns":5},{"damage":16,"enemies":"Book of Stabbing","floor":27,"turns":4},{"damage":0,"enemies":"Snake Plant","floor":29,"turns":1},{"damage":39,"enemies":"Gremlin Leader","floor":30,"turns":5}],"seed_played":"-6500031581341064126","potions_obtained":[{"floor":4,"key":"Swift Potion"},{"floor":5,"key":"EntropicBrew"},{"floor":5,"key":"Energy Potion"},{"floor":7,"key":"SmokeBomb"},{"floor":12,"key":"BloodPotion"},{"floor":19,"key":"Explosive Potion"},{"floor":24,"key":"AttackPotion"}],"is_trial":false,"path_per_floor":["M","?","?","M","?","E","M","R","T","?","M","E","R","M","R","B",null,"M","M","M","$","M","R","E","$","T","E","R","M","E"],"character_chosen":"IRONCLAD","items_purchased":["PreservedInsect","FearPotion"],"campfire_rested":2,"item_purchase_floors":[21,25],"current_hp_per_floor":[69,46,28,24,24,21,20,42,42,42,48,17,17,21,21,9,59,48,26,19,19,25,47,17,32,32,22,31,37,0],"gold":45,"neow_bonus":"TRANSFORM_CARD","is_prod":false,"is_daily":false,"chose_seed":false,"campfire_upgraded":3,"win_rate":0,"timestamp":1605595215,"path_taken":["M","?","?","M","?","E","?","R","T","?","M","E","R","M","R","BOSS","M","M","?","?","?","R","E","$","T","E","R","M","E"],"build_version":"2020-11-12","purchased_purges":1,"victory":false,"max_hp_per_floor":[75,75,75,75,75,75,75,75,75,75,75,75,75,75,75,75,75,75,75,75,75,75,75,75,75,75,75,75,75,75],"card_choices":[{"not_picked":["Warcry","Reckless Charge"],"picked":"Shrug It Off","floor":1},{"not_picked":["Perfected Strike","Flame Barrier"],"picked":"Clothesline","floor":4},{"not_picked":["Power Through","Body Slam","Sentinel"],"picked":"SKIP","floor":6},{"not_picked":["Clash","Warcry"],"picked":"Shockwave","floor":7},{"not_picked":["Heavy Blade","Rampage"],"picked":"Hemokinesis","floor":12},{"not_picked":["Rage","Juggernaut"],"picked":"Armaments","floor":14},{"not_picked":["Bludgeon","Feed"],"picked":"Fiend Fire","floor":16},{"not_picked":["Headbutt","Clash+1","Pommel Strike"],"picked":"SKIP","floor":18},{"not_picked":["Clash","Wild Strike","Cleave"],"picked":"SKIP","floor":19},{"not_picked":["Sword Boomerang","Twin Strike","True Grit"],"picked":"SKIP","floor":20},{"not_picked":["Clash","Uppercut","Flame Barrier"],"picked":"SKIP","floor":22},{"not_picked":["Wild Strike","Hemokinesis","Second Wind"],"picked":"SKIP","floor":24},{"not_picked":["Iron Wave","Searing Blow","Dark Embrace"],"picked":"SKIP","floor":27},{"not_picked":["Flex","Burning Pact"],"picked":"Inflame","floor":29}],"player_experience":2854948,"relics_obtained":[{"floor":6,"key":"Boot"},{"floor":9,"key":"Darkstone Periapt"},{"floor":12,"key":"Bag of Preparation"},{"floor":24,"key":"Ancient Tea Set"},{"floor":26,"key":"Eternal Feather"},{"floor":27,"key":"Bag of Marbles"}],"event_choices":[{"damage_healed":0,"gold_gain":0,"player_choice":"Entered Light","damage_taken":23,"max_hp_gain":0,"max_hp_loss":0,"event_name":"Shining Light","floor":2,"gold_loss":0,"cards_upgraded":["Defend_R","Rampage"]},{"damage_healed":0,"gold_gain":0,"player_choice":"Success","damage_taken":18,"relics_obtained":["Blue Candle"],"max_hp_gain":0,"max_hp_loss":0,"event_name":"Scrap Ooze","floor":3,"gold_loss":0},{"damage_healed":0,"gold_gain":0,"player_choice":"Bought 3 Potions","damage_taken":0,"max_hp_gain":0,"max_hp_loss":0,"event_name":"The Woman in Blue","floor":5,"gold_loss":0},{"damage_healed":0,"gold_gain":0,"player_choice":"Paid Gold","damage_taken":0,"relics_obtained":["Orichalcum"],"max_hp_gain":0,"max_hp_loss":0,"event_name":"WeMeetAgain","floor":10,"gold_loss":58}],"is_beta":true,"boss_relics":[{"not_picked":["Runic Cube","Runic Dome"],"picked":"Pandora\u0027s Box"}],"items_purged_floors":[21],"is_endless":false,"potions_floor_spawned":[4,7,12,19,24],"killed_by":"Gremlin Leader","ascension_level":20}