{"gold_per_floor":[109,125,125,125,149,149,149,184,184,208,246,246,11,44,44,133,133,148,148,148,148,166,166,166],"floor_reached":24,"playtime":1369,"items_purged":["Decay"],"score":449,"play_id":"be2a08b6-e7c9-4ed0-a0b2-890deee51078","local_time":"20201115215156","is_ascension_mode":true,"campfire_choices":[{"data":"Bash","floor":6,"key":"SMITH"},{"floor":12,"key":"REST"},{"data":"Demon Form","floor":15,"key":"SMITH"},{"data":"Disarm","floor":23,"key":"SMITH"}],"neow_cost":"NONE","seed_source_timestamp":332625129833700,"circlet_count":0,"master_deck":["AscendersBane","Defend_R","Defend_R","Defend_R","Bash+1","Twin Strike","Anger","Clothesline","Demon Form+1","Shrug It Off","Feed","Shrug It Off","Bite","Bite","Bite","Bite","Bite","Disarm+1","Heavy Blade"],"relics":["Burning Blood","Juzu Bracelet","Golden Idol","Meat on the Bone","Letter Opener","Medical Kit","FossilizedHelix","Coffee Dripper"],"potions_floor_usage":[11],"damage_taken":[{"damage":5,"enemies":"Small Slimes","floor":1,"turns":6},{"damage":9,"enemies":"2 Louse","floor":2,"turns":2},{"damage":1,"enemies":"Cultist","floor":5,"turns":3},{"damage":59,"enemies":"3 Sentries","floor":8,"turns":10},{"damage":13,"enemies":"Large Slime","floor":10,"turns":8},{"damage":17,"enemies":"Gremlin Nob","floor":11,"turns":4},{"damage":20,"enemies":"Lagavulin","floor":14,"turns":7},{"damage":21,"enemies":"The Guardian","floor":16,"turns":9},{"damage":0,"enemies":"Chosen","floor":18,"turns":5},{"damage":14,"enemies":"Shell Parasite","floor":22,"turns":7},{"damage":129,"enemies":"Gremlin Leader","floor":24,"turns":11}],"seed_played":"2240351498547970776","potions_obtained":[{"floor":1,"key":"Ancient Potion"},{"floor":10,"key":"FairyPotion"},{"floor":14,"key":"ElixirPotion"}],"is_trial":false,"path_per_floor":["M","M","?","?","M","R","?","E","T","M","E","R","$","E","R","B",null,"M","?","?","?","M","R","E"],"character_chosen":"IRONCLAD","items_purchased":["Medical Kit"],"campfire_rested":1,"item_purchase_floors":[13],"current_hp_per_floor":[69,66,66,66,68,68,68,15,15,20,21,41,41,41,41,40,61,71,71,71,71,73,73,0],"gold":166,"neow_bonus":"RANDOM_COMMON_RELIC","is_prod":false,"is_daily":false,"chose_seed":false,"campfire_upgraded":3,"win_rate":0,"timestamp":1605505916,"path_taken":["M","M","?","?","M","R","?","E","T","M","E","R","$","E","R","BOSS","M","?","?","?","M","R","E"],"build_version":"2020-11-12","purchased_purges":1,"victory":false,"max_hp_per_floor":[75,75,68,68,68,68,68,68,68,68,68,68,68,68,68,68,68,71,71,71,71,74,74,74],"card_choices":[{"not_picked":["Rage","Iron Wave"],"picked":"Twin Strike","floor":1},{"not_picked":["Havoc","Flex"],"picked":"Anger","floor":2},{"not_picked":["Sword Boomerang","Thunderclap"],"picked":"Clothesline","floor":5},{"not_picked":["Heavy Blade","Body Slam","Headbutt"],"picked":"SKIP","floor":8},{"not_picked":["Warcry","Clash","Blood for Blood"],"picked":"SKIP","floor":10},{"not_picked":["Entrench","Clothesline"],"picked":"Demon Form","floor":11},{"not_picked":["Clash","Iron Wave"],"picked":"Shrug It Off","floor":14},{"not_picked":["Barricade","Reaper"],"picked":"Feed","floor":16},{"not_picked":["Heavy Blade","Combust"],"picked":"Shrug It Off","floor":18},{"not_picked":["Rampage","Heavy Blade","Havoc"],"picked":"SKIP","floor":22}],"player_experience":2835046,"relics_obtained":[{"floor":8,"key":"Meat on the Bone"},{"floor":9,"key":"Letter Opener"},{"floor":11,"key":"Blood Vial"},{"floor":14,"key":"FossilizedHelix"}],"event_choices":[{"damage_healed":0,"gold_gain":0,"player_choice":"Lose Max HP","damage_taken":0,"relics_obtained":["Golden Idol"],"max_hp_gain":0,"max_hp_loss":7,"event_name":"Golden Idol","floor":3,"gold_loss":0},{"damage_healed":0,"gold_gain":0,"player_choice":"Ignored","damage_taken":0,"max_hp_gain":0,"max_hp_loss":0,"event_name":"Liars Game","floor":4,"gold_loss":0},{"damage_healed":0,"gold_gain":0,"player_choice":"Cursed","damage_taken":0,"max_hp_gain":0,"max_hp_loss":0,"event_name":"Wheel of Change","floor":7,"gold_loss":0,"cards_obtained":["Decay"]},{"damage_healed":0,"gold_gain":0,"player_choice":"Became a vampire (Vial)","damage_taken":0,"max_hp_gain":0,"max_hp_loss":0,"event_name":"Vampires","floor":19,"relics_lost":["Blood Vial"],"gold_loss":0,"cards_obtained":["Bite","Bite","Bite","Bite","Bite"]},{"damage_healed":0,"gold_gain":0,"player_choice":"Read","damage_taken":0,"max_hp_gain":0,"max_hp_loss":0,"event_name":"The Library","floor":20,"gold_loss":0,"cards_obtained":["Disarm"]},{"damage_healed":0,"gold_gain":0,"cards_transformed":["Defend_R"],"player_choice":"Transformed","damage_taken":0,"max_hp_gain":0,"max_hp_loss":0,"event_name":"Transmorgrifier","floor":21,"gold_loss":0,"cards_obtained":["Heavy Blade"]}],"is_beta":true,"boss_relics":[{"not_picked":["Tiny House","Busted Crown"],"picked":"Coffee Dripper"}],"items_purged_floors":[13],"is_endless":false,"potions_floor_spawned":[1,10,14],"killed_by":"Gremlin Leader","ascension_level":20}