{"gold_per_floor":[118,118,4,24,39,39,39,39,62,87,162,162,162,204,204,289,289,313,328,356,376,400,435,435,454,454,454,122,162,212,28,28,131,131,151,151,171,171,171],"floor_reached":39,"playtime":1777,"items_purged":["Strike_R"],"score":827,"play_id":"ba710b26-01ad-4da4-ae9c-7b975fb86fff","local_time":"20201114204424","is_ascension_mode":true,"campfire_choices":[{"data":"Bash","floor":6,"key":"SMITH"},{"data":"Clothesline","floor":13,"key":"SMITH"},{"data":"Carnage","floor":15,"key":"SMITH"},{"data":"Perfected Strike","floor":24,"key":"SMITH"},{"floor":27,"key":"REST"},{"floor":32,"key":"REST"}],"neow_cost":"NONE","seed_source_timestamp":241765425552300,"circlet_count":0,"master_deck":["AscendersBane","Strike_R","Strike_R","Strike_R","Defend_R","Defend_R","Defend_R","Defend_R","Bash+1","Wild Strike","Shrug It Off","Evolve","Clothesline+1","Carnage+1","Impervious","Perfected Strike","Perfected Strike+1","Shockwave","Brutality","HandOfGreed","Perfected Strike","Impervious","Perfected Strike+1"],"relics":["Burning Blood","NeowsBlessing","CeramicFish","Eternal Feather","Snecko Eye","Unceasing Top","Akabeko","Lantern","Runic Cube"],"potions_floor_usage":[14,16,16,20,23,33,33],"damage_taken":[{"damage":0,"enemies":"Jaw Worm","floor":1,"turns":1},{"damage":0,"enemies":"Cultist","floor":4,"turns":1},{"damage":0,"enemies":"2 Louse","floor":5,"turns":2},{"damage":15,"enemies":"Large Slime","floor":10,"turns":6},{"damage":38,"enemies":"Lagavulin","floor":14,"turns":7},{"damage":27,"enemies":"The Guardian","floor":16,"turns":11},{"damage":7,"enemies":"Spheric Guardian","floor":18,"turns":4},{"damage":0,"enemies":"Chosen","floor":19,"turns":5},{"damage":31,"enemies":"3 Cultists","floor":20,"turns":6},{"damage":2,"enemies":"Cultist and Chosen","floor":21,"turns":5},{"damage":15,"enemies":"Centurion and Healer","floor":22,"turns":4},{"damage":23,"enemies":"Book of Stabbing","floor":23,"turns":4},{"damage":22,"enemies":"3 Cultists","floor":25,"turns":5},{"damage":13,"enemies":"Snecko","floor":29,"turns":4},{"damage":73,"enemies":"Automaton","floor":33,"turns":9},{"damage":24,"enemies":"3 Darklings","floor":35,"turns":7},{"damage":1,"enemies":"Orb Walker","floor":37,"turns":2},{"damage":41,"enemies":"Writhing Mass","floor":39,"turns":5}],"seed_played":"-7095193487971526741","potions_obtained":[{"floor":4,"key":"Weak Potion"},{"floor":14,"key":"Strength Potion"},{"floor":16,"key":"Energy Potion"},{"floor":18,"key":"Explosive Potion"},{"floor":22,"key":"BlessingOfTheForge"},{"floor":33,"key":"FearPotion"},{"floor":35,"key":"BlessingOfTheForge"}],"is_trial":false,"path_per_floor":["M","?","$","M","M","R","?","$","T","M","?","?","R","E","R","B",null,"M","M","M","M","M","E","R","M","T","R","$","M","?","$","R","B",null,"M","?","M","?","M"],"character_chosen":"IRONCLAD","items_purchased":["Fruit Juice","PowerPotion","HandOfGreed","Lantern","Perfected Strike"],"campfire_rested":2,"item_purchase_floors":[3,28,28,31,31],"current_hp_per_floor":[74,74,74,75,75,75,75,75,75,66,55,60,60,33,42,21,65,64,70,45,49,40,23,32,16,16,52,52,45,45,45,80,13,63,45,45,50,38,0],"gold":171,"neow_bonus":"THREE_ENEMY_KILL","is_prod":false,"is_daily":false,"chose_seed":false,"campfire_upgraded":4,"win_rate":0,"timestamp":1605415464,"path_taken":["M","?","?","M","M","R","?","$","T","M","?","?","R","E","R","BOSS","M","M","?","M","?","E","R","?","T","R","$","M","?","$","R","BOSS","M","?","?","?","M"],"build_version":"2020-11-12","purchased_purges":1,"victory":false,"max_hp_per_floor":[75,75,75,75,75,75,75,75,75,75,75,75,75,80,80,80,80,80,80,80,80,80,80,80,80,80,80,80,80,80,80,80,80,80,80,80,80,80,80],"card_choices":[{"not_picked":["Armaments","Searing Blow"],"picked":"Wild Strike","floor":1},{"not_picked":["Heavy Blade","Second Wind"],"picked":"Shrug It Off","floor":4},{"not_picked":["Dropkick","Shrug It Off"],"picked":"Evolve","floor":5},{"not_picked":["Bloodletting","Shrug It Off"],"picked":"Clothesline","floor":10},{"not_picked":["Second Wind","Anger"],"picked":"Carnage","floor":14},{"not_picked":["Double Tap","Demon Form"],"picked":"Impervious","floor":16},{"not_picked":["Clash","Body Slam"],"picked":"Perfected Strike","floor":18},{"not_picked":["Ghostly Armor","Clash","True Grit"],"picked":"SKIP","floor":19},{"not_picked":["Flex+1","Twin Strike"],"picked":"Perfected Strike","floor":20},{"not_picked":["Pommel Strike","Warcry","Armaments"],"picked":"SKIP","floor":21},{"not_picked":["Pommel Strike","Clash"],"picked":"Shockwave","floor":22},{"not_picked":["Havoc","Iron Wave+1","Headbutt"],"picked":"SKIP","floor":23},{"not_picked":["Ghostly Armor","Hemokinesis"],"picked":"Brutality","floor":25},{"not_picked":["Anger","Disarm","Twin Strike"],"picked":"SKIP","floor":29},{"not_picked":["Limit Break","Exhume"],"picked":"Impervious","floor":33},{"not_picked":["Cleave","Heavy Blade","Iron Wave"],"picked":"SKIP","floor":35},{"not_picked":["Havoc+1","Twin Strike"],"picked":"Perfected Strike+1","floor":37}],"player_experience":2817835,"relics_obtained":[{"floor":9,"key":"CeramicFish"},{"floor":14,"key":"Eternal Feather"},{"floor":23,"key":"Unceasing Top"},{"floor":26,"key":"Akabeko"}],"event_choices":[{"damage_healed":0,"gold_gain":0,"cards_transformed":["Strike_R"],"player_choice":"Transformed","damage_taken":0,"max_hp_gain":0,"max_hp_loss":0,"event_name":"Transmorgrifier","floor":2,"gold_loss":0,"cards_obtained":["Warcry"]},{"damage_healed":0,"gold_gain":0,"player_choice":"Leave","damage_taken":0,"max_hp_gain":0,"max_hp_loss":0,"event_name":"The Cleric","floor":7,"gold_loss":0},{"damage_healed":0,"gold_gain":75,"player_choice":"Gather Gold","damage_taken":11,"max_hp_gain":0,"max_hp_loss":0,"event_name":"World of Goop","floor":11,"gold_loss":0},{"cards_removed":["Warcry"],"damage_healed":5,"gold_gain":0,"player_choice":"Offered Common","damage_taken":0,"max_hp_gain":0,"max_hp_loss":0,"event_name":"Bonfire Elementals","floor":12,"gold_loss":0},{"cards_removed":["Warcry"],"damage_healed":5,"gold_gain":0,"player_choice":"Offered Special","damage_taken":0,"max_hp_gain":0,"max_hp_loss":0,"event_name":"Bonfire Elementals","floor":12,"gold_loss":0},{"damage_healed":0,"gold_gain":50,"player_choice":"Stole From Cult","damage_taken":0,"max_hp_gain":0,"max_hp_loss":0,"event_name":"Nest","floor":30,"gold_loss":0},{"damage_healed":0,"gold_gain":0,"player_choice":"Got Potions","damage_taken":0,"max_hp_gain":0,"max_hp_loss":0,"event_name":"Lab","floor":36,"gold_loss":0},{"damage_healed":0,"gold_gain":0,"player_choice":"Damaged","damage_taken":12,"max_hp_gain":0,"max_hp_loss":0,"event_name":"Wheel of Change","floor":38,"gold_loss":0}],"is_beta":true,"boss_relics":[{"not_picked":["Runic Pyramid","Tiny House"],"picked":"Snecko Eye"},{"not_picked":["Astrolabe","Sozu"],"picked":"Runic Cube"}],"items_purged_floors":[28],"is_endless":false,"potions_floor_spawned":[4,14,16,18,22,29,33,35],"killed_by":"Writhing Mass","ascension_level":20}