{"gold_per_floor":[219,6,6,29,45,45,89,89,114,114,148,166,189,229,229,327,327,347,347,220,235,255,299,324,324,348,348,386,386,420,438,438,529,529,545,545,576,595,659,659,692,772,798,798,83,83,129,152,152,152,152,152,152,6,50,50],"floor_reached":57,"playtime":5281,"items_purged":["Strike_R","Strike_R"],"score":2812,"play_id":"c6af8d4f-41e4-4fbe-b572-0100a92ca6a1","local_time":"20201120232548","is_ascension_mode":true,"campfire_choices":[{"data":"Armaments","floor":6.0,"key":"SMITH"},{"data":"Bash","floor":8.0,"key":"SMITH"},{"data":"Fiend Fire","floor":15.0,"key":"SMITH"},{"data":"Bludgeon","floor":25.0,"key":"SMITH"},{"data":"Reaper","floor":27.0,"key":"SMITH"},{"data":"Metallicize","floor":32,"key":"SMITH"},{"floor":40,"key":"REST"},{"floor":46,"key":"RECALL"},{"data":"Feel No Pain","floor":49,"key":"SMITH"},{"data":"Defend_R","floor":53,"key":"SMITH"}],"neow_cost":"NONE","seed_source_timestamp":0,"circlet_count":0,"master_deck":["AscendersBane","Strike_R","Strike_R","Strike_R","Defend_R+1","Defend_R","Defend_R","Defend_R","Bash+1","Battle Trance","Armaments+1","Metallicize+1","Shrug It Off+1","Flame Barrier+1","Dual Wield+1","Fiend Fire+1","Bludgeon+1","Disarm+1","True Grit+1","Seeing Red+1","Feel No Pain+1","Reaper+1","Combust+1","Demon Form+1","RitualDagger","Juggernaut+1","Flex+1","Barricade+1","Disarm+1","Offering+1","Inflame+1","Body Slam+1","Offering+1","True Grit+1","Thunderclap"],"special_seed":0,"relics":["Burning Blood","OrangePellets","Golden Idol","PreservedInsect","Happy Flower","Toxic Egg 2","Bag of Preparation","Runic Pyramid","Frozen Egg 2","MealTicket","The Courier","Ornamental Fan","Sozu","Incense Burner","Torii","Orichalcum","Regal Pillow","CaptainsWheel","Mummified Hand","Blood Vial","DollysMirror","Blue Candle"],"potions_floor_usage":[33,41,55],"damage_taken":[{"damage":6.0,"enemies":"2 Louse","floor":1.0,"turns":4.0},{"damage":14.0,"enemies":"Small Slimes","floor":4.0,"turns":6.0},{"damage":2.0,"enemies":"Cultist","floor":5.0,"turns":4.0},{"damage":19.0,"enemies":"Lagavulin","floor":7.0,"turns":7.0},{"damage":30.0,"enemies":"Gremlin Nob","floor":11.0,"turns":4.0},{"damage":3.0,"enemies":"3 Louse","floor":12.0,"turns":4.0},{"damage":13.0,"enemies":"Gremlin Gang","floor":13.0,"turns":5.0},{"damage":2.0,"enemies":"3 Sentries","floor":14.0,"turns":7.0},{"damage":15.0,"enemies":"Hexaghost","floor":16.0,"turns":9.0},{"damage":0.0,"enemies":"3 Byrds","floor":18.0,"turns":1.0},{"damage":0.0,"enemies":"Spheric Guardian","floor":21.0,"turns":3.0},{"damage":14.0,"enemies":"Snecko","floor":22.0,"turns":5.0},{"damage":4.0,"enemies":"Gremlin Leader","floor":23.0,"turns":3.0},{"damage":3.0,"enemies":"Snake Plant","floor":24.0,"turns":2.0},{"damage":19.0,"enemies":"Book of Stabbing","floor":28.0,"turns":4.0},{"damage":11,"enemies":"Gremlin Leader","floor":30,"turns":3},{"damage":23,"enemies":"3 Cultists","floor":31,"turns":5},{"damage":62,"enemies":"Collector","floor":33,"turns":7},{"damage":39,"enemies":"3 Darklings","floor":35,"turns":8},{"damage":11,"enemies":"Mind Bloom Boss Battle","floor":37,"turns":7},{"damage":71,"enemies":"3 Shapes","floor":38,"turns":5},{"damage":34,"enemies":"2 Orb Walkers","floor":39,"turns":4},{"damage":24,"enemies":"Reptomancer","floor":41,"turns":5},{"damage":2,"enemies":"Writhing Mass","floor":48,"turns":6},{"damage":32,"enemies":"Time Eater","floor":50,"turns":8},{"damage":12,"enemies":"Donu and Deca","floor":51,"turns":9},{"damage":72,"enemies":"Shield and Spear","floor":55,"turns":8},{"damage":64,"enemies":"The Heart","floor":56,"turns":9}],"seed_played":"5012762836510859489","potions_obtained":[{"floor":1.0,"key":"LiquidBronze"},{"floor":4.0,"key":"SkillPotion"},{"floor":14.0,"key":"Explosive Potion"},{"floor":16.0,"key":"Weak Potion"},{"floor":19.0,"key":"Fruit Juice"},{"floor":19.0,"key":"Regen Potion"},{"floor":23.0,"key":"SmokeBomb"},{"floor":30,"key":"BloodPotion"},{"floor":33,"key":"SkillPotion"}],"is_trial":false,"path_per_floor":["M","$","?","M","M","R","E","R","T","?","E","M","M","E","R","B",null,"M","?","$","M","M","E","M","R","T","R","E","?","E","M","R","B",null,"M","?","?","M","?","R","E","T","T","?","$","R","T","M","R","B","B",null,"R","$","E","B",null],"character_chosen":"IRONCLAD","items_purchased":["OrangePellets","Strength Potion","True Grit+1","Offering+1","Inflame+1","CaptainsWheel","Mummified Hand","DollysMirror","True Grit+1"],"campfire_rested":1,"item_purchase_floors":[2,2,20,45,45,45,45,54,54],"current_hp_per_floor":[68,68,68,60,64,64,51,51,51,51,27,30,23,27,27,18,56,62,67,67,73,65,67,70,70,70,70,57,51,46,39,39,55,69,71,71,73,50,48,69,73,73,73,73,73,73,73,73,73,72,73,73,73,73,73,15],"gold":50,"neow_bonus":"HUNDRED_GOLD","is_prod":false,"is_daily":false,"chose_seed":false,"campfire_upgraded":8,"win_rate":0,"timestamp":1605943548,"path_taken":["M","$","?","M","M","R","E","R","T","?","E","M","?","E","R","BOSS","M","?","$","M","?","E","M","R","T","R","E","?","E","M","R","BOSS","M","?","?","M","?","R","E","?","T","?","$","R","?","?","R","BOSS","BOSS","R","$","E","BOSS"],"build_version":"2020-11-17","purchased_purges":2,"victory":true,"max_hp_per_floor":[75,75,68,68,68,68,68,68,68,68,68,68,68,68,68,68,68,68,73,73,73,73,73,73,73,73,73,73,73,73,73,73,73,73,73,73,73,73,73,73,73,73,73,73,73,73,73,73,73,73,73,73,73,73,73,73],"card_choices":[{"not_picked":["Feel No Pain","Anger"],"picked":"Battle Trance","floor":1.0},{"not_picked":["Pommel Strike","Shrug It Off"],"picked":"Armaments","floor":4.0},{"not_picked":["Dropkick","Warcry"],"picked":"Metallicize","floor":5.0},{"not_picked":["Warcry","Battle Trance"],"picked":"Thunderclap","floor":7.0},{"not_picked":["Sentinel+1","Sword Boomerang"],"picked":"Shrug It Off+1","floor":11.0},{"not_picked":["Second Wind+1","Heavy Blade"],"picked":"Flame Barrier+1","floor":12.0},{"not_picked":["Heavy Blade","Dark Embrace"],"picked":"Dual Wield+1","floor":13.0},{"not_picked":["Rage+1","Perfected Strike"],"picked":"Fiend Fire","floor":14.0},{"not_picked":["Corruption","Impervious+1"],"picked":"Bludgeon","floor":16.0},{"not_picked":["Warcry+1","Seeing Red+1"],"picked":"Disarm+1","floor":18.0},{"not_picked":["Battle Trance+1","Havoc+1"],"picked":"Seeing Red+1","floor":21.0},{"not_picked":["Anger+1","Iron Wave"],"picked":"Feel No Pain","floor":22.0},{"not_picked":["Wild Strike","Havoc+1"],"picked":"Reaper","floor":23.0},{"not_picked":["Thunderclap","Flex+1"],"picked":"Combust+1","floor":24.0},{"not_picked":["Twin Strike","Flex+1"],"picked":"Demon Form+1","floor":28.0},{"not_picked":["Warcry+1","Power Through+1","Ghostly Armor+1"],"picked":"SKIP","floor":30},{"not_picked":["Heavy Blade","Anger","Clash"],"picked":"SKIP","floor":31},{"not_picked":["Feed","Corruption+1"],"picked":"Juggernaut+1","floor":33},{"not_picked":["Havoc+1","Pommel Strike"],"picked":"Flex+1","floor":35},{"not_picked":["Thunderclap","Bloodletting+1"],"picked":"Barricade+1","floor":37},{"not_picked":["Pommel Strike","Armaments+1","Clash"],"picked":"SKIP","floor":38},{"not_picked":["Flame Barrier+1","True Grit+1"],"picked":"Disarm+1","floor":39},{"not_picked":["Wild Strike","Havoc+1","Perfected Strike+1"],"picked":"SKIP","floor":41},{"not_picked":["Hemokinesis+1","Rage+1"],"picked":"Body Slam+1","floor":48},{"not_picked":["Spot Weakness+1","Cleave+1"],"picked":"Thunderclap","floor":55}],"player_experience":2884208,"relics_obtained":[{"floor":7.0,"key":"PreservedInsect"},{"floor":9.0,"key":"Happy Flower"},{"floor":11.0,"key":"Toxic Egg 2"},{"floor":14.0,"key":"Bag of Preparation"},{"floor":23.0,"key":"Frozen Egg 2"},{"floor":26.0,"key":"MealTicket"},{"floor":28.0,"key":"The Courier"},{"floor":30,"key":"Ornamental Fan"},{"floor":37,"key":"Incense Burner"},{"floor":39,"key":"Torii"},{"floor":41,"key":"Orichalcum"},{"floor":43,"key":"Regal Pillow"},{"floor":47,"key":"Blood Vial"},{"floor":55,"key":"Blue Candle"}],"event_choices":[{"damage_healed":0.0,"max_hp_gain":0.0,"max_hp_loss":7.0,"gold_gain":0.0,"event_name":"Golden Idol","player_choice":"Lose Max HP","floor":3.0,"gold_loss":0.0,"damage_taken":0.0,"relics_obtained":["Golden Idol"]},{"damage_healed":0.0,"max_hp_gain":0.0,"max_hp_loss":0.0,"gold_gain":0.0,"event_name":"Match and Keep!","player_choice":"0 cards matched","floor":10.0,"gold_loss":0.0,"damage_taken":0.0,"cards_obtained":[]},{"damage_healed":0.0,"max_hp_gain":0.0,"max_hp_loss":0.0,"gold_gain":0.0,"event_name":"Lab","player_choice":"Got Potions","floor":19.0,"gold_loss":0.0,"damage_taken":0.0},{"damage_healed":0.0,"max_hp_gain":0.0,"max_hp_loss":0.0,"gold_gain":0.0,"event_name":"Nest","player_choice":"Joined the Cult","floor":29.0,"gold_loss":0.0,"damage_taken":6.0,"cards_obtained":["RitualDagger"]},{"damage_healed":0,"gold_gain":0,"player_choice":"Ignored","damage_taken":0,"max_hp_gain":0,"max_hp_loss":0,"event_name":"Tomb of Lord Red Mask","floor":36,"gold_loss":0},{"damage_healed":0,"gold_gain":0,"player_choice":"Fight","damage_taken":0,"max_hp_gain":0,"max_hp_loss":0,"event_name":"MindBloom","floor":37,"gold_loss":0},{"damage_healed":0,"gold_gain":0,"player_choice":"Fight","damage_taken":0,"max_hp_gain":0,"max_hp_loss":0,"event_name":"Mysterious Sphere","floor":39,"gold_loss":0},{"cards_removed":["Thunderclap"],"damage_healed":0,"gold_gain":0,"player_choice":"Removed Attack","damage_taken":0,"max_hp_gain":0,"max_hp_loss":0,"event_name":"Falling","floor":44,"gold_loss":0}],"is_beta":true,"boss_relics":[{"not_picked":["SlaversCollar","Busted Crown"],"picked":"Runic Pyramid"},{"not_picked":["Runic Cube","Black Star"],"picked":"Sozu"}],"items_purged_floors":[20,45],"is_endless":false,"potions_floor_spawned":[1,4,14,16,18,23,30,33,37,38],"ascension_level":20}