{"gold_per_floor":[115,126,39,117,128,159,159,194,194,120,455,455,471,471,471,543,543,563,563,579,589,514,514,514],"floor_reached":24,"playtime":1143,"items_purged":[],"score":528,"play_id":"fb69a9fc-cec4-48db-ada0-f5dd5709eb6d","local_time":"20201112235012","is_ascension_mode":true,"campfire_choices":[{"data":"Uppercut","floor":7,"key":"SMITH"},{"floor":12,"key":"REST"},{"data":"Combust","floor":15,"key":"SMITH"},{"floor":23,"key":"REST"}],"neow_cost":"NONE","seed_source_timestamp":80746715587600,"circlet_count":0,"master_deck":["AscendersBane","Strike_R","Strike_R","Defend_R","Defend_R+1","Defend_R","Defend_R","Bash+1","Twin Strike","Uppercut+1","Combust+1","Reckless Charge","Flame Barrier","Pummel","Pommel Strike","Battle Trance","Feed","Pommel Strike+1","Bludgeon","Cleave","Dark Embrace"],"relics":["Burning Blood","Boot","Charon\u0027s Ashes","Gremlin Horn","Matryoshka","Old Coin","Runic Cube"],"potions_floor_usage":[6,16,16,20,21],"damage_taken":[{"damage":11,"enemies":"Jaw Worm","floor":1,"turns":7},{"damage":13,"enemies":"Small Slimes","floor":2,"turns":5},{"damage":9,"enemies":"2 Louse","floor":5,"turns":3},{"damage":25,"enemies":"Gremlin Nob","floor":6,"turns":4},{"damage":23,"enemies":"Lagavulin","floor":8,"turns":7},{"damage":12,"enemies":"3 Sentries","floor":11,"turns":5},{"damage":1,"enemies":"Looter","floor":13,"turns":2},{"damage":5,"enemies":"Slime Boss","floor":16,"turns":9},{"damage":26,"enemies":"Shell Parasite","floor":18,"turns":4},{"damage":17,"enemies":"2 Thieves","floor":20,"turns":3},{"damage":24,"enemies":"Snake Plant","floor":21,"turns":4},{"damage":48,"enemies":"Gremlin Leader","floor":24,"turns":2}],"seed_played":"3583474491862452492","potions_obtained":[{"floor":5,"key":"ColorlessPotion"},{"floor":11,"key":"HeartOfIron"},{"floor":13,"key":"HeartOfIron"},{"floor":16,"key":"GamblersBrew"},{"floor":18,"key":"Explosive Potion"}],"is_trial":false,"path_per_floor":["M","M","$","?","M","E","R","E","T","?","E","R","M","?","R","B",null,"M","?","M","M","?","R","E"],"character_chosen":"IRONCLAD","items_purchased":["Combust"],"campfire_rested":2,"item_purchase_floors":[3],"current_hp_per_floor":[63,56,56,56,53,34,34,17,17,17,11,33,38,15,15,16,60,40,40,32,14,14,37,0],"gold":514,"neow_bonus":"RANDOM_COMMON_RELIC","is_prod":false,"is_daily":false,"chose_seed":false,"campfire_upgraded":2,"win_rate":0,"timestamp":1605253812,"path_taken":["M","M","$","?","M","E","R","E","T","?","E","R","M","?","R","BOSS","M","?","M","M","?","R","E"],"build_version":"2020-11-10","purchased_purges":0,"victory":false,"max_hp_per_floor":[75,75,75,75,75,75,75,75,75,75,75,75,75,75,75,75,75,75,75,78,78,78,78,78],"card_choices":[{"not_picked":["Havoc","Clothesline"],"picked":"Twin Strike","floor":1},{"not_picked":["Blood for Blood","Power Through"],"picked":"Uppercut","floor":2},{"not_picked":["Perfected Strike","Warcry"],"picked":"Reckless Charge","floor":5},{"not_picked":["Clash","Sever Soul"],"picked":"Flame Barrier","floor":6},{"not_picked":["Havoc","Double Tap"],"picked":"Pummel","floor":8},{"not_picked":["Clothesline","Warcry"],"picked":"Pommel Strike","floor":11},{"not_picked":["Infernal Blade","Seeing Red"],"picked":"Battle Trance","floor":13},{"not_picked":["Double Tap","Limit Break"],"picked":"Feed","floor":16},{"not_picked":["Wild Strike+1","Clash"],"picked":"Pommel Strike+1","floor":18},{"not_picked":["Dropkick","Heavy Blade","True Grit"],"picked":"SKIP","floor":20},{"not_picked":["Clothesline","Body Slam"],"picked":"Dark Embrace","floor":21}],"player_experience":2774895,"relics_obtained":[{"floor":6,"key":"Charon\u0027s Ashes"},{"floor":8,"key":"Gremlin Horn"},{"floor":9,"key":"Matryoshka"},{"floor":11,"key":"Old Coin"}],"event_choices":[{"damage_healed":0,"gold_gain":78,"player_choice":"Gained Gold","damage_taken":0,"max_hp_gain":0,"max_hp_loss":0,"event_name":"Golden Wing","floor":4,"gold_loss":0},{"damage_healed":0,"gold_gain":0,"player_choice":"Left Gold","damage_taken":0,"max_hp_gain":0,"max_hp_loss":0,"event_name":"World of Goop","floor":10,"gold_loss":74},{"damage_healed":0,"gold_gain":0,"player_choice":"Entered Light","damage_taken":23,"max_hp_gain":0,"max_hp_loss":0,"event_name":"Shining Light","floor":14,"gold_loss":0,"cards_upgraded":["Defend_R","Bash"]},{"damage_healed":0,"gold_gain":0,"cards_transformed":["Strike_R","Strike_R"],"player_choice":"Became Test Subject","damage_taken":0,"max_hp_gain":0,"max_hp_loss":0,"event_name":"Drug Dealer","floor":19,"gold_loss":0,"cards_obtained":["Bludgeon","Cleave"]},{"cards_removed":["Strike_R"],"damage_healed":0,"gold_gain":0,"player_choice":"Gave Gold","damage_taken":0,"max_hp_gain":0,"max_hp_loss":0,"event_name":"Beggar","floor":22,"gold_loss":75}],"is_beta":true,"boss_relics":[{"not_picked":["Runic Dome","Busted Crown"],"picked":"Runic Cube"}],"items_purged_floors":[],"is_endless":false,"potions_floor_spawned":[5,11,13,16,18],"killed_by":"Gremlin Leader","ascension_level":20}