{"gold_per_floor":[16,36,36,49,49,49,75,90,165,165],"floor_reached":10,"playtime":599,"items_purged":[],"score":136,"play_id":"b5111895-e2bd-4457-8808-9bfc234c0b19","local_time":"20201111161257","is_ascension_mode":true,"campfire_choices":[{"data":"Juggernaut","floor":6,"key":"SMITH"}],"neow_cost":"NO_GOLD","seed_source_timestamp":2389393377453500,"circlet_count":0,"master_deck":["AscendersBane","Strike_R","Strike_R","Strike_R","Strike_R","Strike_R","Defend_R","Defend_R","Defend_R","Defend_R","Bash","Combust","Clothesline","Juggernaut+1","Juggernaut","Body Slam"],"relics":["Burning Blood","Ginger","WingedGreaves","Boot","Bottled Tornado"],"potions_floor_usage":[7],"damage_taken":[{"damage":4,"enemies":"2 Louse","floor":1,"turns":4},{"damage":4,"enemies":"Jaw Worm","floor":2,"turns":5},{"damage":18,"enemies":"Small Slimes","floor":4,"turns":5},{"damage":21,"enemies":"Lagavulin","floor":7,"turns":7},{"damage":20,"enemies":"3 Louse","floor":8,"turns":5},{"damage":17,"enemies":"Blue Slaver","floor":10,"turns":3}],"seed_played":"-630911630191345108","potions_obtained":[{"floor":1,"key":"PowerPotion"},{"floor":4,"key":"CultistPotion"}],"is_trial":false,"path_per_floor":["M","M","?","M","?","R","E","M","T","M"],"character_chosen":"IRONCLAD","items_purchased":[],"campfire_rested":0,"item_purchase_floors":[],"current_hp_per_floor":[70,72,72,60,42,42,27,13,13,0],"gold":165,"neow_bonus":"ONE_RARE_RELIC","is_prod":false,"is_daily":false,"chose_seed":false,"campfire_upgraded":1,"win_rate":0,"timestamp":1605139977,"path_taken":["M","M","?","M","?","R","E","M","T","M"],"build_version":"2020-11-10","purchased_purges":0,"victory":false,"max_hp_per_floor":[75,75,75,75,75,75,75,75,75,75],"card_choices":[{"not_picked":["Havoc","Perfected Strike"],"picked":"Combust","floor":1},{"not_picked":["Armaments","Thunderclap"],"picked":"Clothesline","floor":2},{"not_picked":["Perfected Strike","Shrug It Off"],"picked":"Juggernaut","floor":4},{"not_picked":["Clash","Whirlwind"],"picked":"Juggernaut","floor":7},{"not_picked":["Cleave","Sword Boomerang"],"picked":"Body Slam","floor":8}],"player_experience":2756373,"relics_obtained":[{"floor":7,"key":"Boot"},{"floor":9,"key":"Bottled Tornado"}],"event_choices":[{"damage_healed":0,"gold_gain":0,"player_choice":"Ignored","damage_taken":0,"max_hp_gain":0,"max_hp_loss":0,"event_name":"Liars Game","floor":3,"gold_loss":0},{"damage_healed":0,"gold_gain":0,"player_choice":"Success","damage_taken":18,"relics_obtained":["WingedGreaves"],"max_hp_gain":0,"max_hp_loss":0,"event_name":"Scrap Ooze","floor":5,"gold_loss":0}],"is_beta":true,"boss_relics":[],"items_purged_floors":[],"is_endless":false,"potions_floor_spawned":[1,4],"killed_by":"Blue Slaver","ascension_level":20}