{"gold_per_floor":[116,127,127,143,143,143,184,184,209,227,192,192,61,105,105,204,204,220,243,288,302,34,79,79,94,94,128,128,142,142,167,167,167],"floor_reached":33,"playtime":1833,"items_purged":["Strike_R","Bite"],"score":615,"play_id":"010bddd7-6c19-4c15-a000-d3af6ca01bc2","local_time":"20201117010347","is_ascension_mode":true,"campfire_choices":[{"data":"Bludgeon","floor":6,"key":"SMITH"},{"data":"Combust","floor":8,"key":"SMITH"},{"data":"Rupture","floor":12,"key":"SMITH"},{"floor":15,"key":"REST"},{"data":"Offering","floor":24,"key":"SMITH"},{"data":"Power Through","floor":30,"key":"SMITH"},{"data":"Shrug It Off","floor":32,"key":"SMITH"}],"neow_cost":"NONE","seed_source_timestamp":430074331092700,"circlet_count":0,"master_deck":["AscendersBane","Defend_R","Defend_R","Defend_R","Defend_R","Bash+1","Pommel Strike","Combust+1","Bludgeon+1","Rupture+1","Reaper","Offering+1","Power Through+1","Bite","Bite","Bite","Bite","Exhume","Second Wind+1","Shrug It Off+1"],"relics":["Burning Blood","NeowsBlessing","Golden Idol","Nunchaku","Sundial","Cursed Key","Omamori","Oddly Smooth Stone","Peace Pipe","Nloth\u0027s Gift"],"potions_floor_usage":[14,16,16,19,23,23,33,33],"damage_taken":[{"damage":0,"enemies":"Cultist","floor":1,"turns":1},{"damage":0,"enemies":"Jaw Worm","floor":2,"turns":1},{"damage":0,"enemies":"2 Louse","floor":4,"turns":1},{"damage":32,"enemies":"Gremlin Nob","floor":7,"turns":4},{"damage":14,"enemies":"Blue Slaver","floor":10,"turns":4},{"damage":12,"enemies":"3 Sentries","floor":14,"turns":5},{"damage":37,"enemies":"The Guardian","floor":16,"turns":11},{"damage":35,"enemies":"Shell Parasite","floor":18,"turns":3},{"damage":25,"enemies":"3 Byrds","floor":19,"turns":5},{"damage":23,"enemies":"Centurion and Healer","floor":21,"turns":6},{"damage":40,"enemies":"Slavers","floor":23,"turns":5},{"damage":41,"enemies":"Snake Plant","floor":25,"turns":5},{"damage":21,"enemies":"Gremlin Leader","floor":27,"turns":5},{"damage":14,"enemies":"Sentry and Sphere","floor":29,"turns":3},{"damage":12,"enemies":"Centurion and Healer","floor":31,"turns":5},{"damage":119,"enemies":"Collector","floor":33,"turns":9}],"seed_played":"-2873283790549753626","potions_obtained":[{"floor":10,"key":"SkillPotion"},{"floor":14,"key":"FearPotion"},{"floor":16,"key":"SpeedPotion"},{"floor":18,"key":"SteroidPotion"},{"floor":21,"key":"BlessingOfTheForge"},{"floor":23,"key":"BloodPotion"},{"floor":27,"key":"Dexterity Potion"}],"is_trial":false,"path_per_floor":["M","M","?","M","?","R","E","R","T","M","?","R","$","E","R","B",null,"M","M","?","M","$","E","R","M","T","E","?","M","R","M","R","B"],"character_chosen":"IRONCLAD","items_purchased":["AttackPotion","Omamori"],"campfire_rested":1,"item_purchase_floors":[13,22],"current_hp_per_floor":[74,75,75,75,49,49,23,23,23,15,33,33,33,27,49,30,64,35,33,33,46,46,40,40,25,25,46,46,42,42,52,52,0],"gold":167,"neow_bonus":"THREE_ENEMY_KILL","is_prod":false,"is_daily":false,"chose_seed":false,"campfire_upgraded":6,"win_rate":0,"timestamp":1605603827,"path_taken":["M","?","?","M","?","R","E","R","T","M","?","R","?","E","R","BOSS","M","M","?","M","$","E","R","M","T","E","?","?","R","?","R","BOSS"],"build_version":"2020-11-12","purchased_purges":2,"victory":false,"max_hp_per_floor":[75,75,75,75,75,75,75,75,75,75,75,75,75,75,75,75,75,75,75,52,52,52,52,52,52,52,52,52,52,52,52,52,52],"card_choices":[{"not_picked":["Twin Strike","Seeing Red"],"picked":"Pommel Strike","floor":1},{"not_picked":["Infernal Blade","Iron Wave"],"picked":"Combust","floor":2},{"not_picked":["Headbutt","Clash"],"picked":"Bludgeon","floor":4},{"not_picked":["Entrench","Barricade"],"picked":"Rupture","floor":7},{"not_picked":["Perfected Strike","Rage","Dual Wield"],"picked":"SKIP","floor":10},{"not_picked":["Inflame","Heavy Blade"],"picked":"Reaper","floor":14},{"not_picked":["Demon Form","Fiend Fire"],"picked":"Offering","floor":16},{"not_picked":["Clash","Havoc","Second Wind"],"picked":"SKIP","floor":18},{"not_picked":["Havoc","Second Wind"],"picked":"Power Through","floor":19},{"not_picked":["Rupture","Rampage","Power Through"],"picked":"SKIP","floor":21},{"not_picked":["Wild Strike","Twin Strike"],"picked":"Exhume","floor":23},{"not_picked":["Heavy Blade","Perfected Strike","Havoc"],"picked":"SKIP","floor":25},{"not_picked":["Searing Blow","Burning Pact","Havoc"],"picked":"SKIP","floor":27},{"not_picked":["Havoc","Cleave"],"picked":"Second Wind+1","floor":29},{"not_picked":["Flex","Bludgeon"],"picked":"Shrug It Off","floor":31}],"player_experience":2857164,"relics_obtained":[{"floor":7,"key":"Nunchaku"},{"floor":9,"key":"CeramicFish"},{"floor":14,"key":"Sundial"},{"floor":23,"key":"Oddly Smooth Stone"},{"floor":27,"key":"Peace Pipe"}],"event_choices":[{"damage_healed":0,"gold_gain":0,"player_choice":"Grow","damage_taken":0,"max_hp_gain":0,"max_hp_loss":0,"event_name":"Living Wall","floor":3,"gold_loss":0,"cards_upgraded":["Bash"]},{"damage_healed":0,"gold_gain":0,"player_choice":"Take Damage","damage_taken":26,"relics_obtained":["Golden Idol"],"max_hp_gain":0,"max_hp_loss":0,"event_name":"Golden Idol","floor":5,"gold_loss":0},{"damage_healed":18,"gold_gain":0,"player_choice":"Healed","damage_taken":0,"max_hp_gain":0,"max_hp_loss":0,"event_name":"The Cleric","floor":11,"gold_loss":35},{"damage_healed":0,"gold_gain":0,"player_choice":"Became a vampire","damage_taken":0,"max_hp_gain":0,"max_hp_loss":23,"event_name":"Vampires","floor":20,"gold_loss":0,"cards_obtained":["Bite","Bite","Bite","Bite","Bite"]},{"damage_healed":0,"gold_gain":0,"player_choice":"Traded Relic","damage_taken":0,"relics_obtained":["Nloth\u0027s Gift"],"max_hp_gain":0,"max_hp_loss":0,"event_name":"N\u0027loth","floor":28,"relics_lost":["CeramicFish"],"gold_loss":0}],"is_beta":true,"boss_relics":[{"not_picked":["Black Blood","Astrolabe"],"picked":"Cursed Key"}],"items_purged_floors":[13,22],"is_endless":false,"potions_floor_spawned":[10,14,16,18,21,23,27],"killed_by":"Collector","ascension_level":20}