{"gold_per_floor":[114,129,156,174,174,174,200,200,200,231,231,20,77,90,90,167,167,183,233,233,246,28,28,28],"floor_reached":24,"playtime":1253,"items_purged":["Defend_R"],"score":504,"play_id":"bacb2097-7303-4704-b71e-10bbefb928b0","local_time":"20201119213515","is_ascension_mode":true,"campfire_choices":[{"data":"Bash","floor":6,"key":"SMITH"},{"data":"Combust","floor":8,"key":"SMITH"},{"data":"Inflame","floor":11,"key":"SMITH"},{"data":"Sword Boomerang","floor":15,"key":"SMITH"},{"data":"Uppercut","floor":23,"key":"SMITH"}],"neow_cost":"NONE","seed_source_timestamp":677344830003200,"circlet_count":0,"master_deck":["AscendersBane","Strike_R","Strike_R","Strike_R","Defend_R+1","Defend_R+1","Bash+1","Battle Trance+1","Entrench+1","True Grit+1","Carnage+1","Pommel Strike","Inflame+1","Combust+1","Sword Boomerang+1","Barricade","Feed","Disarm","Uppercut+1"],"relics":["Astrolabe","War Paint","Vajra","Charon\u0027s Ashes","Pear","Membership Card","Snecko Eye","Frozen Egg 2","Regal Pillow"],"potions_floor_usage":[10,16,24],"damage_taken":[{"damage":2,"enemies":"Cultist","floor":1,"turns":4},{"damage":0,"enemies":"Small Slimes","floor":2,"turns":5},{"damage":7,"enemies":"Jaw Worm","floor":4,"turns":4},{"damage":32,"enemies":"Gremlin Nob","floor":7,"turns":4},{"damage":3,"enemies":"3 Sentries","floor":10,"turns":5},{"damage":0,"enemies":"2 Fungi Beasts","floor":14,"turns":2},{"damage":6,"enemies":"The Guardian","floor":16,"turns":9},{"damage":0,"enemies":"Chosen","floor":18,"turns":2},{"damage":8,"enemies":"2 Thieves","floor":21,"turns":3},{"damage":73,"enemies":"Slavers","floor":24,"turns":3}],"seed_played":"8067581643056012499","potions_obtained":[{"floor":1,"key":"EssenceOfSteel"},{"floor":7,"key":"SpeedPotion"},{"floor":10,"key":"DistilledChaos"},{"floor":16,"key":"Weak Potion"}],"is_trial":false,"path_per_floor":["M","M","T","M","?","R","E","R","T","E","R","$","?","M","R","B",null,"M","?","?","M","$","R","E"],"character_chosen":"IRONCLAD","items_purchased":["Membership Card","Frozen Egg 2","Regal Pillow"],"campfire_rested":0,"item_purchase_floors":[12,22,22],"current_hp_per_floor":[66,66,66,59,59,59,27,27,27,34,34,34,34,34,34,28,71,74,74,74,69,69,69,0],"gold":28,"neow_bonus":"BOSS_RELIC","is_prod":false,"is_daily":false,"chose_seed":false,"campfire_upgraded":5,"win_rate":0,"timestamp":1605850515,"path_taken":["M","M","?","M","?","R","E","R","T","E","R","$","?","?","R","BOSS","M","?","?","M","$","R","E"],"build_version":"2020-11-17","purchased_purges":1,"victory":false,"max_hp_per_floor":[75,75,75,75,75,75,75,75,75,85,85,85,85,85,85,85,85,88,88,88,91,91,91,91],"card_choices":[{"not_picked":["Hemokinesis","Clash"],"picked":"Carnage","floor":1},{"not_picked":["Searing Blow","Sentinel"],"picked":"Pommel Strike","floor":2},{"not_picked":["Fire Breathing","Heavy Blade"],"picked":"Inflame","floor":4},{"not_picked":["Warcry","Havoc"],"picked":"Combust","floor":7},{"not_picked":["Perfected Strike","Anger"],"picked":"Sword Boomerang","floor":10},{"not_picked":["Armaments","Rage"],"picked":"Barricade","floor":14},{"not_picked":["Bludgeon","Exhume"],"picked":"Feed","floor":16},{"not_picked":["Cleave","Combust"],"picked":"Disarm","floor":18},{"not_picked":["Pommel Strike","Twin Strike"],"picked":"Uppercut","floor":21}],"player_experience":2878848,"relics_obtained":[{"floor":3,"key":"War Paint"},{"floor":7,"key":"Vajra"},{"floor":9,"key":"Charon\u0027s Ashes"},{"floor":10,"key":"Pear"}],"event_choices":[{"damage_healed":0,"gold_gain":0,"player_choice":"Grow","damage_taken":0,"max_hp_gain":0,"max_hp_loss":0,"event_name":"Living Wall","floor":5,"gold_loss":0,"cards_upgraded":["Carnage"]},{"damage_healed":0,"gold_gain":57,"player_choice":"Gained Gold","damage_taken":0,"max_hp_gain":0,"max_hp_loss":0,"event_name":"Golden Wing","floor":13,"gold_loss":0},{"damage_healed":0,"gold_gain":50,"player_choice":"Stole From Cult","damage_taken":0,"max_hp_gain":0,"max_hp_loss":0,"event_name":"Nest","floor":19,"gold_loss":0},{"damage_healed":0,"gold_gain":0,"player_choice":"Ignored","damage_taken":0,"max_hp_gain":0,"max_hp_loss":0,"event_name":"Vampires","floor":20,"gold_loss":0}],"is_beta":true,"boss_relics":[{"not_picked":["Coffee Dripper","SacredBark"],"picked":"Snecko Eye"}],"items_purged_floors":[12],"is_endless":false,"potions_floor_spawned":[1,7,10,14,16,21],"killed_by":"Slavers","ascension_level":20}