{"gold_per_floor":[119,119,119,139,29,29,59,69,69,80,111,111,2,15,15,86,86,100,100,25,44,44],"floor_reached":22,"playtime":1257,"items_purged":[],"score":388,"play_id":"e380b28e-bca7-4fe2-8981-be0928d8b37d","local_time":"20201119154747","is_ascension_mode":true,"campfire_choices":[{"data":"Bash","floor":6,"key":"SMITH"},{"data":"Brutality","floor":12,"key":"SMITH"},{"floor":15,"key":"REST"}],"neow_cost":"NONE","seed_source_timestamp":656491131851800,"circlet_count":0,"master_deck":["AscendersBane","Strike_R","Strike_R","Strike_R","Defend_R","Defend_R","Defend_R","Defend_R","Bash+1","Headbutt","Pommel Strike","Shrug It Off","Feel No Pain","Hemokinesis+1","Pommel Strike+1","Brutality+1","Cleave+1","Thunderclap+1","Impervious","Rupture"],"relics":["Burning Blood","Molten Egg 2","Calipers","Bottled Lightning","Black Star","Nilry\u0027s Codex"],"potions_floor_usage":[10,11,16,21,22,22],"damage_taken":[{"damage":10,"enemies":"Small Slimes","floor":1,"turns":5},{"damage":2,"enemies":"2 Louse","floor":4,"turns":3},{"damage":31,"enemies":"Gremlin Nob","floor":7,"turns":4},{"damage":7,"enemies":"Jaw Worm","floor":8,"turns":3},{"damage":10,"enemies":"Exordium Thugs","floor":10,"turns":4},{"damage":14,"enemies":"Lagavulin","floor":11,"turns":3},{"damage":20,"enemies":"Large Slime","floor":14,"turns":6},{"damage":29,"enemies":"Slime Boss","floor":16,"turns":6},{"damage":26,"enemies":"Chosen","floor":18,"turns":4},{"damage":10,"enemies":"3 Byrds","floor":21,"turns":3},{"damage":23,"enemies":"3 Cultists","floor":22,"turns":3}],"seed_played":"7048789292085395757","potions_obtained":[{"floor":8,"key":"DistilledChaos"},{"floor":10,"key":"Fire Potion"},{"floor":14,"key":"LiquidBronze"},{"floor":18,"key":"Weak Potion"},{"floor":21,"key":"PowerPotion"}],"is_trial":false,"path_per_floor":["M","?","?","M","$","R","E","M","T","M","E","R","$","M","R","B",null,"M","?","?","M","M"],"character_chosen":"IRONCLAD","items_purchased":["Shrug It Off","Feel No Pain","Cleave+1","FearPotion"],"campfire_rested":1,"item_purchase_floors":[5,5,13,13],"current_hp_per_floor":[71,64,64,68,68,68,43,42,42,38,30,30,30,16,40,17,66,46,25,25,21,0],"gold":44,"neow_bonus":"TEN_PERCENT_HP_BONUS","is_prod":false,"is_daily":false,"chose_seed":false,"campfire_upgraded":2,"win_rate":0,"timestamp":1605829667,"path_taken":["M","?","?","M","$","R","E","M","T","M","E","R","?","M","R","BOSS","M","?","?","?","M"],"build_version":"2020-11-17","purchased_purges":0,"victory":false,"max_hp_per_floor":[82,82,82,82,82,82,82,82,82,82,82,82,82,82,82,82,82,82,82,82,82,82],"card_choices":[{"not_picked":["Heavy Blade","Whirlwind"],"picked":"Headbutt","floor":1},{"not_picked":["Evolve","Searing Blow"],"picked":"Pommel Strike","floor":4},{"not_picked":["Sword Boomerang+1","Clothesline+1"],"picked":"Hemokinesis+1","floor":7},{"not_picked":["Burning Pact","Headbutt+1"],"picked":"Pommel Strike+1","floor":8},{"not_picked":["Blood for Blood+1","Infernal Blade","Warcry"],"picked":"SKIP","floor":10},{"not_picked":["Rampage+1","Pommel Strike+1"],"picked":"Brutality","floor":11},{"not_picked":["Seeing Red","Body Slam+1"],"picked":"Thunderclap+1","floor":14},{"not_picked":["Double Tap","Brutality"],"picked":"Impervious","floor":16},{"not_picked":["Warcry","Second Wind"],"picked":"Rupture","floor":18},{"not_picked":["Fire Breathing","Combust","Dual Wield"],"picked":"SKIP","floor":21}],"player_experience":2877591,"relics_obtained":[{"floor":7,"key":"Molten Egg 2"},{"floor":9,"key":"Calipers"},{"floor":11,"key":"Bottled Lightning"},{"floor":19,"key":"Nilry\u0027s Codex"}],"event_choices":[{"cards_removed":["Strike_R"],"damage_healed":0,"gold_gain":0,"player_choice":"Card Removal","damage_taken":7,"max_hp_gain":0,"max_hp_loss":0,"event_name":"Golden Wing","floor":2,"gold_loss":0},{"damage_healed":0,"gold_gain":0,"player_choice":"Ignored","damage_taken":0,"max_hp_gain":0,"max_hp_loss":0,"event_name":"Liars Game","floor":3,"gold_loss":0},{"damage_healed":0,"gold_gain":0,"player_choice":"Obtained Book","damage_taken":21,"max_hp_gain":0,"max_hp_loss":0,"event_name":"Cursed Tome","floor":19,"gold_loss":0},{"cards_removed":["Strike_R"],"damage_healed":0,"gold_gain":0,"player_choice":"Single Remove","damage_taken":0,"max_hp_gain":0,"max_hp_loss":0,"event_name":"Designer","floor":20,"gold_loss":75}],"is_beta":true,"boss_relics":[{"not_picked":["Runic Dome","Calling Bell"],"picked":"Black Star"}],"items_purged_floors":[],"is_endless":false,"potions_floor_spawned":[8,10,14,18,21],"killed_by":"3 Cultists","ascension_level":20}