{"gold_per_floor":[114,133,133,147,18,52,70,98,98,98,123,152,165,183,183,260,260,271,271,283,23,37,37,72,72,118,118,118,129,146,180,180,259,259,270,270,295,295,295,322,322,322,347,347,26,37,69,79,79,79,79,79,79,26,59,59],"floor_reached":56,"playtime":4964,"items_purged":["Strike_R","Strike_R"],"score":1951,"play_id":"4a8a9f8d-fa5d-43e5-8d32-ae214443d941","local_time":"20201113153356","is_ascension_mode":true,"campfire_choices":[{"data":"Uppercut","floor":10.0,"key":"SMITH"},{"data":"Pommel Strike","floor":15.0,"key":"SMITH"},{"data":"Berserk","floor":23.0,"key":"SMITH"},{"data":"Shrug It Off","floor":25.0,"key":"SMITH"},{"data":"Limit Break","floor":27.0,"key":"SMITH"},{"data":"Metallicize","floor":32.0,"key":"SMITH"},{"floor":41.0,"key":"RECALL"},{"data":"Fiend Fire","floor":44.0,"key":"SMITH"},{"data":"Shrug It Off","floor":49.0,"key":"SMITH"},{"data":"Dark Shackles","floor":53.0,"key":"SMITH"}],"neow_cost":"NONE","seed_source_timestamp":0,"circlet_count":0,"master_deck":["AscendersBane","Strike_R","Strike_R+1","Defend_R","Defend_R+1","Defend_R+1","Bash","Metallicize+1","Anger+1","Pommel Strike+1","Uppercut+1","Limit Break+1","Shrug It Off+1","Berserk+1","Shrug It Off+1","Reaper","Shockwave","Fiend Fire+1","Dark Shackles+1","True Grit+1","Flex+1","Flame Barrier+1"],"special_seed":0,"relics":["Burning Blood","War Paint","Mercury Hourglass","Happy Flower","Whetstone","Eternal Feather","Odd Mushroom","Runic Pyramid","Lantern","CaptainsWheel","Pear","Cursed Key","Mango","Omamori","Juzu Bracelet","Bronze Scales","Bag of Preparation","Toxic Egg 2","Toy Ornithopter"],"potions_floor_usage":[55,56],"damage_taken":[{"damage":6.0,"enemies":"Cultist","floor":1.0,"turns":4.0},{"damage":12.0,"enemies":"Small Slimes","floor":2.0,"turns":5.0},{"damage":0.0,"enemies":"2 Louse","floor":4.0,"turns":3.0},{"damage":25.0,"enemies":"Gremlin Nob","floor":6.0,"turns":4.0},{"damage":9.0,"enemies":"Large Slime","floor":7.0,"turns":4.0},{"damage":21.0,"enemies":"3 Sentries","floor":8.0,"turns":6.0},{"damage":24.0,"enemies":"Lagavulin","floor":11.0,"turns":5.0},{"damage":3.0,"enemies":"The Mushroom Lair","floor":12.0,"turns":3.0},{"damage":0.0,"enemies":"2 Fungi Beasts","floor":13.0,"turns":3.0},{"damage":0.0,"enemies":"Looter","floor":14.0,"turns":3.0},{"damage":7.0,"enemies":"Hexaghost","floor":16.0,"turns":6.0},{"damage":29.0,"enemies":"2 Thieves","floor":18.0,"turns":4.0},{"damage":11.0,"enemies":"Shell Parasite","floor":20.0,"turns":5.0},{"damage":7.0,"enemies":"Snake Plant","floor":22.0,"turns":3.0},{"damage":20.0,"enemies":"Book of Stabbing","floor":24.0,"turns":5.0},{"damage":1.0,"enemies":"Cultist and Chosen","floor":29.0,"turns":6.0},{"damage":0.0,"enemies":"3 Cultists","floor":30.0,"turns":6.0},{"damage":22.0,"enemies":"Slavers","floor":31.0,"turns":9.0},{"damage":46.0,"enemies":"Collector","floor":33.0,"turns":10.0},{"damage":14.0,"enemies":"3 Darklings","floor":35.0,"turns":5.0},{"damage":0.0,"enemies":"Mind Bloom Boss Battle","floor":37.0,"turns":7.0},{"damage":35.0,"enemies":"Nemesis","floor":40.0,"turns":9.0},{"damage":0.0,"enemies":"Orb Walker","floor":46.0,"turns":2.0},{"damage":42.0,"enemies":"Giant Head","floor":47.0,"turns":9.0},{"damage":5.0,"enemies":"4 Shapes","floor":48.0,"turns":4.0},{"damage":54.0,"enemies":"Donu and Deca","floor":50.0,"turns":8.0},{"damage":63.0,"enemies":"Awakened One","floor":51.0,"turns":12.0},{"damage":53,"enemies":"Shield and Spear","floor":55,"turns":8},{"damage":102,"enemies":"The Heart","floor":56,"turns":8}],"seed_played":"6399597156173597452","potions_obtained":[{"floor":2.0,"key":"Swift Potion"},{"floor":4.0,"key":"Regen Potion"},{"floor":8.0,"key":"Regen Potion"},{"floor":12.0,"key":"EntropicBrew"},{"floor":18.0,"key":"BloodPotion"},{"floor":29.0,"key":"Block Potion"},{"floor":37.0,"key":"DuplicationPotion"}],"is_trial":false,"path_per_floor":["M","M","?","M","$","E","M","E","T","R","E","?","M","M","R","B",null,"M","$","M","$","M","R","E","R","T","R","?","M","M","E","R","B",null,"M","?","?","?","?","E","R","$","T","R","$","M","E","M","R","B","B",null,"R","$","E","B"],"character_chosen":"IRONCLAD","items_purchased":["FearPotion","Lantern","Bronze Scales","Bag of Preparation","ColorlessPotion"],"campfire_rested":0,"item_purchase_floors":[5,21,45,45,54],"current_hp_per_floor":[68,62,62,68,68,49,46,46,46,46,28,31,37,43,52,66,73,50,50,45,45,44,53,39,48,48,57,57,68,75,81,85,63,80,83,81,95,95,85,62,71,71,71,80,80,92,66,91,95,95,95,95,95,95,48,0],"gold":59,"neow_bonus":"RANDOM_COMMON_RELIC","is_prod":false,"is_daily":false,"chose_seed":false,"campfire_upgraded":9,"win_rate":0,"timestamp":1605310436,"path_taken":["M","M","?","M","$","E","?","E","T","R","E","?","M","M","R","BOSS","M","$","M","$","M","R","E","R","T","R","?","M","?","E","R","BOSS","M","?","?","?","?","E","R","?","T","R","$","M","E","M","R","BOSS","BOSS","R","$","E","BOSS"],"build_version":"2020-11-12","purchased_purges":2,"victory":false,"max_hp_per_floor":[75,75,75,75,75,75,75,75,75,75,75,75,75,75,75,75,75,75,75,75,75,75,75,75,75,75,75,75,75,75,85,85,85,85,85,81,95,95,95,95,95,95,95,95,95,95,95,95,95,95,95,95,95,95,95,95],"card_choices":[{"not_picked":["Wild Strike","Searing Blow"],"picked":"Metallicize","floor":1.0},{"not_picked":["Havoc","Entrench"],"picked":"Anger","floor":2.0},{"not_picked":["Metallicize","Iron Wave"],"picked":"Pommel Strike","floor":4.0},{"not_picked":["Thunderclap","Flex","Iron Wave"],"picked":"SKIP","floor":6.0},{"not_picked":["Whirlwind","Ghostly Armor"],"picked":"Uppercut","floor":7.0},{"not_picked":["True Grit","Perfected Strike","Iron Wave"],"picked":"SKIP","floor":8.0},{"not_picked":["Heavy Blade","Iron Wave","Thunderclap"],"picked":"SKIP","floor":11.0},{"not_picked":["Sword Boomerang","Wild Strike"],"picked":"Limit Break","floor":12.0},{"not_picked":["Clothesline","Carnage","Flex"],"picked":"SKIP","floor":13.0},{"not_picked":["Sword Boomerang","Heavy Blade"],"picked":"Shrug It Off","floor":14.0},{"not_picked":["Barricade","Demon Form"],"picked":"Berserk","floor":16.0},{"not_picked":["Cleave","Sever Soul"],"picked":"Shrug It Off","floor":18.0},{"not_picked":["True Grit","Twin Strike","Pommel Strike"],"picked":"SKIP","floor":20.0},{"not_picked":["Sword Boomerang","Bloodletting","Pommel Strike"],"picked":"SKIP","floor":22.0},{"not_picked":["Clash","Carnage"],"picked":"Reaper","floor":24.0},{"not_picked":["Warcry","Body Slam"],"picked":"Shockwave","floor":29.0},{"not_picked":["Havoc","Wild Strike","True Grit"],"picked":"SKIP","floor":30.0},{"not_picked":["Pommel Strike","Sentinel","Clash+1"],"picked":"SKIP","floor":31.0},{"not_picked":["Offering","Reaper"],"picked":"Fiend Fire","floor":33.0},{"not_picked":["Shrug It Off","Warcry","Combust"],"picked":"SKIP","floor":35.0},{"not_picked":["Impatience","Trip"],"picked":"Dark Shackles","floor":39.0},{"not_picked":["Havoc+1","Sword Boomerang","Combust"],"picked":"SKIP","floor":40.0},{"not_picked":["Iron Wave","Sword Boomerang"],"picked":"True Grit+1","floor":46.0},{"not_picked":["Fiend Fire","Intimidate+1","Battle Trance+1"],"picked":"SKIP","floor":47.0},{"not_picked":["Power Through+1","Flame Barrier+1"],"picked":"Flex+1","floor":48.0},{"not_picked":["Burning Pact+1","Infernal Blade+1"],"picked":"Flame Barrier+1","floor":55}],"player_experience":2776818,"relics_obtained":[{"floor":6.0,"key":"Mercury Hourglass"},{"floor":8.0,"key":"Happy Flower"},{"floor":9.0,"key":"Whetstone"},{"floor":11.0,"key":"Eternal Feather"},{"floor":12.0,"key":"Odd Mushroom"},{"floor":24.0,"key":"CaptainsWheel"},{"floor":31.0,"key":"Pear"},{"floor":37.0,"key":"Mango"},{"floor":40.0,"key":"Omamori"},{"floor":43.0,"key":"Juzu Bracelet"},{"floor":47.0,"key":"Toxic Egg 2"},{"floor":55,"key":"Toy Ornithopter"}],"event_choices":[{"cards_removed":["Defend_R"],"damage_healed":0.0,"max_hp_gain":0.0,"max_hp_loss":0.0,"gold_gain":0.0,"event_name":"Purifier","player_choice":"Purged","floor":3.0,"gold_loss":0.0,"damage_taken":0.0},{"damage_healed":0.0,"max_hp_gain":0.0,"max_hp_loss":0.0,"gold_gain":0.0,"event_name":"Mushrooms","player_choice":"Fought Mushrooms","floor":12.0,"gold_loss":0.0,"damage_taken":0.0},{"damage_healed":0.0,"max_hp_gain":0.0,"max_hp_loss":0.0,"gold_gain":0.0,"event_name":"Match and Keep!","player_choice":"0 cards matched","floor":28.0,"gold_loss":0.0,"damage_taken":0.0,"cards_obtained":[]},{"damage_healed":0.0,"max_hp_gain":0.0,"max_hp_loss":4.0,"gold_gain":0.0,"event_name":"Winding Halls","player_choice":"Max HP","floor":36.0,"gold_loss":0.0,"damage_taken":0.0},{"damage_healed":0.0,"max_hp_gain":0.0,"max_hp_loss":0.0,"gold_gain":0.0,"event_name":"MindBloom","player_choice":"Fight","floor":37.0,"gold_loss":0.0,"damage_taken":0.0},{"cards_removed":["Strike_R"],"damage_healed":0.0,"max_hp_gain":0.0,"max_hp_loss":0.0,"gold_gain":0.0,"event_name":"Falling","player_choice":"Removed Attack","floor":38.0,"gold_loss":0.0,"damage_taken":0.0},{"damage_healed":0.0,"max_hp_gain":0.0,"max_hp_loss":0.0,"gold_gain":0.0,"event_name":"SensoryStone","player_choice":"Memory 3","floor":39.0,"gold_loss":0.0,"damage_taken":10.0}],"is_beta":true,"boss_relics":[{"not_picked":["Velvet Choker","Empty Cage"],"picked":"Runic Pyramid"},{"not_picked":["SacredBark","Tiny House"],"picked":"Cursed Key"}],"items_purged_floors":[5,21],"is_endless":false,"potions_floor_spawned":[2,4,8,12,14,18,29,37,40,48],"killed_by":"The Heart","ascension_level":20}