{"gold_per_floor":[112,122,136,2,2,27,27,59,134,154,189,202,222,222,222,296,296,309,328,378,64,81,113,113,133,133,183,212,212,225,253,253,328,328,343,343,363,374,22,22,53,53,105,132,132,157,186,186,186,186,186,186,186,17,45,45],"floor_reached":56,"playtime":4317,"items_purged":["Strike_R","Strike_R"],"score":2126,"play_id":"edb0615e-55bb-4d87-9f24-44ffa5960c40","local_time":"20201116000339","is_ascension_mode":true,"campfire_choices":[{"data":"Twin Strike","floor":7,"key":"SMITH"},{"data":"True Grit","floor":15,"key":"SMITH"},{"floor":24,"key":"REST"},{"data":"Shockwave","floor":29,"key":"SMITH"},{"data":"Armaments","floor":32,"key":"SMITH"},{"data":"Barricade","floor":40,"key":"SMITH"},{"floor":42,"key":"REST"},{"floor":45,"key":"REST"},{"floor":49,"key":"RECALL"},{"data":"Offering","floor":53,"key":"SMITH"}],"neow_cost":"NONE","seed_source_timestamp":337579894448500,"circlet_count":0,"master_deck":["AscendersBane","Strike_R","Strike_R","Strike_R","Defend_R","Defend_R","Defend_R","Bash","Uppercut+1","Twin Strike+1","Thunderclap","Offering+1","Juggernaut+1","Shrug It Off","Shockwave+1","True Grit+1","Impervious","Metallicize","Shrug It Off","Battle Trance","Body Slam","Armaments+1","Barricade+1","Shrug It Off","Shrug It Off","Impervious"],"relics":["Burning Blood","Orichalcum","Du-Vu Doll","Bronze Scales","Pear","StoneCalendar","SlaversCollar","InkBottle","Ice Cream","StrikeDummy","Red Skull","Philosopher\u0027s Stone","Lee\u0027s Waffle","Mummified Hand","Kunai","Bird Faced Urn","Pen Nib","Strawberry","Oddly Smooth Stone"],"potions_floor_usage":[16,23,23,28,33,41,47],"damage_taken":[{"damage":4,"enemies":"Jaw Worm","floor":1,"turns":5},{"damage":1,"enemies":"Cultist","floor":2,"turns":4},{"damage":10,"enemies":"Small Slimes","floor":3,"turns":5},{"damage":20,"enemies":"3 Sentries","floor":6,"turns":8},{"damage":6,"enemies":"Gremlin Nob","floor":8,"turns":3},{"damage":9,"enemies":"Gremlin Gang","floor":10,"turns":4},{"damage":22,"enemies":"3 Sentries","floor":11,"turns":6},{"damage":6,"enemies":"Large Slime","floor":12,"turns":3},{"damage":6,"enemies":"Looter","floor":13,"turns":2},{"damage":13,"enemies":"Slime Boss","floor":16,"turns":7},{"damage":29,"enemies":"2 Thieves","floor":18,"turns":4},{"damage":6,"enemies":"3 Byrds","floor":19,"turns":4},{"damage":11,"enemies":"Centurion and Healer","floor":22,"turns":7},{"damage":9,"enemies":"Book of Stabbing","floor":23,"turns":4},{"damage":10,"enemies":"Snake Plant","floor":25,"turns":3},{"damage":8,"enemies":"Slavers","floor":28,"turns":5},{"damage":10,"enemies":"Snecko","floor":30,"turns":4},{"damage":15,"enemies":"Book of Stabbing","floor":31,"turns":4},{"damage":42,"enemies":"Collector","floor":33,"turns":7},{"damage":38,"enemies":"3 Darklings","floor":35,"turns":6},{"damage":3,"enemies":"Orb Walker","floor":37,"turns":4},{"damage":21,"enemies":"Transient","floor":38,"turns":6},{"damage":52,"enemies":"Reptomancer","floor":41,"turns":6},{"damage":33,"enemies":"Nemesis","floor":44,"turns":5},{"damage":0,"enemies":"Mind Bloom Boss Battle","floor":46,"turns":6},{"damage":26,"enemies":"Reptomancer","floor":47,"turns":7},{"damage":23,"enemies":"Awakened One","floor":50,"turns":13},{"damage":25,"enemies":"Donu and Deca","floor":51,"turns":8},{"damage":43,"enemies":"Shield and Spear","floor":55,"turns":8},{"damage":75,"enemies":"The Heart","floor":56,"turns":9}],"seed_played":"3529609024893594369","potions_obtained":[{"floor":1,"key":"LiquidMemories"},{"floor":3,"key":"ElixirPotion"},{"floor":25,"key":"DuplicationPotion"},{"floor":28,"key":"Swift Potion"},{"floor":37,"key":"FairyPotion"},{"floor":44,"key":"EssenceOfSteel"}],"is_trial":false,"path_per_floor":["M","M","M","$","?","E","R","E","T","M","E","M","M","?","R","B",null,"M","M","?","$","M","E","R","M","T","?","E","R","M","E","R","B",null,"M","?","M","M","$","R","E","R","T","E","R","?","E","?","R","B","B",null,"R","$","E","B"],"character_chosen":"IRONCLAD","items_purchased":["Offering","Fire Potion","Metallicize","Shrug It Off","SteroidPotion","Battle Trance","Shrug It Off","PowerPotion","Lee\u0027s Waffle","Strawberry"],"campfire_rested":3,"item_purchase_floors":[4,4,21,21,21,21,39,39,39,54],"current_hp_per_floor":[70,75,71,71,71,57,57,57,67,64,48,48,48,48,48,41,74,51,51,51,51,46,43,68,64,64,64,62,62,58,49,49,13,67,35,70,70,55,77,77,31,54,54,27,50,56,42,42,42,31,18,62,62,69,38,0],"gold":45,"neow_bonus":"RANDOM_COMMON_RELIC","is_prod":false,"is_daily":false,"chose_seed":false,"campfire_upgraded":6,"win_rate":0,"timestamp":1605513819,"path_taken":["M","M","M","$","?","E","R","E","T","M","E","?","M","?","R","BOSS","M","M","?","$","M","E","R","M","T","?","E","R","?","E","R","BOSS","M","?","M","M","$","R","E","R","T","E","R","?","E","?","R","BOSS","BOSS","R","$","E","BOSS"],"build_version":"2020-11-12","purchased_purges":2,"victory":false,"max_hp_per_floor":[75,75,75,75,75,75,75,75,85,85,85,85,85,85,85,85,85,85,85,85,85,85,85,85,85,85,85,85,85,85,85,85,85,85,85,70,70,70,77,77,77,77,77,77,77,77,77,77,77,77,77,77,77,84,84,84],"card_choices":[{"not_picked":["Dual Wield","Fire Breathing"],"picked":"Uppercut","floor":1},{"not_picked":["Headbutt","Fire Breathing"],"picked":"Twin Strike","floor":2},{"not_picked":["Armaments","Flex"],"picked":"Thunderclap","floor":3},{"not_picked":["Warcry","Clothesline","Blood for Blood"],"picked":"SKIP","floor":6},{"not_picked":["Ghostly Armor","Flex"],"picked":"Juggernaut","floor":8},{"not_picked":["Searing Blow","Sword Boomerang","Clothesline"],"picked":"SKIP","floor":10},{"not_picked":["Heavy Blade","Warcry"],"picked":"Shrug It Off","floor":11},{"not_picked":["Dropkick","Rampage"],"picked":"Shockwave","floor":12},{"not_picked":["Heavy Blade","Clash"],"picked":"True Grit","floor":13},{"not_picked":["Corruption","Berserk"],"picked":"Impervious","floor":16},{"not_picked":["Warcry","Perfected Strike","Headbutt"],"picked":"SKIP","floor":18},{"not_picked":["Sentinel","Warcry","Headbutt"],"picked":"SKIP","floor":19},{"not_picked":["Rampage","Dropkick","Clash"],"picked":"SKIP","floor":22},{"not_picked":["Havoc","Sever Soul","Anger"],"picked":"SKIP","floor":23},{"not_picked":["Havoc","Sever Soul","Perfected Strike"],"picked":"SKIP","floor":25},{"not_picked":["Sword Boomerang","Warcry","Limit Break"],"picked":"SKIP","floor":28},{"not_picked":["Shrug It Off","Wild Strike"],"picked":"Body Slam","floor":30},{"not_picked":["Hemokinesis","Wild Strike"],"picked":"Armaments","floor":31},{"not_picked":["Brutality","Reaper"],"picked":"Barricade","floor":33},{"not_picked":["Infernal Blade","Sword Boomerang","Flex"],"picked":"SKIP","floor":35},{"not_picked":["Searing Blow","Iron Wave","Headbutt"],"picked":"SKIP","floor":37},{"not_picked":["Blood for Blood+1","True Grit","Inflame"],"picked":"SKIP","floor":38},{"not_picked":["Body Slam","Intimidate+1","Thunderclap"],"picked":"SKIP","floor":41},{"not_picked":["Havoc","Clothesline"],"picked":"Shrug It Off","floor":44},{"not_picked":["Armaments","Sever Soul","Iron Wave"],"picked":"SKIP","floor":47},{"not_picked":["Dropkick+1","Clothesline"],"picked":"Impervious","floor":55}],"player_experience":2838592,"relics_obtained":[{"floor":6,"key":"Du-Vu Doll"},{"floor":8,"key":"Bronze Scales"},{"floor":9,"key":"Pear"},{"floor":11,"key":"StoneCalendar"},{"floor":23,"key":"InkBottle"},{"floor":26,"key":"Ice Cream"},{"floor":28,"key":"StrikeDummy"},{"floor":31,"key":"Red Skull"},{"floor":41,"key":"Mummified Hand"},{"floor":44,"key":"Kunai"},{"floor":46,"key":"Bird Faced Urn"},{"floor":47,"key":"Pen Nib"},{"floor":55,"key":"Oddly Smooth Stone"}],"event_choices":[{"damage_healed":0,"gold_gain":0,"player_choice":"Upgraded","damage_taken":0,"max_hp_gain":0,"max_hp_loss":0,"event_name":"Upgrade Shrine","floor":5,"gold_loss":0,"cards_upgraded":["Uppercut"]},{"damage_healed":0,"gold_gain":0,"player_choice":"Grow","damage_taken":0,"max_hp_gain":0,"max_hp_loss":0,"event_name":"Living Wall","floor":14,"gold_loss":0,"cards_upgraded":["Juggernaut"]},{"damage_healed":0,"gold_gain":50,"player_choice":"Stole From Cult","damage_taken":0,"max_hp_gain":0,"max_hp_loss":0,"event_name":"Nest","floor":20,"gold_loss":0},{"damage_healed":0,"gold_gain":50,"player_choice":"Pray","damage_taken":0,"max_hp_gain":0,"max_hp_loss":0,"event_name":"Golden Shrine","floor":27,"gold_loss":0},{"damage_healed":70,"gold_gain":0,"player_choice":"Heal","damage_taken":0,"max_hp_gain":0,"max_hp_loss":15,"event_name":"The Moai Head","floor":36,"gold_loss":0},{"damage_healed":0,"gold_gain":0,"player_choice":"Fight","damage_taken":0,"max_hp_gain":0,"max_hp_loss":0,"event_name":"MindBloom","floor":46,"gold_loss":0},{"cards_removed":["Defend_R"],"damage_healed":0,"gold_gain":0,"player_choice":"Removed Skill","damage_taken":0,"max_hp_gain":0,"max_hp_loss":0,"event_name":"Falling","floor":48,"gold_loss":0}],"is_beta":true,"boss_relics":[{"not_picked":["Mark of Pain","Runic Pyramid"],"picked":"SlaversCollar"},{"not_picked":["Calling Bell","Runic Cube"],"picked":"Philosopher\u0027s Stone"}],"items_purged_floors":[21,39],"is_endless":false,"potions_floor_spawned":[1,3,10,13,22,25,28,37,44],"killed_by":"The Heart","ascension_level":20}