{"gold_per_floor":[118,118,131,206,260,260,293,293,293,293,312,41,52,52,52,126,126,141,155,166,14,14,14,14],"floor_reached":24,"playtime":909,"items_purged":["Strike_R"],"score":388,"play_id":"bce8e1fe-489b-42ba-a2bc-7c156d189180","local_time":"20201120162028","is_ascension_mode":true,"campfire_choices":[{"data":"Perfected Strike","floor":6,"key":"SMITH"},{"data":"Twin Strike","floor":8,"key":"SMITH"},{"floor":10,"key":"REST"},{"data":"Disarm","floor":15,"key":"SMITH"},{"floor":23,"key":"REST"}],"neow_cost":"NONE","seed_source_timestamp":745201469113100,"circlet_count":0,"master_deck":["AscendersBane","Strike_R","Strike_R","Strike_R","Strike_R","Defend_R","Defend_R","Defend_R","Defend_R","Bash+1","Twin Strike+1","Perfected Strike+1","Reaper","Disarm+1","Clothesline","Demon Form","Shrug It Off","Sword Boomerang+1","Impervious"],"relics":["Burning Blood","Toy Ornithopter","Mercury Hourglass","Mummified Hand","NlothsMask","Velvet Choker"],"potions_floor_usage":[7,16,20],"damage_taken":[{"damage":13,"enemies":"2 Louse","floor":1,"turns":3},{"damage":19,"enemies":"Jaw Worm","floor":3,"turns":4},{"damage":25,"enemies":"Lagavulin","floor":7,"turns":4},{"damage":7,"enemies":"Small Slimes","floor":11,"turns":3},{"damage":12,"enemies":"Blue Slaver","floor":13,"turns":4},{"damage":36,"enemies":"Hexaghost","floor":16,"turns":9},{"damage":19,"enemies":"Shell Parasite","floor":18,"turns":3},{"damage":16,"enemies":"Chosen","floor":19,"turns":4},{"damage":37,"enemies":"Shelled Parasite and Fungi","floor":20,"turns":3},{"damage":49,"enemies":"Slavers","floor":24,"turns":3}],"seed_played":"-1185272024044668333","potions_obtained":[{"floor":1,"key":"Strength Potion"},{"floor":3,"key":"LiquidMemories"},{"floor":18,"key":"PowerPotion"}],"is_trial":false,"path_per_floor":["M","?","M","?","?","R","E","R","T","R","M","$","M","?","R","B",null,"M","M","M","$","?","R","E"],"character_chosen":"IRONCLAD","items_purchased":["Mummified Hand","Impervious"],"campfire_rested":2,"item_purchase_floors":[12,21],"current_hp_per_floor":[61,61,48,37,37,37,18,18,18,40,39,39,33,33,33,12,59,46,42,24,24,24,46,0],"gold":14,"neow_bonus":"UPGRADE_CARD","is_prod":false,"is_daily":false,"chose_seed":false,"campfire_upgraded":3,"win_rate":0,"timestamp":1605918028,"path_taken":["M","?","M","?","?","R","E","R","T","R","M","?","?","?","R","BOSS","M","M","?","$","?","R","E"],"build_version":"2020-11-17","purchased_purges":1,"victory":false,"max_hp_per_floor":[75,75,75,75,75,75,75,75,75,75,75,75,75,75,75,75,75,75,75,75,75,75,75,75],"card_choices":[{"not_picked":["Heavy Blade","Anger"],"picked":"Twin Strike","floor":1},{"not_picked":["Warcry","Iron Wave"],"picked":"Perfected Strike","floor":3},{"not_picked":["Power Through","Entrench"],"picked":"Reaper","floor":7},{"not_picked":["Searing Blow","Infernal Blade"],"picked":"Disarm","floor":11},{"not_picked":["Iron Wave","Entrench"],"picked":"Clothesline","floor":13},{"not_picked":["Berserk","Offering"],"picked":"Demon Form","floor":16},{"not_picked":["Heavy Blade","Perfected Strike","Anger"],"picked":"SKIP","floor":18},{"not_picked":["Uppercut+1","Warcry"],"picked":"Shrug It Off","floor":19},{"not_picked":["Armaments","Corruption"],"picked":"Sword Boomerang+1","floor":20}],"player_experience":2883299,"relics_obtained":[{"floor":7,"key":"Toy Ornithopter"},{"floor":9,"key":"Mercury Hourglass"}],"event_choices":[{"damage_healed":0,"gold_gain":0,"player_choice":"Leave","damage_taken":0,"max_hp_gain":0,"max_hp_loss":0,"event_name":"The Cleric","floor":2,"gold_loss":0},{"damage_healed":0,"gold_gain":75,"player_choice":"Gather Gold","damage_taken":11,"max_hp_gain":0,"max_hp_loss":0,"event_name":"World of Goop","floor":4,"gold_loss":0},{"damage_healed":0,"gold_gain":54,"player_choice":"Gained Gold","damage_taken":0,"max_hp_gain":0,"max_hp_loss":0,"event_name":"Golden Wing","floor":5,"gold_loss":0},{"damage_healed":0,"gold_gain":0,"player_choice":"Trade","damage_taken":0,"relics_obtained":["NlothsMask"],"max_hp_gain":0,"max_hp_loss":0,"event_name":"FaceTrader","floor":14,"gold_loss":0},{"damage_healed":0,"gold_gain":0,"player_choice":"Ignored","damage_taken":0,"max_hp_gain":0,"max_hp_loss":0,"event_name":"N\u0027loth","floor":22,"gold_loss":0}],"is_beta":true,"boss_relics":[{"not_picked":["Runic Dome","Astrolabe"],"picked":"Velvet Choker"}],"items_purged_floors":[21],"is_endless":false,"potions_floor_spawned":[1,3,18],"killed_by":"Slavers","ascension_level":20}