{"gold_per_floor":[111,111,127,140,14,14,33,62,62,62,62,72,85,117,117,192,192,209,220,220,3,3,3,30,30,30,30,63,63,77,103,103,103],"floor_reached":33,"playtime":2409,"items_purged":["Strike_R"],"score":651,"play_id":"d440a62a-a251-48b4-9b07-1c6568b9b00f","local_time":"20201114005147","is_ascension_mode":true,"campfire_choices":[{"data":"Bash","floor":6,"key":"SMITH"},{"data":"Hemokinesis","floor":11,"key":"SMITH"},{"data":"Twin Strike","floor":15,"key":"SMITH"},{"data":"Immolate","floor":23,"key":"SMITH"},{"data":"Shrug It Off","floor":29,"key":"SMITH"},{"floor":32,"key":"REST"}],"neow_cost":"NONE","seed_source_timestamp":169575176885800,"circlet_count":0,"master_deck":["AscendersBane","Strike_R+1","Strike_R+1","Strike_R+1","Strike_R+1","Defend_R+1","Defend_R+1","Defend_R+1","Defend_R+1","Bash+1","Twin Strike+1","Thunderclap","Headbutt","Hemokinesis+1","Feed","Shrug It Off+1","Immolate+1","Shrug It Off","Hemokinesis+1","Seeing Red","Battle Trance+1"],"relics":["Burning Blood","Happy Flower","Juzu Bracelet","Ice Cream","Mummified Hand","Pocketwatch","Black Star","Blue Candle","PreservedInsect","Thread and Needle","Lizard Tail","Matryoshka","StrikeDummy","InkBottle","Peace Pipe","Toxic Egg 2"],"potions_floor_usage":[18,19,24,24,31],"damage_taken":[{"damage":1,"enemies":"Cultist","floor":1,"turns":3},{"damage":0,"enemies":"Small Slimes","floor":3,"turns":4},{"damage":4,"enemies":"Jaw Worm","floor":4,"turns":3},{"damage":11,"enemies":"Lots of Slimes","floor":7,"turns":4},{"damage":34,"enemies":"Gremlin Nob","floor":8,"turns":4},{"damage":5,"enemies":"Gremlin Gang","floor":12,"turns":5},{"damage":0,"enemies":"Exordium Wildlife","floor":13,"turns":2},{"damage":24,"enemies":"3 Sentries","floor":14,"turns":8},{"damage":18,"enemies":"The Guardian","floor":16,"turns":11},{"damage":18,"enemies":"2 Thieves","floor":18,"turns":3},{"damage":22,"enemies":"Shell Parasite","floor":19,"turns":4},{"damage":44,"enemies":"Slavers","floor":24,"turns":5},{"damage":32,"enemies":"Gremlin Leader","floor":28,"turns":4},{"damage":0,"enemies":"Centurion and Healer","floor":30,"turns":7},{"damage":25,"enemies":"Slavers","floor":31,"turns":2},{"damage":75,"enemies":"Champ","floor":33,"turns":16}],"seed_played":"2104712141677290206","potions_obtained":[{"floor":3,"key":"SpeedPotion"},{"floor":12,"key":"Weak Potion"},{"floor":18,"key":"Ancient Potion"},{"floor":19,"key":"AttackPotion"},{"floor":24,"key":"Ancient Potion"},{"floor":31,"key":"ElixirPotion"}],"is_trial":false,"path_per_floor":["M","T","M","M","$","R","M","E","T","?","R","M","M","E","R","B",null,"M","M","T","$","?","R","E","?","T","?","E","R","M","E","R","B"],"character_chosen":"IRONCLAD","items_purchased":["Headbutt","PreservedInsect","Shrug It Off"],"campfire_rested":1,"item_purchase_floors":[5,21,21],"current_hp_per_floor":[73,73,75,75,75,75,70,42,42,42,42,46,55,40,40,28,70,61,45,45,45,45,45,10,10,10,10,40,40,49,30,58,0],"gold":103,"neow_bonus":"THREE_CARDS","is_prod":false,"is_daily":false,"chose_seed":false,"campfire_upgraded":5,"win_rate":0,"timestamp":1605343907,"path_taken":["M","?","M","M","$","R","M","E","T","?","R","M","M","E","R","BOSS","M","M","?","$","?","R","E","?","T","?","E","R","M","E","R","BOSS"],"build_version":"2020-11-12","purchased_purges":1,"victory":false,"max_hp_per_floor":[75,75,75,75,75,75,75,75,75,75,75,78,81,84,84,84,84,87,87,87,87,87,87,90,90,90,90,93,93,96,96,96,96],"card_choices":[{"not_picked":["Second Wind","Ghostly Armor"],"picked":"Twin Strike","floor":0},{"not_picked":["Heavy Blade","Twin Strike"],"picked":"Thunderclap","floor":1},{"not_picked":["Wild Strike","Thunderclap","Heavy Blade"],"picked":"SKIP","floor":3},{"not_picked":["Thunderclap","Seeing Red","Wild Strike"],"picked":"SKIP","floor":4},{"not_picked":["Sever Soul","True Grit"],"picked":"Hemokinesis","floor":7},{"not_picked":["Clash","Second Wind"],"picked":"Feed","floor":8},{"not_picked":["Clash","Thunderclap"],"picked":"Shrug It Off","floor":12},{"not_picked":["Dual Wield","Headbutt","Thunderclap"],"picked":"SKIP","floor":13},{"not_picked":["Wild Strike","Second Wind","True Grit"],"picked":"SKIP","floor":14},{"not_picked":["Berserk","Double Tap"],"picked":"Immolate","floor":16},{"not_picked":["Combust","Flex","Searing Blow"],"picked":"SKIP","floor":18},{"not_picked":["Sever Soul","Heavy Blade","Cleave"],"picked":"SKIP","floor":19},{"not_picked":["Clothesline","Combust","Cleave"],"picked":"SKIP","floor":24},{"not_picked":["Ghostly Armor","Double Tap"],"picked":"Seeing Red","floor":28},{"not_picked":["Body Slam","Flex","Evolve"],"picked":"SKIP","floor":30},{"not_picked":["Clothesline","Perfected Strike"],"picked":"Battle Trance+1","floor":31}],"player_experience":2790309,"relics_obtained":[{"floor":2,"key":"Happy Flower"},{"floor":8,"key":"Juzu Bracelet"},{"floor":9,"key":"Ice Cream"},{"floor":10,"key":"Mummified Hand"},{"floor":14,"key":"Pocketwatch"},{"floor":20,"key":"Blue Candle"},{"floor":24,"key":"Thread and Needle"},{"floor":24,"key":"Lizard Tail"},{"floor":26,"key":"Matryoshka"},{"floor":28,"key":"StrikeDummy"},{"floor":28,"key":"InkBottle"},{"floor":31,"key":"Peace Pipe"},{"floor":31,"key":"Toxic Egg 2"}],"event_choices":[{"damage_healed":0,"gold_gain":0,"player_choice":"Relic","damage_taken":0,"max_hp_gain":0,"max_hp_loss":0,"event_name":"Wheel of Change","floor":10,"gold_loss":0},{"damage_healed":0,"gold_gain":0,"player_choice":"Ignored","damage_taken":0,"max_hp_gain":0,"max_hp_loss":0,"event_name":"The Mausoleum","floor":22,"gold_loss":0},{"damage_healed":0,"gold_gain":0,"player_choice":"Simplicity","damage_taken":0,"max_hp_gain":0,"max_hp_loss":0,"event_name":"Back to Basics","floor":25,"gold_loss":0,"cards_upgraded":["Strike_R","Strike_R","Strike_R","Strike_R","Defend_R","Defend_R","Defend_R","Defend_R"]},{"damage_healed":0,"gold_gain":0,"player_choice":"Copied","damage_taken":0,"max_hp_gain":0,"max_hp_loss":0,"event_name":"Duplicator","floor":27,"gold_loss":0,"cards_obtained":["Hemokinesis"]}],"is_beta":true,"boss_relics":[{"not_picked":["Fusion Hammer","Tiny House"],"picked":"Black Star"}],"items_purged_floors":[5],"is_endless":false,"potions_floor_spawned":[3,12,18,19,24,31],"killed_by":"Champ","ascension_level":20}