{"gold_per_floor":[110,122,122,122,35,60,60,93,93,111,124,152,152,167,167,242,242,255,274,291,160,160,160,210,210],"floor_reached":25,"playtime":4473,"items_purged":["Strike_R"],"score":542,"play_id":"e34b89e0-a152-4aa7-9ae0-e2dd7c119fd6","local_time":"20201117180011","is_ascension_mode":true,"campfire_choices":[{"data":"Armaments","floor":7,"key":"SMITH"},{"data":"Inflame","floor":13,"key":"SMITH"},{"data":"Heavy Blade","floor":15,"key":"SMITH"},{"data":"Fiend Fire","floor":23,"key":"SMITH"}],"neow_cost":"NONE","seed_source_timestamp":488418236190900,"circlet_count":0,"master_deck":["AscendersBane","Strike_R","Strike_R","Defend_R","Defend_R","Defend_R","Bash","Armaments+1","Heavy Blade+1","Inflame+1","Shockwave","Disarm","Twin Strike","Cleave","Fiend Fire+1","Inflame","Shrug It Off"],"relics":["Burning Blood","NeowsBlessing","The Courier","HornCleat","Bottled Tornado","Vajra","Empty Cage"],"potions_floor_usage":[11,25,25],"damage_taken":[{"damage":0,"enemies":"Small Slimes","floor":1,"turns":1},{"damage":0,"enemies":"Cultist","floor":2,"turns":1},{"damage":0,"enemies":"Gremlin Nob","floor":6,"turns":1},{"damage":50,"enemies":"3 Sentries","floor":8,"turns":8},{"damage":5,"enemies":"Jaw Worm","floor":10,"turns":4},{"damage":0,"enemies":"Lots of Slimes","floor":11,"turns":1},{"damage":0,"enemies":"Lagavulin","floor":12,"turns":7},{"damage":0,"enemies":"Blue Slaver","floor":14,"turns":3},{"damage":7,"enemies":"Hexaghost","floor":16,"turns":9},{"damage":16,"enemies":"3 Byrds","floor":18,"turns":5},{"damage":14,"enemies":"Chosen","floor":19,"turns":5},{"damage":12,"enemies":"Centurion and Healer","floor":20,"turns":7},{"damage":49,"enemies":"Slavers","floor":25,"turns":3}],"seed_played":"4033056797669067246","potions_obtained":[{"floor":6,"key":"SpeedPotion"},{"floor":10,"key":"AttackPotion"},{"floor":11,"key":"DistilledChaos"},{"floor":12,"key":"Explosive Potion"},{"floor":16,"key":"Strength Potion"}],"is_trial":false,"path_per_floor":["M","M","?","?","$","E","R","E","T","M","M","E","R","M","R","B",null,"M","M","M","$","?","R","?","E"],"character_chosen":"IRONCLAD","items_purchased":["Inflame","Inflame"],"campfire_rested":0,"item_purchase_floors":[5,21],"current_hp_per_floor":[74,75,75,75,75,75,75,31,31,32,38,44,44,50,50,49,69,59,51,45,45,45,45,45,0],"gold":210,"neow_bonus":"THREE_ENEMY_KILL","is_prod":false,"is_daily":false,"chose_seed":false,"campfire_upgraded":4,"win_rate":0,"timestamp":1605664811,"path_taken":["M","M","?","?","$","E","R","E","T","M","?","E","R","M","R","BOSS","M","M","M","$","?","R","?","E"],"build_version":"2020-11-12","purchased_purges":1,"victory":false,"max_hp_per_floor":[75,75,75,75,75,75,75,75,75,75,75,75,75,75,75,75,75,75,75,75,75,75,75,75,75],"card_choices":[{"not_picked":["Flex","Ghostly Armor"],"picked":"Armaments","floor":1},{"not_picked":["Clash","Burning Pact"],"picked":"Heavy Blade","floor":2},{"not_picked":["Pommel Strike","Bloodletting"],"picked":"Shockwave","floor":6},{"not_picked":["Body Slam","Dropkick"],"picked":"Disarm","floor":8},{"not_picked":["Body Slam","Havoc"],"picked":"Twin Strike","floor":10},{"not_picked":["Sentinel","Carnage","Clash"],"picked":"SKIP","floor":11},{"not_picked":["Corruption","Rupture"],"picked":"Cleave","floor":12},{"not_picked":["Armaments","Heavy Blade","Anger"],"picked":"SKIP","floor":14},{"not_picked":["Double Tap","Brutality"],"picked":"Fiend Fire","floor":16},{"not_picked":["Rupture","Iron Wave","Cleave"],"picked":"SKIP","floor":18},{"not_picked":["Pommel Strike","Clash","Wild Strike"],"picked":"SKIP","floor":19},{"not_picked":["Wild Strike","Warcry","Body Slam"],"picked":"SKIP","floor":20}],"player_experience":2858997,"relics_obtained":[{"floor":6,"key":"The Courier"},{"floor":8,"key":"HornCleat"},{"floor":9,"key":"Bottled Tornado"},{"floor":12,"key":"Vajra"}],"event_choices":[{"damage_healed":0,"gold_gain":0,"player_choice":"Leave","damage_taken":0,"max_hp_gain":0,"max_hp_loss":0,"event_name":"The Cleric","floor":3,"gold_loss":0},{"cards_removed":["Defend_R"],"damage_healed":0,"gold_gain":0,"player_choice":"Offered Basic","damage_taken":0,"max_hp_gain":0,"max_hp_loss":0,"event_name":"Bonfire Elementals","floor":4,"gold_loss":0},{"damage_healed":0,"gold_gain":0,"player_choice":"Read","damage_taken":0,"max_hp_gain":0,"max_hp_loss":0,"event_name":"The Library","floor":22,"gold_loss":0,"cards_obtained":["Shrug It Off"]},{"damage_healed":0,"gold_gain":50,"player_choice":"Stole From Cult","damage_taken":0,"max_hp_gain":0,"max_hp_loss":0,"event_name":"Nest","floor":24,"gold_loss":0}],"is_beta":true,"boss_relics":[{"not_picked":["Tiny House","Black Blood"],"picked":"Empty Cage"}],"items_purged_floors":[21],"is_endless":false,"potions_floor_spawned":[6,10,11,12,16],"killed_by":"Slavers","ascension_level":20}