{"gold_per_floor":[111,130,130,145,60,60,89,89,115,148,161,186,186,201,201,274,274,287,36,48,48,65,65,80,80,150,175,175,225,225,239,239,313,313,333,333,333,343,343],"floor_reached":39,"playtime":2759,"items_purged":["Strike_R"],"score":838,"play_id":"876b7fd7-9d23-4f8b-99da-85c5ee051d40","local_time":"20201113221347","is_ascension_mode":true,"campfire_choices":[{"data":"Uppercut","floor":8,"key":"SMITH"},{"floor":15,"key":"REST"},{"data":"Immolate","floor":23,"key":"SMITH"},{"data":"Demon Form","floor":25,"key":"SMITH"},{"data":"Dual Wield","floor":28,"key":"SMITH"},{"floor":30,"key":"REST"},{"floor":32,"key":"REST"}],"neow_cost":"PERCENT_DAMAGE","seed_source_timestamp":159745495379600,"circlet_count":0,"master_deck":["AscendersBane","Bash+1","Fiend Fire+1","Shrug It Off","Rampage","Pommel Strike","Uppercut+1","Battle Trance+1","Headbutt","Immolate+1","Reaper","Demon Form+1","Dual Wield+1","Reaper","Havoc","True Grit","Brutality","Inflame","Battle Trance","True Grit","Bloodletting","Apotheosis"],"relics":["Burning Blood","GremlinMask","War Paint","Juzu Bracelet","Vajra","Toy Ornithopter","Velvet Choker","InkBottle","Akabeko","Pandora\u0027s Box"],"potions_floor_usage":[7,10,16,16,22,33,38],"damage_taken":[{"damage":12,"enemies":"2 Louse","floor":1,"turns":3},{"damage":9,"enemies":"Cultist","floor":2,"turns":5},{"damage":4,"enemies":"Small Slimes","floor":4,"turns":3},{"damage":14,"enemies":"Lagavulin","floor":7,"turns":6},{"damage":16,"enemies":"3 Sentries","floor":10,"turns":8},{"damage":7,"enemies":"3 Louse","floor":11,"turns":4},{"damage":19,"enemies":"Gremlin Nob","floor":12,"turns":4},{"damage":6,"enemies":"Looter","floor":14,"turns":3},{"damage":24,"enemies":"Hexaghost","floor":16,"turns":9},{"damage":12,"enemies":"Shell Parasite","floor":18,"turns":4},{"damage":0,"enemies":"Chosen","floor":20,"turns":2},{"damage":9,"enemies":"Centurion and Healer","floor":22,"turns":5},{"damage":24,"enemies":"Snake Plant","floor":24,"turns":4},{"damage":57,"enemies":"Slavers","floor":27,"turns":5},{"damage":19,"enemies":"3 Cultists","floor":31,"turns":4},{"damage":45,"enemies":"Champ","floor":33,"turns":13},{"damage":37,"enemies":"Orb Walker","floor":35,"turns":4},{"damage":111,"enemies":"3 Shapes","floor":38,"turns":5},{"damage":71,"enemies":"Sphere and 2 Shapes","floor":39,"turns":5}],"seed_played":"7010136736174663830","potions_obtained":[{"floor":2,"key":"Dexterity Potion"},{"floor":4,"key":"Strength Potion"},{"floor":7,"key":"Dexterity Potion"},{"floor":14,"key":"Energy Potion"},{"floor":16,"key":"LiquidBronze"},{"floor":20,"key":"SkillPotion"},{"floor":22,"key":"SpeedPotion"},{"floor":33,"key":"SneckoOil"},{"floor":38,"key":"Weak Potion"}],"is_trial":false,"path_per_floor":["M","M","?","M","$","?","E","R","T","E","M","E","?","M","R","B",null,"M","$","M","?","M","R","M","R","T","E","R","?","R","M","R","B",null,"M","?","?","M","M"],"character_chosen":"IRONCLAD","items_purchased":["Uppercut","Reaper"],"campfire_rested":3,"item_purchase_floors":[5,19],"current_hp_per_floor":[44,41,41,43,43,43,35,35,35,25,24,11,11,11,33,25,63,57,57,63,42,71,71,69,69,69,18,18,18,42,36,60,80,80,80,80,70,71,0],"gold":343,"neow_bonus":"THREE_RARE_CARDS","is_prod":false,"is_daily":false,"chose_seed":false,"campfire_upgraded":4,"win_rate":0,"timestamp":1605334427,"path_taken":["M","M","?","M","$","?","E","R","T","E","M","E","?","M","R","BOSS","M","?","M","?","M","R","M","R","T","E","R","?","R","M","R","BOSS","M","?","?","M","M"],"build_version":"2020-11-12","purchased_purges":1,"victory":false,"max_hp_per_floor":[75,75,75,75,75,75,75,75,75,75,75,75,75,75,75,75,75,75,75,75,80,80,80,80,80,80,80,80,80,80,80,80,80,80,80,80,80,80,80],"card_choices":[{"not_picked":["Limit Break","Exhume"],"picked":"Fiend Fire","floor":0},{"not_picked":["Iron Wave","Intimidate"],"picked":"Shrug It Off","floor":1},{"not_picked":["Sword Boomerang","Shrug It Off"],"picked":"Rampage","floor":2},{"not_picked":["Anger","Heavy Blade"],"picked":"Pommel Strike","floor":4},{"not_picked":["Reckless Charge","Pummel"],"picked":"Battle Trance","floor":7},{"not_picked":["Uppercut","Bloodletting"],"picked":"Headbutt","floor":10},{"not_picked":["Headbutt","Sword Boomerang","Twin Strike"],"picked":"SKIP","floor":11},{"not_picked":["Brutality","Thunderclap","Sword Boomerang"],"picked":"SKIP","floor":12},{"not_picked":["Clash","Sword Boomerang","Cleave"],"picked":"SKIP","floor":14},{"not_picked":["Offering","Barricade"],"picked":"Immolate","floor":16},{"not_picked":["Blood for Blood","Pommel Strike","Headbutt"],"picked":"SKIP","floor":18},{"not_picked":["Perfected Strike+1","Clothesline"],"picked":"Demon Form","floor":20},{"not_picked":["Heavy Blade","Fire Breathing","Body Slam"],"picked":"SKIP","floor":22},{"not_picked":["Inflame","Twin Strike","Dropkick"],"picked":"SKIP","floor":24},{"not_picked":["Warcry","Havoc"],"picked":"Dual Wield","floor":27},{"not_picked":["Perfected Strike","Ghostly Armor","Anger"],"picked":"SKIP","floor":31},{"not_picked":["Barricade","Fiend Fire"],"picked":"Reaper","floor":33},{"not_picked":["Whirlwind","Havoc","Pommel Strike"],"picked":"SKIP","floor":35},{"not_picked":["Impatience","Good Instincts"],"picked":"Apotheosis","floor":37},{"not_picked":["Thunderclap","Anger","Spot Weakness"],"picked":"SKIP","floor":38}],"player_experience":2785635,"relics_obtained":[{"floor":7,"key":"War Paint"},{"floor":9,"key":"Juzu Bracelet"},{"floor":10,"key":"Vajra"},{"floor":12,"key":"Toy Ornithopter"},{"floor":26,"key":"InkBottle"},{"floor":27,"key":"Akabeko"}],"event_choices":[{"damage_healed":0,"gold_gain":0,"player_choice":"Grow","damage_taken":0,"max_hp_gain":0,"max_hp_loss":0,"event_name":"Living Wall","floor":3,"gold_loss":0,"cards_upgraded":["Fiend Fire"]},{"damage_healed":0,"gold_gain":0,"player_choice":"Trade","damage_taken":0,"relics_obtained":["GremlinMask"],"max_hp_gain":0,"max_hp_loss":0,"event_name":"FaceTrader","floor":6,"gold_loss":0},{"damage_healed":0,"gold_gain":0,"player_choice":"Upgraded","damage_taken":0,"max_hp_gain":0,"max_hp_loss":0,"event_name":"Upgrade Shrine","floor":13,"gold_loss":0,"cards_upgraded":["Bash"]},{"damage_healed":0,"gold_gain":0,"player_choice":"Shed Blood","damage_taken":26,"max_hp_gain":5,"max_hp_loss":0,"event_name":"Forgotten Altar","floor":21,"gold_loss":0},{"damage_healed":0,"gold_gain":50,"player_choice":"Stole From Cult","damage_taken":0,"max_hp_gain":0,"max_hp_loss":0,"event_name":"Nest","floor":29,"gold_loss":0},{"cards_removed":["Power Through"],"damage_healed":0,"gold_gain":0,"player_choice":"Removed Skill","damage_taken":0,"max_hp_gain":0,"max_hp_loss":0,"event_name":"Falling","floor":36,"gold_loss":0},{"damage_healed":0,"gold_gain":0,"player_choice":"Memory 3","damage_taken":10,"max_hp_gain":0,"max_hp_loss":0,"event_name":"SensoryStone","floor":37,"gold_loss":0}],"is_beta":true,"boss_relics":[{"not_picked":["Busted Crown","Fusion Hammer"],"picked":"Velvet Choker"},{"not_picked":["Runic Cube","Cursed Key"],"picked":"Pandora\u0027s Box"}],"items_purged_floors":[19],"is_endless":false,"potions_floor_spawned":[2,4,7,14,16,20,22,27,33,38],"killed_by":"Sphere and 2 Shapes","ascension_level":20}