{"gold_per_floor":[110,80,98,109,119,151,151,168,195,120,120,147,147,181,181,181],"floor_reached":16,"playtime":925,"items_purged":["Strike_R"],"score":240,"play_id":"6bc54cf2-7cf1-4948-bf6d-9fab03903720","local_time":"20201112222124","is_ascension_mode":true,"campfire_choices":[{"data":"Uppercut","floor":7,"key":"SMITH"},{"data":"Inflame","floor":11,"key":"SMITH"},{"data":"Body Slam","floor":15,"key":"SMITH"}],"neow_cost":"NONE","seed_source_timestamp":75636493009600,"circlet_count":0,"master_deck":["AscendersBane","Strike_R","Strike_R+1","Strike_R","Defend_R","Defend_R","Defend_R","Defend_R","Bash+1","Wild Strike+1","Uppercut+1","Second Wind","Metallicize","Inflame+1","Feel No Pain","Body Slam+1"],"relics":["Burning Blood","Matryoshka","MealTicket","Whetstone","Nunchaku","Pantograph"],"potions_floor_usage":[6,12,14,16],"damage_taken":[{"damage":7,"enemies":"Small Slimes","floor":1,"turns":3},{"damage":6,"enemies":"Cultist","floor":3,"turns":3},{"damage":12,"enemies":"Jaw Worm","floor":4,"turns":4},{"damage":12,"enemies":"Looter","floor":5,"turns":3},{"damage":32,"enemies":"Gremlin Nob","floor":6,"turns":4},{"damage":9,"enemies":"3 Louse","floor":8,"turns":4},{"damage":14,"enemies":"Lagavulin","floor":12,"turns":7},{"damage":22,"enemies":"3 Sentries","floor":14,"turns":12},{"damage":70,"enemies":"Slime Boss","floor":16,"turns":7}],"seed_played":"1931039688020871948","potions_obtained":[{"floor":2,"key":"Regen Potion"},{"floor":2,"key":"EssenceOfSteel"},{"floor":6,"key":"Weak Potion"},{"floor":12,"key":"BloodPotion"}],"is_trial":false,"path_per_floor":["M","?","M","M","M","E","R","M","T","$","R","E","?","E","R","B"],"character_chosen":"IRONCLAD","items_purchased":[],"campfire_rested":0,"item_purchase_floors":[],"current_hp_per_floor":[67,67,67,61,55,41,41,38,38,53,53,45,45,29,29,0],"gold":181,"neow_bonus":"UPGRADE_CARD","is_prod":false,"is_daily":false,"chose_seed":false,"campfire_upgraded":3,"win_rate":0,"timestamp":1605248484,"path_taken":["M","?","M","?","M","E","R","M","T","$","R","E","?","E","R","BOSS"],"build_version":"2020-11-10","purchased_purges":1,"victory":false,"max_hp_per_floor":[75,75,75,75,75,75,75,75,75,75,75,75,75,75,75,75],"card_choices":[{"not_picked":["Body Slam","Clash","Armaments"],"picked":"SKIP","floor":1},{"not_picked":["Cleave","True Grit"],"picked":"Wild Strike","floor":3},{"not_picked":["Intimidate","Anger"],"picked":"Uppercut","floor":4},{"not_picked":["Ghostly Armor","Wild Strike"],"picked":"Second Wind","floor":5},{"not_picked":["Shrug It Off","Wild Strike"],"picked":"Metallicize","floor":6},{"not_picked":["Dual Wield","Anger"],"picked":"Inflame","floor":8},{"not_picked":["Twin Strike","Metallicize","Wild Strike"],"picked":"SKIP","floor":12},{"not_picked":["Burning Pact","Anger"],"picked":"Body Slam","floor":14}],"player_experience":2770963,"relics_obtained":[{"floor":6,"key":"Matryoshka"},{"floor":9,"key":"MealTicket"},{"floor":9,"key":"Whetstone"},{"floor":12,"key":"Nunchaku"},{"floor":14,"key":"Pantograph"}],"event_choices":[{"damage_healed":0,"gold_gain":0,"player_choice":"Bought 2 Potions","damage_taken":0,"max_hp_gain":0,"max_hp_loss":0,"event_name":"The Woman in Blue","floor":2,"gold_loss":0},{"damage_healed":0,"gold_gain":0,"cards_transformed":["Strike_R"],"player_choice":"Change","damage_taken":0,"max_hp_gain":0,"max_hp_loss":0,"event_name":"Living Wall","floor":13,"gold_loss":0,"cards_obtained":["Feel No Pain"]}],"is_beta":true,"boss_relics":[],"items_purged_floors":[10],"is_endless":false,"potions_floor_spawned":[4,6,8,12],"killed_by":"Slime Boss","ascension_level":20}