{"gold_per_floor":[111,130,130,130,130,130,166,166,166,166,179,202,127,166,166,264,264,285,299,299,320,370,370,370],"floor_reached":24,"playtime":1264,"items_purged":[],"score":458,"play_id":"b3fbed40-c9dc-469a-a069-d0088ac4291e","local_time":"20201113212625","is_ascension_mode":true,"campfire_choices":[{"data":"Inflame","floor":6,"key":"SMITH"},{"data":"Bash","floor":8,"key":"SMITH"},{"floor":10,"key":"REST"},{"data":"Combust","floor":15,"key":"SMITH"},{"floor":23,"key":"REST"}],"neow_cost":"NONE","seed_source_timestamp":158398675485800,"circlet_count":0,"master_deck":["AscendersBane","Strike_R+1","Strike_R+1","Strike_R+1","Strike_R+1","Strike_R+1","Defend_R+1","Defend_R+1","Defend_R+1","Defend_R+1","Bash+1","Inflame+1","Battle Trance","Rampage","Combust+1","Feed","Sword Boomerang+1","Disarm"],"relics":["Burning Blood","NeowsBlessing","Golden Idol","WarpedTongs","Ginger","Mercury Hourglass","InkBottle","Black Star"],"potions_floor_usage":[7,14,21,21],"damage_taken":[{"damage":0,"enemies":"2 Louse","floor":1,"turns":1},{"damage":0,"enemies":"Small Slimes","floor":2,"turns":1},{"damage":0,"enemies":"Lagavulin","floor":7,"turns":2},{"damage":1,"enemies":"Cultist","floor":11,"turns":3},{"damage":5,"enemies":"3 Louse","floor":12,"turns":2},{"damage":22,"enemies":"3 Sentries","floor":14,"turns":6},{"damage":31,"enemies":"The Guardian","floor":16,"turns":11},{"damage":35,"enemies":"2 Thieves","floor":18,"turns":4},{"damage":39,"enemies":"Shell Parasite","floor":19,"turns":5},{"damage":11,"enemies":"Centurion and Healer","floor":21,"turns":4},{"damage":39,"enemies":"Slavers","floor":24,"turns":3}],"seed_played":"-7191223229278090767","potions_obtained":[{"floor":1,"key":"Fruit Juice"},{"floor":2,"key":"Fire Potion"},{"floor":7,"key":"AttackPotion"},{"floor":14,"key":"ElixirPotion"},{"floor":18,"key":"SpeedPotion"}],"is_trial":false,"path_per_floor":["M","M","?","?","?","R","E","R","T","R","M","M","?","E","R","B",null,"M","M","?","M","?","R","E"],"character_chosen":"IRONCLAD","items_purchased":[],"campfire_rested":2,"item_purchase_floors":[],"current_hp_per_floor":[74,75,49,26,26,26,37,37,37,61,66,67,67,51,51,26,67,41,12,12,10,10,37,0],"gold":370,"neow_bonus":"THREE_ENEMY_KILL","is_prod":false,"is_daily":false,"chose_seed":false,"campfire_upgraded":3,"win_rate":0,"timestamp":1605331585,"path_taken":["M","M","?","?","?","R","E","R","T","R","M","?","?","E","R","BOSS","M","M","?","M","?","R","E"],"build_version":"2020-11-12","purchased_purges":0,"victory":false,"max_hp_per_floor":[75,75,75,75,75,75,80,80,80,80,80,80,80,80,80,80,80,83,87,87,90,90,90,90],"card_choices":[{"not_picked":["Blood for Blood","Dropkick","Armaments"],"picked":"SKIP","floor":1},{"not_picked":["Flame Barrier","Pommel Strike"],"picked":"Inflame","floor":2},{"not_picked":["Dropkick","Flex"],"picked":"Battle Trance","floor":7},{"not_picked":["Searing Blow","Iron Wave"],"picked":"Rampage","floor":11},{"not_picked":["Armaments","Intimidate","Cleave"],"picked":"SKIP","floor":12},{"not_picked":["Clothesline","Cleave"],"picked":"Combust","floor":14},{"not_picked":["Offering","Demon Form"],"picked":"Feed","floor":16},{"not_picked":["Entrench","Burning Pact"],"picked":"Sword Boomerang+1","floor":18},{"not_picked":["Twin Strike","Headbutt","Havoc"],"picked":"SKIP","floor":19},{"not_picked":["Anger","Flex"],"picked":"Disarm","floor":21}],"player_experience":2784371,"relics_obtained":[{"floor":7,"key":"Ginger"},{"floor":9,"key":"Mercury Hourglass"},{"floor":14,"key":"InkBottle"}],"event_choices":[{"damage_healed":0,"gold_gain":0,"player_choice":"Take Damage","damage_taken":26,"relics_obtained":["Golden Idol"],"max_hp_gain":0,"max_hp_loss":0,"event_name":"Golden Idol","floor":3,"gold_loss":0},{"damage_healed":0,"gold_gain":0,"player_choice":"Entered Light","damage_taken":23,"max_hp_gain":0,"max_hp_loss":0,"event_name":"Shining Light","floor":4,"gold_loss":0,"cards_upgraded":["Defend_R","Strike_R"]},{"damage_healed":0,"gold_gain":0,"player_choice":"Rummage","damage_taken":0,"relics_obtained":["WarpedTongs"],"max_hp_gain":0,"max_hp_loss":0,"event_name":"Accursed Blacksmith","floor":5,"gold_loss":0,"cards_obtained":["Pain"]},{"cards_removed":["Pain"],"damage_healed":0,"gold_gain":0,"player_choice":"Card Removal","damage_taken":0,"max_hp_gain":0,"max_hp_loss":0,"event_name":"The Cleric","floor":13,"gold_loss":75},{"damage_healed":0,"gold_gain":0,"player_choice":"Simplicity","damage_taken":0,"max_hp_gain":0,"max_hp_loss":0,"event_name":"Back to Basics","floor":20,"gold_loss":0,"cards_upgraded":["Strike_R","Strike_R","Strike_R","Strike_R","Defend_R","Defend_R","Defend_R"]},{"damage_healed":0,"gold_gain":50,"player_choice":"Stole From Cult","damage_taken":0,"max_hp_gain":0,"max_hp_loss":0,"event_name":"Nest","floor":22,"gold_loss":0}],"is_beta":true,"boss_relics":[{"not_picked":["Empty Cage","Philosopher\u0027s Stone"],"picked":"Black Star"}],"items_purged_floors":[],"is_endless":false,"potions_floor_spawned":[1,2,7,14,18],"killed_by":"Slavers","ascension_level":20}