{"gold_per_floor":[119,132,207,223,223,223,173,201,227,252,252,262,262,276,276,276],"floor_reached":16,"playtime":1177,"items_purged":["Strike_R"],"score":220,"play_id":"6bf49781-1230-4f1d-8201-3a2a0d2b735a","local_time":"20201115223356","is_ascension_mode":true,"campfire_choices":[{"data":"Armaments","floor":6,"key":"SMITH"},{"data":"Hemokinesis","floor":13,"key":"SMITH"},{"data":"Rage","floor":15,"key":"SMITH"}],"neow_cost":"NONE","seed_source_timestamp":335338924536200,"circlet_count":0,"master_deck":["AscendersBane","Strike_R","Strike_R","Strike_R","Strike_R","Defend_R","Defend_R","Defend_R","Defend_R","Bash+1","Twin Strike","Headbutt","Armaments+1","Offering","Hemokinesis+1","Shrug It Off","Rage+1"],"relics":["Burning Blood","Smiling Mask","Art of War","Akabeko","Frozen Egg 2"],"potions_floor_usage":[8,12,16],"damage_taken":[{"damage":4,"enemies":"2 Louse","floor":1,"turns":4},{"damage":15,"enemies":"Small Slimes","floor":2,"turns":4},{"damage":7,"enemies":"Jaw Worm","floor":4,"turns":3},{"damage":27,"enemies":"Lagavulin","floor":8,"turns":6},{"damage":14,"enemies":"Gremlin Nob","floor":10,"turns":3},{"damage":7,"enemies":"Lots of Slimes","floor":12,"turns":5},{"damage":2,"enemies":"Looter","floor":14,"turns":1},{"damage":42,"enemies":"Hexaghost","floor":16,"turns":7}],"seed_played":"-5194693649745643192","potions_obtained":[{"floor":1,"key":"PowerPotion"},{"floor":4,"key":"BloodPotion"},{"floor":10,"key":"Swift Potion"}],"is_trial":false,"path_per_floor":["M","M","?","M","?","R","$","E","T","E","?","M","R","M","R","B"],"character_chosen":"IRONCLAD","items_purchased":[],"campfire_rested":0,"item_purchase_floors":[],"current_hp_per_floor":[70,61,50,49,49,49,49,28,28,20,20,19,19,23,23,0],"gold":276,"neow_bonus":"RANDOM_COMMON_RELIC","is_prod":false,"is_daily":false,"chose_seed":false,"campfire_upgraded":3,"win_rate":0,"timestamp":1605508436,"path_taken":["M","M","?","M","?","R","$","E","T","E","?","M","R","M","R","BOSS"],"build_version":"2020-11-12","purchased_purges":1,"victory":false,"max_hp_per_floor":[75,75,75,75,75,75,75,75,75,75,75,75,75,75,75,75],"card_choices":[{"not_picked":["Armaments","Shrug It Off"],"picked":"Twin Strike","floor":1},{"not_picked":["Burning Pact","Disarm"],"picked":"Headbutt","floor":2},{"not_picked":["Blood for Blood","Clash"],"picked":"Armaments","floor":4},{"not_picked":["Whirlwind","Iron Wave"],"picked":"Offering","floor":8},{"not_picked":["Heavy Blade","Sentinel"],"picked":"Hemokinesis","floor":10},{"not_picked":["Bloodletting","Twin Strike","Armaments"],"picked":"SKIP","floor":12},{"not_picked":["Sword Boomerang","Blood for Blood"],"picked":"Rage","floor":14}],"player_experience":2836415,"relics_obtained":[{"floor":8,"key":"Art of War"},{"floor":9,"key":"Akabeko"},{"floor":10,"key":"Frozen Egg 2"}],"event_choices":[{"damage_healed":0,"gold_gain":75,"player_choice":"Gather Gold","damage_taken":11,"max_hp_gain":0,"max_hp_loss":0,"event_name":"World of Goop","floor":3,"gold_loss":0},{"damage_healed":0,"gold_gain":0,"player_choice":"Grow","damage_taken":0,"max_hp_gain":0,"max_hp_loss":0,"event_name":"Living Wall","floor":5,"gold_loss":0,"cards_upgraded":["Bash"]},{"damage_healed":0,"gold_gain":0,"player_choice":"1 cards matched","damage_taken":0,"max_hp_gain":0,"max_hp_loss":0,"event_name":"Match and Keep!","floor":11,"gold_loss":0,"cards_obtained":["Shrug It Off"]}],"is_beta":true,"boss_relics":[],"items_purged_floors":[7],"is_endless":false,"potions_floor_spawned":[1,4,10],"killed_by":"Hexaghost","ascension_level":20}