{"gold_per_floor":[110,185,185,205,205,237,237,253,280,280,306,306,69,89,89,89],"floor_reached":16,"playtime":701,"items_purged":["Strike_R"],"score":266,"play_id":"c796ccc3-840d-4ee0-a8d7-3353451e5350","local_time":"20201119145413","is_ascension_mode":true,"campfire_choices":[{"data":"Combust","floor":7,"key":"SMITH"},{"data":"Bash","floor":10,"key":"SMITH"},{"data":"Pommel Strike","floor":12,"key":"SMITH"},{"data":"Clothesline","floor":15,"key":"SMITH"}],"neow_cost":"NONE","seed_source_timestamp":653834495599600,"circlet_count":0,"master_deck":["AscendersBane","Strike_R","Strike_R","Strike_R","Strike_R","Defend_R","Defend_R","Defend_R","Defend_R","Bash+1","Pommel Strike+1","Combust+1","Clothesline+1"],"relics":["Burning Blood","NeowsBlessing","Strawberry","FaceOfCleric","PreservedInsect","CeramicFish","Champion Belt","Medical Kit"],"potions_floor_usage":[16,16],"damage_taken":[{"damage":0,"enemies":"Jaw Worm","floor":1,"turns":1},{"damage":0,"enemies":"Small Slimes","floor":4,"turns":1},{"damage":0,"enemies":"3 Sentries","floor":6,"turns":1},{"damage":3,"enemies":"2 Louse","floor":8,"turns":3},{"damage":8,"enemies":"Gremlin Nob","floor":11,"turns":3},{"damage":42,"enemies":"Gremlin Gang","floor":14,"turns":3},{"damage":51,"enemies":"The Guardian","floor":16,"turns":10}],"seed_played":"6964877545963200493","potions_obtained":[{"floor":8,"key":"Energy Potion"},{"floor":11,"key":"Fruit Juice"}],"is_trial":false,"path_per_floor":["M","?","?","M","?","E","R","M","T","R","E","R","$","M","R","B"],"character_chosen":"IRONCLAD","items_purchased":["Medical Kit"],"campfire_rested":0,"item_purchase_floors":[13],"current_hp_per_floor":[74,63,65,71,71,78,78,82,82,82,81,81,81,46,46,0],"gold":89,"neow_bonus":"THREE_ENEMY_KILL","is_prod":false,"is_daily":false,"chose_seed":false,"campfire_upgraded":4,"win_rate":0,"timestamp":1605826453,"path_taken":["M","?","?","M","?","E","R","?","T","R","E","R","$","M","R","BOSS"],"build_version":"2020-11-17","purchased_purges":1,"victory":false,"max_hp_per_floor":[75,75,82,82,82,83,83,84,84,84,85,85,85,86,86,91],"card_choices":[{"not_picked":["Warcry","Body Slam"],"picked":"Pommel Strike","floor":1},{"not_picked":["Sword Boomerang","Anger","Dual Wield"],"picked":"SKIP","floor":4},{"not_picked":["Cleave","Bloodletting"],"picked":"Combust","floor":6},{"not_picked":["Headbutt","Heavy Blade"],"picked":"Clothesline","floor":8},{"not_picked":["Combust","Power Through","Sentinel"],"picked":"SKIP","floor":11},{"not_picked":["Warcry","Anger","Clothesline"],"picked":"SKIP","floor":14}],"player_experience":2876890,"relics_obtained":[{"floor":6,"key":"PreservedInsect"},{"floor":9,"key":"CeramicFish"},{"floor":11,"key":"Champion Belt"}],"event_choices":[{"damage_healed":0,"gold_gain":75,"player_choice":"Gather Gold","damage_taken":11,"max_hp_gain":0,"max_hp_loss":0,"event_name":"World of Goop","floor":2,"gold_loss":0},{"damage_healed":0,"gold_gain":0,"player_choice":"Success","damage_taken":5,"relics_obtained":["Strawberry"],"max_hp_gain":0,"max_hp_loss":0,"event_name":"Scrap Ooze","floor":3,"gold_loss":0},{"damage_healed":0,"gold_gain":0,"player_choice":"Trade","damage_taken":0,"relics_obtained":["FaceOfCleric"],"max_hp_gain":0,"max_hp_loss":0,"event_name":"FaceTrader","floor":5,"gold_loss":0}],"is_beta":true,"boss_relics":[],"items_purged_floors":[13],"is_endless":false,"potions_floor_spawned":[8,11],"killed_by":"The Guardian","ascension_level":20}