{"gold_per_floor":[116,127,141,156,156,156,179,179,248,288,338,338,362,396,396,396],"floor_reached":16,"playtime":611,"items_purged":[],"score":224,"play_id":"b7799c5d-84cd-46f5-bc4f-43f5d5d502dd","local_time":"20201116153401","is_ascension_mode":true,"campfire_choices":[{"floor":6,"key":"RECALL"},{"floor":8,"key":"REST"},{"floor":12,"key":"REST"},{"floor":15,"key":"REST"}],"neow_cost":"NONE","seed_source_timestamp":397110694515200,"circlet_count":0,"master_deck":["AscendersBane","Strike_R","Strike_R","Strike_R","Strike_R","Strike_R","Defend_R","Defend_R","Defend_R","Defend_R","Bash","Disarm","Combust","Power Through","Thunderclap","Cleave+1","Inflame","Heavy Blade+1"],"relics":["Fusion Hammer","Golden Idol","Molten Egg 2","CaptainsWheel","Potion Belt"],"potions_floor_usage":[10,10,16],"damage_taken":[{"damage":0,"enemies":"Cultist","floor":1,"turns":3},{"damage":0,"enemies":"Small Slimes","floor":2,"turns":2},{"damage":9,"enemies":"2 Louse","floor":3,"turns":3},{"damage":12,"enemies":"Red Slaver","floor":4,"turns":4},{"damage":22,"enemies":"Exordium Thugs","floor":7,"turns":5},{"damage":44,"enemies":"Gremlin Nob","floor":10,"turns":5},{"damage":6,"enemies":"Looter","floor":13,"turns":3},{"damage":13,"enemies":"3 Sentries","floor":14,"turns":5},{"damage":23,"enemies":"Hexaghost","floor":16,"turns":8}],"seed_played":"-1035374733143869499","potions_obtained":[{"floor":2,"key":"Energy Potion"},{"floor":3,"key":"CultistPotion"},{"floor":10,"key":"SmokeBomb"},{"floor":13,"key":"FearPotion"}],"is_trial":false,"path_per_floor":["M","M","M","M","?","R","M","R","T","E","?","R","M","E","R","B"],"character_chosen":"IRONCLAD","items_purchased":[],"campfire_rested":3,"item_purchase_floors":[],"current_hp_per_floor":[68,68,59,47,47,47,25,45,45,1,1,21,15,2,22,0],"gold":396,"neow_bonus":"BOSS_RELIC","is_prod":false,"is_daily":false,"chose_seed":false,"campfire_upgraded":0,"win_rate":0,"timestamp":1605569641,"path_taken":["M","M","M","?","?","R","M","R","T","E","?","R","M","E","R","BOSS"],"build_version":"2020-11-12","purchased_purges":0,"victory":false,"max_hp_per_floor":[75,75,75,75,68,68,68,68,68,68,68,68,68,68,68,68],"card_choices":[{"not_picked":["Clash","Metallicize"],"picked":"Disarm","floor":1},{"not_picked":["Cleave","Anger"],"picked":"Combust","floor":2},{"not_picked":["Fire Breathing","Intimidate","Warcry"],"picked":"SKIP","floor":3},{"not_picked":["Iron Wave","Blood for Blood"],"picked":"Power Through","floor":4},{"not_picked":["Feel No Pain","Clash"],"picked":"Thunderclap","floor":7},{"not_picked":["Blood for Blood+1","Intimidate"],"picked":"Cleave+1","floor":10},{"not_picked":["Sever Soul+1","Thunderclap+1"],"picked":"Inflame","floor":13},{"not_picked":["Warcry","Twin Strike+1"],"picked":"Heavy Blade+1","floor":14}],"player_experience":2847776,"relics_obtained":[{"floor":9,"key":"Molten Egg 2"},{"floor":10,"key":"CaptainsWheel"},{"floor":14,"key":"Potion Belt"}],"event_choices":[{"damage_healed":0,"gold_gain":0,"player_choice":"Lose Max HP","damage_taken":0,"relics_obtained":["Golden Idol"],"max_hp_gain":0,"max_hp_loss":7,"event_name":"Golden Idol","floor":5,"gold_loss":0},{"damage_healed":0,"gold_gain":50,"player_choice":"Pray","damage_taken":0,"max_hp_gain":0,"max_hp_loss":0,"event_name":"Golden Shrine","floor":11,"gold_loss":0}],"is_beta":true,"boss_relics":[],"items_purged_floors":[],"is_endless":false,"potions_floor_spawned":[2,3,10,13],"killed_by":"Hexaghost","ascension_level":20}