{"gold_per_floor":[365,377,393,2,15,47,47,47,73,117,128,139,165,165,174,255,255,268,51,62,62,62],"floor_reached":22,"playtime":1915,"items_purged":["Shame","Strike_R"],"score":396,"play_id":"f3bb4aeb-f4ff-45fa-abf3-f62a9aa0fd94","local_time":"20201114000915","is_ascension_mode":true,"campfire_choices":[{"data":"Clothesline","floor":7,"key":"SMITH"},{"floor":15,"key":"REST"}],"neow_cost":"CURSE","seed_source_timestamp":167516693505700,"circlet_count":0,"master_deck":["AscendersBane","Strike_R","Strike_R","Strike_R","Defend_R","Defend_R+1","Defend_R","Defend_R+1","Bash","Clothesline+1","Cleave","Metallicize","Disarm","Barricade","Offering","Carnage","Shrug It Off"],"relics":["Burning Blood","Magic Flower","War Paint","Dream Catcher","CeramicFish","Akabeko","Snecko Eye"],"potions_floor_usage":[10,22],"damage_taken":[{"damage":9,"enemies":"Cultist","floor":1,"turns":4},{"damage":2,"enemies":"Jaw Worm","floor":2,"turns":5},{"damage":22,"enemies":"Small Slimes","floor":3,"turns":4},{"damage":15,"enemies":"Red Slaver","floor":5,"turns":5},{"damage":35,"enemies":"3 Sentries","floor":6,"turns":8},{"damage":14,"enemies":"Gremlin Nob","floor":10,"turns":4},{"damage":8,"enemies":"3 Louse","floor":11,"turns":4},{"damage":5,"enemies":"Large Slime","floor":12,"turns":5},{"damage":2,"enemies":"Exordium Wildlife","floor":13,"turns":4},{"damage":22,"enemies":"The Guardian","floor":16,"turns":17},{"damage":17,"enemies":"2 Thieves","floor":18,"turns":4},{"damage":7,"enemies":"3 Byrds","floor":20,"turns":7},{"damage":59,"enemies":"3 Cultists","floor":22,"turns":6}],"seed_played":"-5418514215879675805","potions_obtained":[{"floor":2,"key":"Block Potion"},{"floor":6,"key":"ElixirPotion"},{"floor":11,"key":"Explosive Potion"},{"floor":16,"key":"Strength Potion"}],"is_trial":false,"path_per_floor":["M","M","M","$","M","E","R","?","T","E","M","M","M","?","R","B",null,"M","$","M","?","M"],"character_chosen":"IRONCLAD","items_purchased":["Magic Flower","Carnage","Shrug It Off"],"campfire_rested":1,"item_purchase_floors":[4,19,19],"current_hp_per_floor":[65,69,53,53,47,21,21,21,21,16,17,21,28,23,45,32,64,56,56,58,58,0],"gold":62,"neow_bonus":"TWO_FIFTY_GOLD","is_prod":false,"is_daily":false,"chose_seed":false,"campfire_upgraded":1,"win_rate":0,"timestamp":1605341355,"path_taken":["M","M","?","$","M","E","R","?","T","E","M","M","?","?","R","BOSS","M","$","M","?","M"],"build_version":"2020-11-12","purchased_purges":2,"victory":false,"max_hp_per_floor":[75,75,75,75,75,75,75,75,75,75,75,75,75,75,75,75,75,75,75,75,75,75],"card_choices":[{"not_picked":["Pummel","Sentinel"],"picked":"Clothesline","floor":1},{"not_picked":["Shrug It Off","Whirlwind"],"picked":"Cleave","floor":2},{"not_picked":["Havoc","Feel No Pain"],"picked":"Anger","floor":3},{"not_picked":["Clothesline","Cleave","Infernal Blade"],"picked":"SKIP","floor":5},{"not_picked":["Body Slam","Blood for Blood","Heavy Blade"],"picked":"SKIP","floor":6},{"not_picked":["Body Slam","Blood for Blood","Heavy Blade"],"picked":"SKIP","floor":6},{"not_picked":["Rampage","Armaments"],"picked":"Metallicize","floor":10},{"not_picked":["Anger","Double Tap","Armaments"],"picked":"SKIP","floor":11},{"not_picked":["Wild Strike","Intimidate","Sever Soul"],"picked":"SKIP","floor":12},{"not_picked":["Fire Breathing","Iron Wave"],"picked":"Disarm","floor":13},{"not_picked":["Flex","Iron Wave"],"picked":"Barricade","floor":15},{"not_picked":["Demon Form","Impervious"],"picked":"Offering","floor":16},{"not_picked":["Iron Wave","Wild Strike","Twin Strike"],"picked":"SKIP","floor":18},{"not_picked":["Sword Boomerang","Pommel Strike","Ghostly Armor"],"picked":"SKIP","floor":20}],"player_experience":2788394,"relics_obtained":[{"floor":6,"key":"War Paint"},{"floor":9,"key":"Dream Catcher"},{"floor":10,"key":"CeramicFish"}],"event_choices":[{"cards_removed":["Strike_R"],"damage_healed":0,"gold_gain":0,"player_choice":"Purged","damage_taken":0,"max_hp_gain":0,"max_hp_loss":0,"event_name":"Purifier","floor":8,"gold_loss":0},{"damage_healed":0,"gold_gain":0,"player_choice":"Success","damage_taken":5,"relics_obtained":["Akabeko"],"max_hp_gain":0,"max_hp_loss":0,"event_name":"Scrap Ooze","floor":14,"gold_loss":0},{"cards_removed":["Anger"],"damage_healed":0,"gold_gain":0,"player_choice":"Purged","damage_taken":0,"max_hp_gain":0,"max_hp_loss":0,"event_name":"Purifier","floor":21,"gold_loss":0}],"is_beta":true,"boss_relics":[{"not_picked":["Runic Cube","Runic Dome"],"picked":"Snecko Eye"}],"items_purged_floors":[4,19],"is_endless":false,"potions_floor_spawned":[2,6,11,12,16],"killed_by":"3 Cultists","ascension_level":20}