{"gold_per_floor":[109,120,135,148,158,158,191,202,229,64,82,97,97,128,128,201,201,215,215,215,233,233,233,252,252,328,345,345,2,2,27,27,102,102,114,0,0,18,32,63,63,79,105,105],"floor_reached":44,"playtime":2644,"items_purged":["Strike_R","Perfected Strike"],"score":944,"play_id":"d391e209-ec8c-431a-a7b3-4fc32fe1d328","local_time":"20201116214422","is_ascension_mode":true,"campfire_choices":[{"data":"Bludgeon","floor":6,"key":"SMITH"},{"data":"Bash","floor":13,"key":"SMITH"},{"data":"Fire Breathing","floor":15,"key":"SMITH"},{"floor":23,"key":"RECALL"},{"floor":28,"key":"REST"},{"floor":32,"key":"REST"},{"floor":41,"key":"REST"}],"neow_cost":"NONE","seed_source_timestamp":417296390346100,"circlet_count":0,"master_deck":["AscendersBane","Strike_R+1","Strike_R+1","Strike_R+1","Strike_R+1","Defend_R+1","Defend_R+1","Defend_R+1","Defend_R+1","Bash+1","Anger+1","Bludgeon+1","Power Through+1","Evolve","Feed+1","Fire Breathing+1","Barricade","Reckless Charge","Reckless Charge+1","Shrug It Off","Feel No Pain","Necronomicurse","Power Through","Fiend Fire","Battle Trance","Body Slam+1","Entrench+1","Armaments+1"],"relics":["Black Blood","Dream Catcher","War Paint","Boot","Bag of Marbles","Fusion Hammer","Pantograph","Oddly Smooth Stone","Necronomicon","Whetstone","Red Mask","Regal Pillow"],"potions_floor_usage":[7,14,16,33,40,40],"damage_taken":[{"damage":12,"enemies":"Cultist","floor":1,"turns":4},{"damage":10,"enemies":"Small Slimes","floor":2,"turns":4},{"damage":4,"enemies":"Jaw Worm","floor":3,"turns":3},{"damage":12,"enemies":"Looter","floor":4,"turns":4},{"damage":25,"enemies":"Large Slime","floor":5,"turns":6},{"damage":15,"enemies":"Lagavulin","floor":7,"turns":6},{"damage":2,"enemies":"2 Fungi Beasts","floor":8,"turns":4},{"damage":12,"enemies":"3 Louse","floor":11,"turns":4},{"damage":8,"enemies":"Exordium Thugs","floor":12,"turns":3},{"damage":12,"enemies":"3 Sentries","floor":14,"turns":6},{"damage":8,"enemies":"Hexaghost","floor":16,"turns":9},{"damage":8,"enemies":"3 Byrds","floor":18,"turns":5},{"damage":21,"enemies":"Spheric Guardian","floor":21,"turns":5},{"damage":16,"enemies":"Snecko","floor":24,"turns":5},{"damage":22,"enemies":"3 Cultists","floor":27,"turns":5},{"damage":34,"enemies":"Book of Stabbing","floor":31,"turns":6},{"damage":27,"enemies":"Champ","floor":33,"turns":11},{"damage":8,"enemies":"3 Shapes","floor":35,"turns":5},{"damage":14,"enemies":"3 Darklings","floor":38,"turns":6},{"damage":35,"enemies":"Maw","floor":39,"turns":6},{"damage":54,"enemies":"Giant Head","floor":40,"turns":7},{"damage":27,"enemies":"Transient","floor":42,"turns":6},{"damage":50,"enemies":"Reptomancer","floor":44,"turns":3}],"seed_played":"-1108179266480285421","potions_obtained":[{"floor":4,"key":"AttackPotion"},{"floor":5,"key":"SteroidPotion"},{"floor":11,"key":"ColorlessPotion"},{"floor":12,"key":"FearPotion"},{"floor":14,"key":"LiquidMemories"},{"floor":16,"key":"Swift Potion"},{"floor":24,"key":"CultistPotion"},{"floor":38,"key":"PowerPotion"},{"floor":39,"key":"SkillPotion"}],"is_trial":false,"path_per_floor":["M","M","M","M","M","R","E","M","T","$","M","M","R","E","R","B",null,"M","?","?","M","$","R","M","?","T","M","R","$","?","E","R","B",null,"M","?","?","M","M","E","R","M","T","E"],"character_chosen":"IRONCLAD","items_purchased":["Evolve","Oddly Smooth Stone","Feel No Pain"],"campfire_rested":3,"item_purchase_floors":[10,29,29],"current_hp_per_floor":[62,58,60,54,35,35,26,30,30,30,24,25,25,22,22,20,66,67,67,67,55,55,55,48,48,48,35,62,62,41,13,40,44,81,89,89,89,87,64,22,64,49,49,0],"gold":105,"neow_bonus":"RANDOM_COMMON_RELIC","is_prod":false,"is_daily":false,"chose_seed":false,"campfire_upgraded":3,"win_rate":0,"timestamp":1605591862,"path_taken":["M","?","M","?","M","R","E","M","T","$","M","?","R","E","R","BOSS","M","?","?","M","?","R","M","?","T","M","R","$","?","E","R","BOSS","M","?","?","M","M","E","R","M","T","E"],"build_version":"2020-11-12","purchased_purges":2,"victory":false,"max_hp_per_floor":[75,75,75,75,75,75,75,75,75,75,75,78,78,81,81,81,81,84,84,84,87,87,87,90,90,90,93,93,93,93,93,93,93,93,97,97,92,92,92,92,92,92,92,92],"card_choices":[{"not_picked":["Wild Strike","Body Slam"],"picked":"Anger","floor":1},{"not_picked":["Iron Wave","Clash"],"picked":"Perfected Strike","floor":2},{"not_picked":["Headbutt","Anger","Ghostly Armor"],"picked":"SKIP","floor":3},{"not_picked":["Warcry","Wild Strike"],"picked":"Bludgeon","floor":4},{"not_picked":["Heavy Blade","Clash"],"picked":"Power Through","floor":5},{"not_picked":["Thunderclap","Entrench","Blood for Blood"],"picked":"SKIP","floor":7},{"not_picked":["Twin Strike","Pommel Strike","Dropkick"],"picked":"SKIP","floor":8},{"not_picked":["Heavy Blade","Perfected Strike"],"picked":"Feed","floor":11},{"not_picked":["Burning Pact","Rampage","Twin Strike"],"picked":"SKIP","floor":12},{"not_picked":["Barricade","Flex"],"picked":"Fire Breathing","floor":14},{"not_picked":["Feed","Limit Break"],"picked":"Barricade","floor":16},{"not_picked":["Wild Strike","Evolve","Headbutt+1"],"picked":"SKIP","floor":18},{"not_picked":["Bloodletting","Rampage"],"picked":"Reckless Charge","floor":21},{"not_picked":["Evolve","Body Slam"],"picked":"Reckless Charge+1","floor":24},{"not_picked":["Headbutt","Sword Boomerang"],"picked":"Shrug It Off","floor":27},{"not_picked":["Entrench","Thunderclap"],"picked":"Power Through","floor":31},{"not_picked":["Berserk","Feed"],"picked":"Fiend Fire","floor":33},{"not_picked":["Seeing Red","Havoc"],"picked":"Battle Trance","floor":35},{"not_picked":["Perfected Strike","Shockwave"],"picked":"Body Slam+1","floor":38},{"not_picked":["Heavy Blade","Wild Strike","Cleave"],"picked":"SKIP","floor":39},{"not_picked":["Heavy Blade","Cleave","Thunderclap+1"],"picked":"SKIP","floor":40},{"not_picked":["Shockwave","Rupture+1"],"picked":"Entrench+1","floor":41},{"not_picked":["Sword Boomerang","Burning Pact"],"picked":"Armaments+1","floor":42}],"player_experience":2852304,"relics_obtained":[{"floor":7,"key":"War Paint"},{"floor":9,"key":"Boot"},{"floor":14,"key":"Bag of Marbles"},{"floor":26,"key":"Pantograph"},{"floor":30,"key":"Necronomicon"},{"floor":31,"key":"Whetstone"},{"floor":40,"key":"Regal Pillow"}],"event_choices":[{"damage_healed":0,"gold_gain":0,"player_choice":"Simplicity","damage_taken":0,"max_hp_gain":0,"max_hp_loss":0,"event_name":"Back to Basics","floor":19,"gold_loss":0,"cards_upgraded":["Strike_R","Strike_R","Strike_R","Strike_R","Defend_R","Defend_R","Defend_R"]},{"damage_healed":0,"gold_gain":0,"player_choice":"Ignored","damage_taken":0,"max_hp_gain":0,"max_hp_loss":0,"event_name":"Beggar","floor":20,"gold_loss":0},{"damage_healed":0,"gold_gain":0,"player_choice":"Ignored","damage_taken":0,"max_hp_gain":0,"max_hp_loss":0,"event_name":"Ghosts","floor":25,"gold_loss":0},{"damage_healed":0,"gold_gain":0,"player_choice":"Obtained Book","damage_taken":21,"max_hp_gain":0,"max_hp_loss":0,"event_name":"Cursed Tome","floor":30,"gold_loss":0},{"damage_healed":0,"gold_gain":0,"player_choice":"Paid","damage_taken":0,"relics_obtained":["Red Mask"],"max_hp_gain":0,"max_hp_loss":0,"event_name":"Tomb of Lord Red Mask","floor":36,"gold_loss":114},{"damage_healed":0,"gold_gain":0,"player_choice":"Max HP","damage_taken":0,"max_hp_gain":0,"max_hp_loss":5,"event_name":"Winding Halls","floor":37,"gold_loss":0}],"is_beta":true,"boss_relics":[{"not_picked":["Philosopher\u0027s Stone","Black Star"],"picked":"Fusion Hammer"},{"not_picked":["Pandora\u0027s Box","SacredBark"],"picked":"Black Blood"}],"items_purged_floors":[10,29],"is_endless":false,"potions_floor_spawned":[4,5,11,12,14,16,24,27,31,38,39],"killed_by":"Reptomancer","ascension_level":20}