{"gold_per_floor":[215,230,142,160,85,110,110,125,125,156,156,231,231,250,250,250],"floor_reached":16,"playtime":848,"items_purged":["Strike_R"],"score":220,"play_id":"6097a15b-89f2-4e29-96a9-a62d20273ac3","local_time":"20201112233058","is_ascension_mode":true,"campfire_choices":[{"data":"1","floor":11,"key":"LIFT"},{"data":"2","floor":13,"key":"LIFT"},{"data":"3","floor":15,"key":"LIFT"}],"neow_cost":"NONE","seed_source_timestamp":79887906578200,"circlet_count":0,"master_deck":["AscendersBane","Strike_R","Strike_R","Strike_R","Strike_R","Defend_R","Defend_R","Defend_R","Defend_R","Bash","Headbutt","Battle Trance","Clothesline","Flame Barrier","Parasite","Fiend Fire","Battle Trance"],"relics":["Burning Blood","Matryoshka","Red Skull","Sundial","Girya"],"potions_floor_usage":[6,6,14],"damage_taken":[{"damage":11,"enemies":"Small Slimes","floor":1,"turns":4},{"damage":7,"enemies":"2 Louse","floor":2,"turns":2},{"damage":14,"enemies":"Jaw Worm","floor":4,"turns":4},{"damage":52,"enemies":"Lagavulin","floor":6,"turns":10},{"damage":0,"enemies":"3 Louse","floor":8,"turns":3},{"damage":25,"enemies":"3 Sentries","floor":10,"turns":8},{"damage":0,"enemies":"Large Slime","floor":14,"turns":1},{"damage":22,"enemies":"The Guardian","floor":16,"turns":9}],"seed_played":"-7505288366237121783","potions_obtained":[{"floor":1,"key":"Regen Potion"},{"floor":2,"key":"Weak Potion"},{"floor":10,"key":"GamblersBrew"}],"is_trial":false,"path_per_floor":["M","M","$","M","$","E","?","M","T","E","R","?","R","M","R","B"],"character_chosen":"IRONCLAD","items_purchased":["Battle Trance"],"campfire_rested":0,"item_purchase_floors":[3],"current_hp_per_floor":[63,62,62,54,54,22,40,46,46,27,27,16,16,22,22,0],"gold":250,"neow_bonus":"HUNDRED_GOLD","is_prod":false,"is_daily":false,"chose_seed":false,"campfire_upgraded":0,"win_rate":0,"timestamp":1605252658,"path_taken":["M","M","$","M","$","E","?","M","T","E","R","?","R","M","R","BOSS"],"build_version":"2020-11-10","purchased_purges":1,"victory":false,"max_hp_per_floor":[75,75,75,75,75,75,75,75,75,75,75,75,75,75,75,75],"card_choices":[{"not_picked":["Reckless Charge","Seeing Red"],"picked":"Headbutt","floor":1},{"not_picked":["Perfected Strike","Body Slam","Havoc"],"picked":"SKIP","floor":2},{"not_picked":["Warcry","Heavy Blade"],"picked":"Clothesline","floor":4},{"not_picked":["Sword Boomerang","Ghostly Armor"],"picked":"Flame Barrier","floor":6},{"not_picked":["Rupture","Heavy Blade"],"picked":"Fiend Fire","floor":8},{"not_picked":["Headbutt","Clash"],"picked":"Battle Trance","floor":10},{"not_picked":["Thunderclap","Armaments","Cleave"],"picked":"SKIP","floor":14}],"player_experience":2774047,"relics_obtained":[{"floor":6,"key":"Matryoshka"},{"floor":9,"key":"Red Skull"},{"floor":9,"key":"Sundial"},{"floor":10,"key":"Girya"}],"event_choices":[{"damage_healed":18,"gold_gain":0,"player_choice":"Healed and dodged fight","damage_taken":0,"max_hp_gain":0,"max_hp_loss":0,"event_name":"Mushrooms","floor":7,"gold_loss":0,"cards_obtained":["Parasite"]},{"damage_healed":0,"gold_gain":75,"player_choice":"Gather Gold","damage_taken":11,"max_hp_gain":0,"max_hp_loss":0,"event_name":"World of Goop","floor":12,"gold_loss":0}],"is_beta":true,"boss_relics":[],"items_purged_floors":[5],"is_endless":false,"potions_floor_spawned":[1,2,10],"killed_by":"The Guardian","ascension_level":20}