{"gold_per_floor":[112,187,199,199,199,199,210,235,316,316],"floor_reached":10,"playtime":331,"items_purged":[],"score":132,"play_id":"e8ba8ae2-fd0d-4bee-a5a4-a917d2a1c69c","local_time":"20201117003258","is_ascension_mode":true,"campfire_choices":[{"floor":6,"key":"REST"}],"neow_cost":"NONE","seed_source_timestamp":429727176312200,"circlet_count":0,"master_deck":["AscendersBane","Strike_R","Strike_R","Strike_R+1","Strike_R","Strike_R","Defend_R","Defend_R","Defend_R","Defend_R+1","Bash","Perfected Strike","Anger","Clothesline","Immolate"],"relics":["Burning Blood","Happy Flower","Eternal Feather","The Courier"],"potions_floor_usage":[1,8,10],"damage_taken":[{"damage":12,"enemies":"Small Slimes","floor":1,"turns":3},{"damage":4,"enemies":"Jaw Worm","floor":3,"turns":4},{"damage":0,"enemies":"Cultist","floor":7,"turns":3},{"damage":12,"enemies":"3 Sentries","floor":8,"turns":9},{"damage":26,"enemies":"Gremlin Nob","floor":10,"turns":3}],"seed_played":"-3760435539029189299","potions_obtained":[{"floor":0,"key":"Block Potion"},{"floor":0,"key":"HeartOfIron"},{"floor":7,"key":"GamblersBrew"}],"is_trial":false,"path_per_floor":["M","?","M","?","?","R","M","E","T","E"],"character_chosen":"IRONCLAD","items_purchased":[],"campfire_rested":1,"item_purchase_floors":[],"current_hp_per_floor":[62,51,53,30,4,26,32,26,26,0],"gold":316,"neow_bonus":"THREE_SMALL_POTIONS","is_prod":false,"is_daily":false,"chose_seed":false,"campfire_upgraded":0,"win_rate":0,"timestamp":1605601978,"path_taken":["M","?","M","?","?","R","M","E","T","E"],"build_version":"2020-11-12","purchased_purges":0,"victory":false,"max_hp_per_floor":[75,75,75,75,75,75,75,75,75,75],"card_choices":[{"not_picked":["Dropkick","Whirlwind"],"picked":"Perfected Strike","floor":1},{"not_picked":["Sword Boomerang","Havoc"],"picked":"Anger","floor":3},{"not_picked":["Clash","Armaments"],"picked":"Clothesline","floor":7},{"not_picked":["Pommel Strike","Twin Strike"],"picked":"Immolate","floor":8}],"player_experience":2856833,"relics_obtained":[{"floor":8,"key":"Eternal Feather"},{"floor":9,"key":"The Courier"}],"event_choices":[{"damage_healed":0,"gold_gain":75,"player_choice":"Gather Gold","damage_taken":11,"max_hp_gain":0,"max_hp_loss":0,"event_name":"World of Goop","floor":2,"gold_loss":0},{"damage_healed":0,"gold_gain":0,"player_choice":"Entered Light","damage_taken":23,"max_hp_gain":0,"max_hp_loss":0,"event_name":"Shining Light","floor":4,"gold_loss":0,"cards_upgraded":["Strike_R","Defend_R"]},{"damage_healed":0,"gold_gain":0,"player_choice":"Success","damage_taken":26,"relics_obtained":["Happy Flower"],"max_hp_gain":0,"max_hp_loss":0,"event_name":"Scrap Ooze","floor":5,"gold_loss":0}],"is_beta":true,"boss_relics":[],"items_purged_floors":[],"is_endless":false,"potions_floor_spawned":[7],"killed_by":"Gremlin Nob","ascension_level":20}