{"gold_per_floor":[110,129,129,129,40,66,66,94,94,94,94,124,124,157,157,232,232,249,249,100,118,22,47,67,67,67,98,98,109,109],"floor_reached":30,"playtime":2666,"items_purged":["Pain"],"score":584,"play_id":"d9c92349-8269-497e-8c74-3502417e423d","local_time":"20201111195956","is_ascension_mode":true,"campfire_choices":[{"data":"Inflame","floor":7.0,"key":"SMITH"},{"data":"Limit Break","floor":10.0,"key":"SMITH"},{"data":"Clothesline","floor":13.0,"key":"SMITH"},{"floor":15.0,"key":"REST"},{"data":"Disarm","floor":25.0,"key":"SMITH"}],"neow_cost":"NONE","seed_source_timestamp":2400873035464100,"circlet_count":0,"master_deck":["AscendersBane","Strike_R","Strike_R","Strike_R","Strike_R","Strike_R+1","Defend_R+1","Defend_R","Defend_R","Defend_R","Bash+1","Clothesline+1","Hemokinesis+1","Inflame+1","Limit Break+1","Shrug It Off","Reaper","Impervious","Sword Boomerang+1","Battle Trance","True Grit","Disarm+1","Headbutt","Ghostly Armor+1","Burning Pact","Evolve+1","Ghostly","Ghostly","Ghostly"],"special_seed":0,"relics":["Burning Blood","White Beast Statue","MealTicket","Question Card","Ice Cream","Tiny Chest","Coffee Dripper","WarpedTongs","Molten Egg 2","Lizard Tail","Pen Nib"],"potions_floor_usage":[27,27,30,30],"damage_taken":[{"damage":9.0,"enemies":"Jaw Worm","floor":1.0,"turns":4.0},{"damage":1.0,"enemies":"Small Slimes","floor":2.0,"turns":3.0},{"damage":14.0,"enemies":"Lagavulin","floor":6.0,"turns":6.0},{"damage":16.0,"enemies":"3 Sentries","floor":8.0,"turns":7.0},{"damage":7.0,"enemies":"Gremlin Nob","floor":12.0,"turns":3.0},{"damage":31.0,"enemies":"3 Sentries","floor":14.0,"turns":8.0},{"damage":27.0,"enemies":"Hexaghost","floor":16.0,"turns":9.0},{"damage":11.0,"enemies":"Spheric Guardian","floor":18.0,"turns":5.0},{"damage":3.0,"enemies":"3 Byrds","floor":21.0,"turns":4.0},{"damage":43.0,"enemies":"Gremlin Leader","floor":23.0,"turns":7.0},{"damage":21.0,"enemies":"3 Cultists","floor":24.0,"turns":5.0},{"damage":59,"enemies":"Slavers","floor":27,"turns":8},{"damage":15,"enemies":"Centurion and Healer","floor":29,"turns":11},{"damage":62,"enemies":"Gremlin Leader","floor":30,"turns":8}],"seed_played":"7300762512372176443","potions_obtained":[{"floor":6.0,"key":"ElixirPotion"},{"floor":8.0,"key":"Regen Potion"},{"floor":12.0,"key":"Weak Potion"},{"floor":14.0,"key":"FearPotion"},{"floor":16.0,"key":"SpeedPotion"},{"floor":18.0,"key":"SkillPotion"},{"floor":21.0,"key":"Weak Potion"},{"floor":23.0,"key":"SteroidPotion"},{"floor":27,"key":"SpeedPotion"},{"floor":29,"key":"Strength Potion"}],"is_trial":false,"path_per_floor":["M","M","?","?","$","E","R","E","T","R","?","E","R","E","R","B",null,"M","?","$","M","$","E","M","R","T","E","?","M","E"],"character_chosen":"IRONCLAD","items_purchased":["Inflame","Battle Trance","Disarm","Headbutt"],"campfire_rested":1,"item_purchase_floors":[5,20,22,22],"current_hp_per_floor":[65,70,70,47,47,39,39,29,29,29,29,37,37,12,34,13,60,65,65,75,75,75,75,75,75,75,40,37,37,0],"gold":109,"neow_bonus":"UPGRADE_CARD","is_prod":false,"is_daily":false,"chose_seed":false,"campfire_upgraded":4,"win_rate":0,"timestamp":1605153596,"path_taken":["M","M","?","?","?","E","R","E","T","R","?","E","R","E","R","BOSS","M","?","?","M","$","E","M","R","T","E","?","M","E"],"build_version":"2020-11-10","purchased_purges":1,"victory":false,"max_hp_per_floor":[75,75,75,75,75,75,75,75,75,75,75,75,75,75,75,75,75,75,75,75,75,75,75,75,75,75,75,37,37,37],"card_choices":[{"not_picked":["Twin Strike","Flex"],"picked":"Clothesline","floor":1.0},{"not_picked":["Pommel Strike","Flex"],"picked":"Hemokinesis","floor":2.0},{"not_picked":["Headbutt","Fire Breathing","Flex"],"picked":"SKIP","floor":6.0},{"not_picked":["Headbutt","Pommel Strike"],"picked":"Limit Break","floor":8.0},{"not_picked":["Searing Blow","Intimidate","Combust"],"picked":"Shrug It Off","floor":12.0},{"not_picked":["Whirlwind","Seeing Red","Reckless Charge"],"picked":"Reaper","floor":14.0},{"not_picked":["Barricade","Brutality","Corruption"],"picked":"Impervious","floor":16.0},{"not_picked":["Dropkick","Carnage","Intimidate"],"picked":"Sword Boomerang+1","floor":18.0},{"not_picked":["Flex","Twin Strike","Rampage"],"picked":"True Grit","floor":21.0},{"not_picked":["Anger+1","Second Wind","Havoc+1"],"picked":"Ghostly Armor+1","floor":23.0},{"not_picked":["Clothesline+1","Pummel+1","Cleave+1"],"picked":"Burning Pact","floor":24.0},{"not_picked":["Entrench","Sword Boomerang+1","Power Through"],"picked":"Evolve+1","floor":27},{"not_picked":["Whirlwind+1","Clash+1","Combust","Twin Strike+1"],"picked":"SKIP","floor":29}],"player_experience":2758700,"relics_obtained":[{"floor":6.0,"key":"White Beast Statue"},{"floor":8.0,"key":"MealTicket"},{"floor":9.0,"key":"Question Card"},{"floor":12.0,"key":"Ice Cream"},{"floor":14.0,"key":"Tiny Chest"},{"floor":23.0,"key":"Molten Egg 2"},{"floor":26.0,"key":"Lizard Tail"},{"floor":27,"key":"Pen Nib"}],"event_choices":[{"damage_healed":0.0,"max_hp_gain":0.0,"max_hp_loss":0.0,"gold_gain":0.0,"event_name":"Living Wall","player_choice":"Grow","floor":3.0,"gold_loss":0.0,"damage_taken":0.0,"cards_upgraded":["Hemokinesis"]},{"damage_healed":0.0,"max_hp_gain":0.0,"max_hp_loss":0.0,"gold_gain":0.0,"event_name":"Shining Light","player_choice":"Entered Light","floor":4.0,"gold_loss":0.0,"damage_taken":23.0,"cards_upgraded":["Defend_R","Strike_R"]},{"damage_healed":0.0,"max_hp_gain":0.0,"max_hp_loss":0.0,"gold_gain":0.0,"event_name":"Scrap Ooze","player_choice":"Fled","floor":11.0,"gold_loss":0.0,"damage_taken":0.0},{"damage_healed":0.0,"max_hp_gain":0.0,"max_hp_loss":0.0,"gold_gain":0.0,"event_name":"Accursed Blacksmith","player_choice":"Rummage","floor":19.0,"gold_loss":0.0,"damage_taken":0.0,"relics_obtained":["WarpedTongs"],"cards_obtained":["Pain"]},{"damage_healed":0,"gold_gain":0,"player_choice":"Became a Ghost","damage_taken":0,"max_hp_gain":0,"max_hp_loss":38,"event_name":"Ghosts","floor":28,"gold_loss":0,"cards_obtained":["Ghostly","Ghostly","Ghostly"]}],"is_beta":true,"boss_relics":[{"not_picked":["Empty Cage","Runic Pyramid"],"picked":"Coffee Dripper"}],"items_purged_floors":[20],"is_endless":false,"potions_floor_spawned":[6,8,12,14,16,18,21,23,24,27,29],"killed_by":"Gremlin Leader","ascension_level":20}