{"gold_per_floor":[213,223,223,240,39,74,34,34,34,34,50,50,50],"floor_reached":13,"playtime":672,"items_purged":[],"score":166,"play_id":"62c2e26d-3363-49d7-a84b-d8ea59c03a7a","local_time":"20201110234235","is_ascension_mode":true,"campfire_choices":[{"data":"Apotheosis","floor":8,"key":"SMITH"},{"floor":10,"key":"REST"}],"neow_cost":"NONE","seed_source_timestamp":2329899165746100,"circlet_count":0,"master_deck":["AscendersBane","Strike_R","Strike_R","Strike_R","Strike_R","Strike_R","Defend_R","Defend_R","Defend_R","Defend_R","Bash","Decay","Disarm","Apotheosis+1","Exhume","Headbutt","Whirlwind","Demon Form+1"],"relics":["Burning Blood","Shuriken","Frozen Egg 2"],"potions_floor_usage":[13,13],"damage_taken":[{"damage":12,"enemies":"Jaw Worm","floor":1,"turns":5},{"damage":1,"enemies":"Cultist","floor":2,"turns":4},{"damage":4,"enemies":"2 Louse","floor":4,"turns":2},{"damage":54,"enemies":"3 Sentries","floor":6,"turns":12},{"damage":8,"enemies":"Looter","floor":7,"turns":4},{"damage":16,"enemies":"Red Slaver","floor":11,"turns":6},{"damage":57,"enemies":"Gremlin Nob","floor":13,"turns":4}],"seed_played":"5988407988597562541","potions_obtained":[{"floor":6,"key":"Weak Potion"},{"floor":11,"key":"PowerPotion"}],"is_trial":false,"path_per_floor":["M","M","?","M","$","E","M","R","T","R","M","?","E"],"character_chosen":"IRONCLAD","items_purchased":["Apotheosis"],"campfire_rested":1,"item_purchase_floors":[5],"current_hp_per_floor":[62,67,67,69,69,21,19,19,19,41,31,31,0],"gold":50,"neow_bonus":"HUNDRED_GOLD","is_prod":false,"is_daily":false,"chose_seed":false,"campfire_upgraded":1,"win_rate":0,"timestamp":1605080555,"path_taken":["M","M","?","M","$","E","?","R","T","R","M","?","E"],"build_version":"2020-11-10","purchased_purges":0,"victory":false,"max_hp_per_floor":[75,75,75,75,75,75,75,75,75,75,75,75,75],"card_choices":[{"not_picked":["Iron Wave","Body Slam","Rage"],"picked":"SKIP","floor":1},{"not_picked":["Iron Wave","Warcry","Intimidate"],"picked":"SKIP","floor":2},{"not_picked":["Dark Embrace","Entrench"],"picked":"Disarm","floor":4},{"not_picked":["Warcry","Flex"],"picked":"Exhume","floor":6},{"not_picked":["Warcry","Carnage"],"picked":"Headbutt","floor":7},{"not_picked":["Havoc","Perfected Strike"],"picked":"Whirlwind","floor":11}],"player_experience":2753836,"relics_obtained":[{"floor":6,"key":"Shuriken"},{"floor":9,"key":"Frozen Egg 2"}],"event_choices":[{"damage_healed":0,"gold_gain":0,"player_choice":"Cursed","damage_taken":0,"max_hp_gain":0,"max_hp_loss":0,"event_name":"Wheel of Change","floor":3,"gold_loss":0,"cards_obtained":["Decay"]},{"damage_healed":0,"gold_gain":0,"player_choice":"1 cards matched","damage_taken":0,"max_hp_gain":0,"max_hp_loss":0,"event_name":"Match and Keep!","floor":12,"gold_loss":0,"cards_obtained":["Demon Form"]}],"is_beta":true,"boss_relics":[],"items_purged_floors":[],"is_endless":false,"potions_floor_spawned":[6,11],"killed_by":"Gremlin Nob","ascension_level":20}