{"gold_per_floor":[217,234,251,9,29,29,57,57,57,69,99,99,18,52,52,127,127,147,160,160],"floor_reached":20,"playtime":1404,"items_purged":["Strike_R"],"score":413,"play_id":"6f24516c-574c-45c4-b516-8d20639235ef","local_time":"20201111220201","is_ascension_mode":true,"campfire_choices":[{"data":"Uppercut","floor":6,"key":"SMITH"},{"data":"Combust","floor":15,"key":"SMITH"}],"neow_cost":"NONE","seed_source_timestamp":2409533959059600,"circlet_count":0,"master_deck":["AscendersBane","Bash","Rampage","Dropkick","Uppercut+1","Feed","Combust+1","True Grit","Inflame","Evolve","Offering","Pommel Strike","Barricade","Intimidate","Sever Soul","Cleave","Armaments","Seeing Red","Bludgeon","Warcry+1","Second Wind+1"],"relics":["Burning Blood","Orrery","Juzu Bracelet","MealTicket","StoneCalendar","Paper Frog","Pear","Pandora\u0027s Box"],"potions_floor_usage":[7,10,14,19],"damage_taken":[{"damage":1,"enemies":"Cultist","floor":1,"turns":4},{"damage":12,"enemies":"Jaw Worm","floor":2,"turns":3},{"damage":5,"enemies":"Small Slimes","floor":3,"turns":5},{"damage":26,"enemies":"Exordium Thugs","floor":5,"turns":4},{"damage":21,"enemies":"Lagavulin","floor":7,"turns":6},{"damage":21,"enemies":"Gremlin Gang","floor":10,"turns":4},{"damage":8,"enemies":"Gremlin Nob","floor":11,"turns":3},{"damage":21,"enemies":"3 Sentries","floor":14,"turns":6},{"damage":28,"enemies":"Slime Boss","floor":16,"turns":7},{"damage":21,"enemies":"3 Byrds","floor":18,"turns":4},{"damage":32,"enemies":"Shell Parasite","floor":19,"turns":3},{"damage":39,"enemies":"Shelled Parasite and Fungi","floor":20,"turns":3}],"seed_played":"-827177043989179232","potions_obtained":[{"floor":1,"key":"BlessingOfTheForge"},{"floor":7,"key":"SkillPotion"},{"floor":14,"key":"DistilledChaos"}],"is_trial":false,"path_per_floor":["M","M","M","$","M","R","E","T","T","M","E","?","$","E","R","B",null,"M","M","M"],"character_chosen":"IRONCLAD","items_purchased":["Orrery","LiquidMemories"],"campfire_rested":0,"item_purchase_floors":[4,13],"current_hp_per_floor":[73,67,68,68,48,48,33,33,33,21,22,22,37,35,35,13,74,59,36,0],"gold":160,"neow_bonus":"HUNDRED_GOLD","is_prod":false,"is_daily":false,"chose_seed":false,"campfire_upgraded":2,"win_rate":0,"timestamp":1605160921,"path_taken":["M","?","M","?","M","R","E","?","T","M","E","?","$","E","R","BOSS","M","M","M"],"build_version":"2020-11-10","purchased_purges":1,"victory":false,"max_hp_per_floor":[75,75,75,75,75,75,75,75,75,78,81,81,81,94,94,94,94,94,97,97],"card_choices":[{"not_picked":["Disarm","Flex"],"picked":"Rampage","floor":1},{"not_picked":["Second Wind","Flex","Perfected Strike"],"picked":"SKIP","floor":2},{"not_picked":["Warcry","Armaments"],"picked":"Dropkick","floor":3},{"not_picked":["Sword Boomerang","Warcry"],"picked":"Uppercut","floor":4},{"not_picked":["Anger","Warcry"],"picked":"Feed","floor":4},{"not_picked":["Searing Blow","Clash"],"picked":"Combust","floor":4},{"not_picked":["Flex","Headbutt"],"picked":"True Grit","floor":5},{"not_picked":["Fire Breathing","Twin Strike","Infernal Blade"],"picked":"SKIP","floor":7},{"not_picked":["Havoc","Twin Strike"],"picked":"Inflame","floor":10},{"not_picked":["Pommel Strike","Armaments"],"picked":"Evolve","floor":11},{"not_picked":["Havoc","Rampage","Dark Embrace"],"picked":"SKIP","floor":14},{"not_picked":["Brutality","Exhume"],"picked":"Offering","floor":16},{"not_picked":["Armaments","Flex"],"picked":"Warcry+1","floor":18},{"not_picked":["Infernal Blade+1","Armaments"],"picked":"Second Wind+1","floor":19}],"player_experience":2761366,"relics_obtained":[{"floor":7,"key":"Juzu Bracelet"},{"floor":8,"key":"MealTicket"},{"floor":9,"key":"StoneCalendar"},{"floor":11,"key":"Paper Frog"},{"floor":14,"key":"Pear"}],"event_choices":[{"damage_healed":0,"gold_gain":0,"player_choice":"Ignored","damage_taken":0,"max_hp_gain":0,"max_hp_loss":0,"event_name":"Liars Game","floor":12,"gold_loss":0}],"is_beta":true,"boss_relics":[{"not_picked":["Empty Cage","Runic Pyramid"],"picked":"Pandora\u0027s Box"}],"items_purged_floors":[4],"is_endless":false,"potions_floor_spawned":[1,7,14],"killed_by":"Shelled Parasite and Fungi","ascension_level":20}