{"gold_per_floor":[364,364,17,37,54,87,98,63,63,63,63,88,88,117,117,117],"floor_reached":16,"playtime":780,"items_purged":["Strike_R"],"score":236,"play_id":"d00f6b71-3cfb-4469-bbdc-f5808742a37c","local_time":"20201113000349","is_ascension_mode":true,"campfire_choices":[{"data":"Uppercut","floor":11.0,"key":"SMITH"},{"data":"Carnage","floor":13,"key":"SMITH"},{"data":"Rampage","floor":15,"key":"SMITH"}],"neow_cost":"PERCENT_DAMAGE","seed_source_timestamp":81903430430000,"circlet_count":0,"master_deck":["AscendersBane","Strike_R","Strike_R","Strike_R","Defend_R","Defend_R","Defend_R","Defend_R","Bash","Headbutt","Carnage+1","Rampage+1","Uppercut+1","Pain","Brutality+1"],"special_seed":0,"relics":["Burning Blood","Lantern","Red Skull","The Courier","WarpedTongs","Incense Burner","Frozen Egg 2"],"potions_floor_usage":[16],"damage_taken":[{"damage":7.0,"enemies":"Cultist","floor":1.0,"turns":4.0},{"damage":0.0,"enemies":"2 Louse","floor":4.0,"turns":3.0},{"damage":10.0,"enemies":"Small Slimes","floor":5.0,"turns":3.0},{"damage":6.0,"enemies":"Gremlin Nob","floor":6.0,"turns":3.0},{"damage":15.0,"enemies":"Exordium Thugs","floor":7.0,"turns":4.0},{"damage":38,"enemies":"3 Sentries","floor":12,"turns":7},{"damage":16,"enemies":"Lagavulin","floor":14,"turns":5},{"damage":33,"enemies":"The Guardian","floor":16,"turns":10}],"seed_played":"-4056838860901839251","potions_obtained":[{"floor":1.0,"key":"Fire Potion"},{"floor":4.0,"key":"SteroidPotion"},{"floor":12,"key":"BloodPotion"}],"is_trial":false,"path_per_floor":["M","?","$","M","M","E","M","?","T","?","R","E","R","E","R","B"],"character_chosen":"IRONCLAD","items_purchased":["Lantern","Carnage","Rampage"],"campfire_rested":0,"item_purchase_floors":[3,3,3],"current_hp_per_floor":[49,49,49,55,51,51,42,60,60,60,60,28,28,18,18,0],"gold":117,"neow_bonus":"TWO_FIFTY_GOLD","is_prod":false,"is_daily":false,"chose_seed":false,"campfire_upgraded":3,"win_rate":0,"timestamp":1605254629,"path_taken":["M","?","$","M","?","E","M","?","T","?","R","E","R","E","R","BOSS"],"build_version":"2020-11-10","purchased_purges":1,"victory":false,"max_hp_per_floor":[75,75,75,75,75,75,75,75,75,75,75,75,75,75,75,75],"card_choices":[{"not_picked":["Ghostly Armor","Body Slam"],"picked":"Headbutt","floor":1.0},{"not_picked":["Body Slam","Dual Wield","Flex"],"picked":"SKIP","floor":4.0},{"not_picked":["Heavy Blade","Cleave"],"picked":"Uppercut","floor":5.0},{"not_picked":["Body Slam","Bludgeon","Thunderclap"],"picked":"SKIP","floor":6.0},{"not_picked":["Pummel","Dark Embrace","Clash"],"picked":"SKIP","floor":7.0},{"not_picked":["Perfected Strike","True Grit","Intimidate"],"picked":"SKIP","floor":12},{"not_picked":["Perfected Strike","Battle Trance"],"picked":"Brutality+1","floor":14}],"player_experience":2776038,"relics_obtained":[{"floor":6.0,"key":"Red Skull"},{"floor":9.0,"key":"The Courier"},{"floor":12,"key":"Incense Burner"},{"floor":14,"key":"Frozen Egg 2"}],"event_choices":[{"cards_removed":["Strike_R"],"damage_healed":0.0,"max_hp_gain":0.0,"max_hp_loss":0.0,"gold_gain":0.0,"event_name":"Bonfire Elementals","player_choice":"Offered Basic","floor":2.0,"gold_loss":0.0,"damage_taken":0.0},{"damage_healed":18.0,"max_hp_gain":0.0,"max_hp_loss":0.0,"gold_gain":0.0,"event_name":"The Cleric","player_choice":"Healed","floor":8.0,"gold_loss":35.0,"damage_taken":0.0},{"damage_healed":0.0,"max_hp_gain":0.0,"max_hp_loss":0.0,"gold_gain":0.0,"event_name":"Accursed Blacksmith","player_choice":"Rummage","floor":10.0,"gold_loss":0.0,"damage_taken":0.0,"relics_obtained":["WarpedTongs"],"cards_obtained":["Pain"]}],"is_beta":true,"boss_relics":[],"items_purged_floors":[3],"is_endless":false,"potions_floor_spawned":[1,4,5,12],"killed_by":"The Guardian","ascension_level":20}