{"gold_per_floor":[113,113,133,145,26,53,53,53,106,137,137,137,163,174,174,251,251,251],"floor_reached":18,"playtime":945,"items_purged":["Strike_R"],"score":356,"play_id":"14035425-8a79-4a20-9f8a-23322e96c08d","local_time":"20201118214004","is_ascension_mode":true,"campfire_choices":[{"data":"Rampage","floor":7,"key":"SMITH"},{"floor":12,"key":"REST"},{"floor":15,"key":"REST"}],"neow_cost":"NONE","seed_source_timestamp":591539515884900,"circlet_count":0,"master_deck":["AscendersBane","Strike_R+1","Strike_R","Strike_R+1","Strike_R","Defend_R","Defend_R","Defend_R","Defend_R","Bash+1","Rampage+1","Shrug It Off","Pommel Strike","Feel No Pain","Inflame","Pain","Feed"],"relics":["Burning Blood","Bag of Preparation","MealTicket","Nunchaku","InkBottle","WarpedTongs","Toy Ornithopter","SlaversCollar"],"potions_floor_usage":[6,10,16],"damage_taken":[{"damage":9,"enemies":"2 Louse","floor":1,"turns":4},{"damage":7,"enemies":"Jaw Worm","floor":3,"turns":2},{"damage":1,"enemies":"Cultist","floor":4,"turns":3},{"damage":8,"enemies":"Gremlin Nob","floor":6,"turns":3},{"damage":27,"enemies":"Lagavulin","floor":10,"turns":6},{"damage":30,"enemies":"Gremlin Nob","floor":13,"turns":4},{"damage":3,"enemies":"2 Fungi Beasts","floor":14,"turns":3},{"damage":33,"enemies":"Slime Boss","floor":16,"turns":10},{"damage":65,"enemies":"3 Byrds","floor":18,"turns":5}],"seed_played":"4831492486333875268","potions_obtained":[{"floor":1,"key":"BloodPotion"},{"floor":3,"key":"SpeedPotion"},{"floor":4,"key":"SteroidPotion"},{"floor":14,"key":"Strength Potion"}],"is_trial":false,"path_per_floor":["M","?","M","M","$","E","R","?","T","E","?","R","E","M","R","B",null,"M"],"character_chosen":"IRONCLAD","items_purchased":["Feel No Pain"],"campfire_rested":2,"item_purchase_floors":[5],"current_hp_per_floor":[65,42,41,46,46,44,44,26,26,20,20,42,18,21,43,21,62,0],"gold":251,"neow_bonus":"UPGRADE_CARD","is_prod":false,"is_daily":false,"chose_seed":false,"campfire_upgraded":1,"win_rate":0,"timestamp":1605764404,"path_taken":["M","?","M","M","$","E","R","?","T","E","?","R","E","M","R","BOSS","M"],"build_version":"2020-11-17","purchased_purges":1,"victory":false,"max_hp_per_floor":[75,75,75,75,75,75,75,75,75,75,75,75,75,75,75,75,75,78],"card_choices":[{"not_picked":["Sever Soul","Shrug It Off"],"picked":"Rampage","floor":1},{"not_picked":["Rage","Iron Wave"],"picked":"Shrug It Off","floor":3},{"not_picked":["Flex","Ghostly Armor"],"picked":"Pommel Strike","floor":4},{"not_picked":["Feel No Pain","Seeing Red","Burning Pact"],"picked":"SKIP","floor":6},{"not_picked":["Shrug It Off","Wild Strike"],"picked":"Inflame","floor":10},{"not_picked":["Ghostly Armor","Clash","Intimidate"],"picked":"SKIP","floor":13},{"not_picked":["Burning Pact","Double Tap","Rampage"],"picked":"SKIP","floor":14},{"not_picked":["Exhume","Double Tap"],"picked":"Feed","floor":16}],"player_experience":2875580,"relics_obtained":[{"floor":6,"key":"Bag of Preparation"},{"floor":9,"key":"Nunchaku"},{"floor":10,"key":"InkBottle"},{"floor":13,"key":"Toy Ornithopter"}],"event_choices":[{"damage_healed":0,"gold_gain":0,"player_choice":"Entered Light","damage_taken":23,"max_hp_gain":0,"max_hp_loss":0,"event_name":"Shining Light","floor":2,"gold_loss":0,"cards_upgraded":["Strike_R","Strike_R"]},{"damage_healed":0,"gold_gain":0,"player_choice":"Success","damage_taken":18,"relics_obtained":["MealTicket"],"max_hp_gain":0,"max_hp_loss":0,"event_name":"Scrap Ooze","floor":8,"gold_loss":0},{"damage_healed":0,"gold_gain":0,"player_choice":"Rummage","damage_taken":0,"relics_obtained":["WarpedTongs"],"max_hp_gain":0,"max_hp_loss":0,"event_name":"Accursed Blacksmith","floor":11,"gold_loss":0,"cards_obtained":["Pain"]}],"is_beta":true,"boss_relics":[{"not_picked":["Ectoplasm","Sozu"],"picked":"SlaversCollar"}],"items_purged_floors":[5],"is_endless":false,"potions_floor_spawned":[1,3,4,14],"killed_by":"3 Byrds","ascension_level":20}