{"gold_per_floor":[15,28,42,54,54,81,81,116,116,132,163,183,195,228,228,301,301,315,332,332],"floor_reached":20,"playtime":1532,"items_purged":[],"score":416,"play_id":"5a28ea25-557c-4c12-902a-34c6bcab3f3f","local_time":"20201110232649","is_ascension_mode":true,"campfire_choices":[{"data":"Perfected Strike","floor":7,"key":"SMITH"},{"floor":15,"key":"REST"}],"neow_cost":"NO_GOLD","seed_source_timestamp":2328093327940800,"circlet_count":0,"master_deck":["AscendersBane","Strike_R","Strike_R","Strike_R","Strike_R","Defend_R","Defend_R","Defend_R","Bash","Perfected Strike+1","Bloodletting","Evolve","Battle Trance","Anger","Rage","Fiend Fire","Shrug It Off","Power Through","Offering","Battle Trance"],"relics":["Burning Blood","Juzu Bracelet","Kunai","The Courier","Smiling Mask","Mark of Pain"],"potions_floor_usage":[8,11,13,19,20],"damage_taken":[{"damage":1,"enemies":"Cultist","floor":1,"turns":3},{"damage":15,"enemies":"Small Slimes","floor":2,"turns":4},{"damage":10,"enemies":"2 Louse","floor":3,"turns":2},{"damage":22,"enemies":"Blue Slaver","floor":4,"turns":5},{"damage":11,"enemies":"Gremlin Nob","floor":6,"turns":3},{"damage":23,"enemies":"3 Sentries","floor":8,"turns":6},{"damage":3,"enemies":"Looter","floor":10,"turns":2},{"damage":14,"enemies":"Lagavulin","floor":11,"turns":3},{"damage":1,"enemies":"2 Fungi Beasts","floor":12,"turns":4},{"damage":6,"enemies":"Exordium Thugs","floor":13,"turns":4},{"damage":19,"enemies":"Gremlin Nob","floor":14,"turns":4},{"damage":27,"enemies":"Slime Boss","floor":16,"turns":10},{"damage":42,"enemies":"Spheric Guardian","floor":18,"turns":6},{"damage":13,"enemies":"Shell Parasite","floor":19,"turns":5},{"damage":18,"enemies":"Masked Bandits","floor":20,"turns":3}],"seed_played":"6669988336094702860","potions_obtained":[{"floor":1,"key":"Dexterity Potion"},{"floor":3,"key":"Fire Potion"},{"floor":10,"key":"Energy Potion"},{"floor":11,"key":"Fire Potion"},{"floor":14,"key":"Dexterity Potion"},{"floor":18,"key":"LiquidMemories"}],"is_trial":false,"path_per_floor":["M","M","M","M","$","E","R","E","T","M","E","M","M","E","R","B",null,"M","M","?"],"character_chosen":"IRONCLAD","items_purchased":[],"campfire_rested":1,"item_purchase_floors":[],"current_hp_per_floor":[73,64,60,44,44,39,39,22,22,25,17,22,22,9,31,10,59,23,16,0],"gold":332,"neow_bonus":"REMOVE_TWO","is_prod":false,"is_daily":false,"chose_seed":false,"campfire_upgraded":1,"win_rate":0,"timestamp":1605079609,"path_taken":["M","M","M","?","$","E","R","E","T","M","E","M","M","E","R","BOSS","M","M","?"],"build_version":"2020-11-10","purchased_purges":0,"victory":false,"max_hp_per_floor":[75,75,75,75,75,75,75,75,75,75,75,75,75,75,75,75,75,75,75,75],"card_choices":[{"not_picked":["Intimidate","Reckless Charge"],"picked":"Perfected Strike","floor":1},{"not_picked":["Flame Barrier","Warcry"],"picked":"Bloodletting","floor":2},{"not_picked":["Searing Blow","Thunderclap"],"picked":"Evolve","floor":3},{"not_picked":["Armaments","Perfected Strike"],"picked":"Battle Trance","floor":4},{"not_picked":["Intimidate","Searing Blow"],"picked":"Anger","floor":6},{"not_picked":["Sword Boomerang","Headbutt"],"picked":"Rage","floor":8},{"not_picked":["Body Slam","Dark Embrace"],"picked":"Fiend Fire","floor":10},{"not_picked":["Havoc","Thunderclap"],"picked":"Shrug It Off","floor":11},{"not_picked":["Twin Strike","Sword Boomerang"],"picked":"Power Through","floor":12},{"not_picked":["Body Slam","Searing Blow","Flex"],"picked":"SKIP","floor":13},{"not_picked":["Battle Trance","Dual Wield","Hemokinesis"],"picked":"SKIP","floor":14},{"not_picked":["Barricade","Fiend Fire"],"picked":"Offering","floor":16},{"not_picked":["Warcry","Carnage"],"picked":"Battle Trance","floor":18},{"not_picked":["Anger","Perfected Strike","Rampage+1"],"picked":"SKIP","floor":19}],"player_experience":2752304,"relics_obtained":[{"floor":6,"key":"Juzu Bracelet"},{"floor":8,"key":"Kunai"},{"floor":11,"key":"The Courier"},{"floor":14,"key":"Smiling Mask"}],"event_choices":[{"damage_healed":0,"gold_gain":0,"player_choice":"Fought Bandits","damage_taken":0,"max_hp_gain":0,"max_hp_loss":0,"event_name":"Masked Bandits","floor":20,"gold_loss":0}],"is_beta":true,"boss_relics":[{"not_picked":["Astrolabe","Velvet Choker"],"picked":"Mark of Pain"}],"items_purged_floors":[],"is_endless":false,"potions_floor_spawned":[1,3,10,11,14,18],"killed_by":"Masked Bandits","ascension_level":20}