{"gold_per_floor":[109,122,122,133,133,164,176,176,176,176,207,207,241,252,252,326,326,337,3,16,26,38,38,67,67,93,127,127,142,142,142,142,142],"floor_reached":33,"playtime":12819,"items_purged":[],"score":610,"play_id":"5e1c6f06-4c0a-4599-b517-8c95c48de730","local_time":"20201115202129","is_ascension_mode":true,"campfire_choices":[{"data":"Perfected Strike","floor":8,"key":"SMITH"},{"data":"Armaments","floor":10,"key":"SMITH"},{"data":"Bash","floor":15,"key":"SMITH"},{"data":"Immolate","floor":23,"key":"SMITH"},{"floor":25,"key":"REST"},{"data":"Pommel Strike","floor":28,"key":"SMITH"},{"floor":30,"key":"REST"},{"floor":32,"key":"REST"}],"neow_cost":"NONE","seed_source_timestamp":315740870086900,"circlet_count":0,"master_deck":["AscendersBane","Strike_R","Strike_R","Strike_R","Defend_R","Defend_R","Defend_R","Defend_R","Bash+1","Rage","Perfected Strike+1","Thunderclap","Pommel Strike+1","Armaments+1","Battle Trance","Immolate+1","True Grit","True Grit","Impervious"],"relics":["Burning Blood","Anchor","StrikeDummy","Ginger","Red Skull","Runic Pyramid","Champion Belt","Ancient Tea Set","Bag of Preparation","Vajra"],"potions_floor_usage":[6,11,18,27,29],"damage_taken":[{"damage":9,"enemies":"2 Louse","floor":1,"turns":5},{"damage":13,"enemies":"Small Slimes","floor":2,"turns":4},{"damage":1,"enemies":"Cultist","floor":4,"turns":3},{"damage":31,"enemies":"3 Sentries","floor":6,"turns":10},{"damage":0,"enemies":"2 Fungi Beasts","floor":7,"turns":3},{"damage":8,"enemies":"Gremlin Nob","floor":11,"turns":3},{"damage":12,"enemies":"Lagavulin","floor":13,"turns":7},{"damage":0,"enemies":"3 Louse","floor":14,"turns":2},{"damage":22,"enemies":"Hexaghost","floor":16,"turns":7},{"damage":21,"enemies":"3 Byrds","floor":18,"turns":3},{"damage":15,"enemies":"2 Thieves","floor":20,"turns":3},{"damage":0,"enemies":"Snecko","floor":21,"turns":4},{"damage":6,"enemies":"3 Cultists","floor":22,"turns":3},{"damage":21,"enemies":"Slavers","floor":24,"turns":4},{"damage":29,"enemies":"Book of Stabbing","floor":27,"turns":6},{"damage":26,"enemies":"Sentry and Sphere","floor":29,"turns":6},{"damage":66,"enemies":"Automaton","floor":33,"turns":8}],"seed_played":"5692515606642985039","potions_obtained":[{"floor":1,"key":"SkillPotion"},{"floor":7,"key":"FearPotion"},{"floor":11,"key":"DistilledChaos"},{"floor":13,"key":"PowerPotion"},{"floor":20,"key":"Dexterity Potion"},{"floor":21,"key":"Energy Potion"},{"floor":29,"key":"Swift Potion"}],"is_trial":false,"path_per_floor":["M","M","$","M","?","E","M","R","T","R","E","?","E","M","R","B",null,"M","$","M","M","M","R","E","R","T","E","R","M","R","?","R","B"],"character_chosen":"IRONCLAD","items_purchased":["Champion Belt"],"campfire_rested":3,"item_purchase_floors":[19],"current_hp_per_floor":[65,58,58,63,63,38,44,44,44,44,42,42,36,42,42,26,63,48,48,39,45,45,45,30,52,52,29,29,9,31,31,53,0],"gold":142,"neow_bonus":"TRANSFORM_CARD","is_prod":false,"is_daily":false,"chose_seed":false,"campfire_upgraded":5,"win_rate":0,"timestamp":1605500489,"path_taken":["M","M","$","M","?","E","M","R","T","R","E","?","E","M","R","BOSS","M","$","M","M","M","R","E","R","T","E","R","?","R","?","R","BOSS"],"build_version":"2020-11-12","purchased_purges":0,"victory":false,"max_hp_per_floor":[75,75,75,75,75,75,75,75,75,75,75,75,75,75,75,75,75,75,75,75,75,75,75,75,75,75,75,75,75,75,75,75,75],"card_choices":[{"not_picked":["Flex","Ghostly Armor"],"picked":"Perfected Strike","floor":1},{"not_picked":["Rage","True Grit"],"picked":"Thunderclap","floor":2},{"not_picked":["Dropkick","Reckless Charge"],"picked":"Pommel Strike","floor":4},{"not_picked":["Second Wind","Rampage","Thunderclap"],"picked":"SKIP","floor":6},{"not_picked":["Sword Boomerang","Limit Break"],"picked":"Armaments","floor":7},{"not_picked":["True Grit","Headbutt"],"picked":"Battle Trance","floor":11},{"not_picked":["Ghostly Armor","Body Slam","Sentinel"],"picked":"SKIP","floor":13},{"not_picked":["Havoc","Infernal Blade","Flex"],"picked":"SKIP","floor":14},{"not_picked":["Berserk","Reaper"],"picked":"Immolate","floor":16},{"not_picked":["Rage","Blood for Blood","Body Slam"],"picked":"SKIP","floor":18},{"not_picked":["Body Slam","Pommel Strike","Flex"],"picked":"SKIP","floor":20},{"not_picked":["Cleave","Twin Strike"],"picked":"True Grit","floor":21},{"not_picked":["Burning Pact","Clothesline"],"picked":"True Grit","floor":22},{"not_picked":["Flex+1","Anger"],"picked":"Impervious","floor":24},{"not_picked":["Cleave","Juggernaut","Dropkick"],"picked":"SKIP","floor":27},{"not_picked":["Havoc","Body Slam","Pommel Strike"],"picked":"SKIP","floor":29}],"player_experience":2822227,"relics_obtained":[{"floor":6,"key":"Anchor"},{"floor":9,"key":"StrikeDummy"},{"floor":11,"key":"Ginger"},{"floor":13,"key":"Red Skull"},{"floor":24,"key":"Ancient Tea Set"},{"floor":26,"key":"Bag of Preparation"},{"floor":27,"key":"Vajra"}],"event_choices":[{"damage_healed":0,"gold_gain":0,"player_choice":"Ignored","damage_taken":0,"max_hp_gain":0,"max_hp_loss":0,"event_name":"Liars Game","floor":5,"gold_loss":0},{"cards_removed":["Strike_R"],"damage_healed":0,"gold_gain":0,"player_choice":"Offered Basic","damage_taken":0,"max_hp_gain":0,"max_hp_loss":0,"event_name":"Bonfire Elementals","floor":12,"gold_loss":0},{"damage_healed":0,"gold_gain":0,"player_choice":"Ignored","damage_taken":0,"max_hp_gain":0,"max_hp_loss":0,"event_name":"Vampires","floor":31,"gold_loss":0}],"is_beta":true,"boss_relics":[{"not_picked":["Runic Cube","Ectoplasm"],"picked":"Runic Pyramid"}],"items_purged_floors":[],"is_endless":false,"potions_floor_spawned":[1,7,11,13,16,20,21,22,29],"killed_by":"Automaton","ascension_level":20}