{"gold_per_floor":[115,115,133,133,146,146,146,179,179,179,179,4,0],"floor_reached":13,"playtime":365,"items_purged":[],"score":166,"play_id":"d1491a74-2f2b-463e-b4c5-ef5f6edf27e4","local_time":"20201119140315","is_ascension_mode":true,"campfire_choices":[{"data":"Hemokinesis","floor":6,"key":"SMITH"}],"neow_cost":"NONE","seed_source_timestamp":651112122757100,"circlet_count":0,"master_deck":["AscendersBane","Strike_R","Strike_R","Strike_R+1","Strike_R","Defend_R","Defend_R","Defend_R","Defend_R+1","Bash+1","Sword Boomerang","Hemokinesis+1","Headbutt","Immolate"],"relics":["Burning Blood","Ornamental Fan","Pear"],"potions_floor_usage":[8,11],"damage_taken":[{"damage":9,"enemies":"2 Louse","floor":1,"turns":3},{"damage":5,"enemies":"Small Slimes","floor":3,"turns":3},{"damage":6,"enemies":"Jaw Worm","floor":5,"turns":4},{"damage":19,"enemies":"3 Sentries","floor":8,"turns":8},{"damage":0,"enemies":"Looter","floor":11,"turns":1},{"damage":13,"enemies":"Exordium Thugs","floor":13,"turns":1}],"seed_played":"-7422543269965936501","potions_obtained":[{"floor":1,"key":"EssenceOfSteel"},{"floor":5,"key":"SmokeBomb"},{"floor":8,"key":"LiquidBronze"}],"is_trial":false,"path_per_floor":["M","?","M","?","M","R","?","E","T","?","M","$","M"],"character_chosen":"IRONCLAD","items_purchased":["Immolate"],"campfire_rested":0,"item_purchase_floors":[12],"current_hp_per_floor":[72,65,66,41,41,41,41,28,38,3,9,9,0],"gold":0,"neow_bonus":"TEN_PERCENT_HP_BONUS","is_prod":false,"is_daily":false,"chose_seed":false,"campfire_upgraded":1,"win_rate":0,"timestamp":1605823395,"path_taken":["M","?","M","?","M","R","?","E","T","?","M","$","M"],"build_version":"2020-11-17","purchased_purges":0,"victory":false,"max_hp_per_floor":[82,82,82,82,82,82,82,82,92,92,92,92,92],"card_choices":[{"not_picked":["Pummel","Burning Pact"],"picked":"Sword Boomerang","floor":1},{"not_picked":["Bloodletting","Entrench"],"picked":"Hemokinesis","floor":3},{"not_picked":["Fire Breathing","Sentinel"],"picked":"Headbutt","floor":5},{"not_picked":["Cleave","Havoc","Sword Boomerang"],"picked":"SKIP","floor":8}],"player_experience":2876525,"relics_obtained":[{"floor":8,"key":"Ornamental Fan"},{"floor":9,"key":"Pear"}],"event_choices":[{"cards_removed":["Strike_R"],"damage_healed":0,"gold_gain":0,"player_choice":"Card Removal","damage_taken":7,"max_hp_gain":0,"max_hp_loss":0,"event_name":"Golden Wing","floor":2,"gold_loss":0},{"damage_healed":0,"gold_gain":0,"player_choice":"Entered Light","damage_taken":25,"max_hp_gain":0,"max_hp_loss":0,"event_name":"Shining Light","floor":4,"gold_loss":0,"cards_upgraded":["Defend_R","Strike_R"]},{"damage_healed":0,"gold_gain":0,"player_choice":"Grow","damage_taken":0,"max_hp_gain":0,"max_hp_loss":0,"event_name":"Living Wall","floor":7,"gold_loss":0,"cards_upgraded":["Bash"]},{"damage_healed":0,"gold_gain":0,"player_choice":"Fled","damage_taken":35,"max_hp_gain":0,"max_hp_loss":0,"event_name":"Scrap Ooze","floor":10,"gold_loss":0}],"is_beta":true,"boss_relics":[],"items_purged_floors":[],"is_endless":false,"potions_floor_spawned":[1,5,8],"killed_by":"Exordium Thugs","ascension_level":20}