{"gold_per_floor":[114,124,142,142,192,192,218,228,255,290,290,302,302,317,317,395,395,405,416,416,435,13,13,47,47,47,57,57,77,77,103,103,103],"floor_reached":33,"playtime":4867,"items_purged":[],"score":794,"play_id":"707bcae0-7e13-4c1f-86ff-1884513bcfc3","local_time":"20201116121039","is_ascension_mode":true,"campfire_choices":[{"data":"Bludgeon","floor":6.0,"key":"SMITH"},{"data":"Bash","floor":11.0,"key":"SMITH"},{"data":"True Grit","floor":13.0,"key":"SMITH"},{"data":"Pommel Strike","floor":15,"key":"SMITH"},{"data":"Immolate","floor":23,"key":"SMITH"},{"data":"Power Through","floor":25,"key":"SMITH"},{"floor":28,"key":"REST"},{"floor":32,"key":"REST"}],"neow_cost":"NONE","seed_source_timestamp":380536006626000,"circlet_count":0,"master_deck":["AscendersBane","Strike_R","Strike_R","Strike_R","Strike_R","Strike_R","Defend_R","Defend_R","Defend_R","Defend_R","Bash+1","Rampage","Bludgeon+1","Pommel Strike+1","Power Through+1","Evolve","True Grit+1","Immolate+1","Shrug It Off","Shrug It Off","Armaments+1","Feed"],"special_seed":0,"relics":["Burning Blood","Potion Belt","Pen Nib","PreservedInsect","Oddly Smooth Stone","Velvet Choker","Nilry\u0027s Codex","Self Forming Clay","Medical Kit","Bottled Lightning","Red Skull","White Beast Statue","Blue Candle"],"potions_floor_usage":[19,24,29,31,33,33,33],"damage_taken":[{"damage":7.0,"enemies":"Small Slimes","floor":1.0,"turns":4.0},{"damage":4.0,"enemies":"Jaw Worm","floor":2.0,"turns":4.0},{"damage":1.0,"enemies":"Cultist","floor":3.0,"turns":3.0},{"damage":25.0,"enemies":"3 Sentries","floor":7.0,"turns":6.0},{"damage":37.0,"enemies":"Gremlin Gang","floor":8.0,"turns":6.0},{"damage":0.0,"enemies":"Lagavulin","floor":10.0,"turns":2.0},{"damage":0.0,"enemies":"Blue Slaver","floor":12.0,"turns":2.0},{"damage":7,"enemies":"Exordium Wildlife","floor":14,"turns":4},{"damage":35,"enemies":"Hexaghost","floor":16,"turns":9},{"damage":0,"enemies":"Chosen","floor":18,"turns":4},{"damage":11,"enemies":"Shell Parasite","floor":19,"turns":2},{"damage":2,"enemies":"3 Cultists","floor":21,"turns":5},{"damage":0,"enemies":"Book of Stabbing","floor":24,"turns":1},{"damage":24,"enemies":"Snake Plant","floor":27,"turns":4},{"damage":14,"enemies":"Cultist and Chosen","floor":29,"turns":7},{"damage":0,"enemies":"Gremlin Leader","floor":31,"turns":2},{"damage":120,"enemies":"Collector","floor":33,"turns":9}],"seed_played":"-2340429108536076239","potions_obtained":[{"floor":8.0,"key":"Block Potion"},{"floor":10.0,"key":"DuplicationPotion"},{"floor":14,"key":"Swift Potion"},{"floor":16,"key":"BloodPotion"},{"floor":21,"key":"Block Potion"},{"floor":24,"key":"SmokeBomb"},{"floor":27,"key":"FearPotion"},{"floor":31,"key":"PowerPotion"}],"is_trial":false,"path_per_floor":["M","M","M","?","?","R","E","M","T","E","R","M","R","M","R","B",null,"M","M","?","M","$","R","E","R","T","M","R","M","T","E","R","B"],"character_chosen":"IRONCLAD","items_purchased":["Self Forming Clay","Medical Kit"],"campfire_rested":2,"item_purchase_floors":[22,22],"current_hp_per_floor":[67,69,74,79,79,79,60,29,29,35,35,41,41,40,40,11,63,69,64,43,47,47,47,53,53,53,35,59,51,51,57,80,0],"gold":103,"neow_bonus":"RANDOM_COMMON_RELIC","is_prod":false,"is_daily":false,"chose_seed":false,"campfire_upgraded":6,"win_rate":0,"timestamp":1605557439,"path_taken":["M","M","M","?","?","R","E","?","T","E","R","M","R","?","R","BOSS","M","M","?","M","$","R","E","R","T","M","R","M","?","E","R","BOSS"],"build_version":"2020-11-12","purchased_purges":0,"victory":false,"max_hp_per_floor":[75,75,75,80,80,80,80,80,80,80,80,80,80,80,80,80,80,80,80,80,80,80,80,80,80,80,80,80,80,80,80,80,80],"card_choices":[{"not_picked":["Cleave","Armaments"],"picked":"Rampage","floor":1.0},{"not_picked":["Pommel Strike","Wild Strike"],"picked":"Bludgeon","floor":2.0},{"not_picked":["Flex","Sever Soul"],"picked":"Pommel Strike","floor":3.0},{"not_picked":["Blood for Blood","Heavy Blade","Havoc"],"picked":"SKIP","floor":7.0},{"not_picked":["Wild Strike","Cleave"],"picked":"Power Through","floor":8.0},{"not_picked":["Bloodletting","Ghostly Armor"],"picked":"Evolve","floor":10.0},{"not_picked":["Dark Embrace","Entrench"],"picked":"True Grit","floor":12.0},{"not_picked":["Cleave","Headbutt","Warcry"],"picked":"SKIP","floor":14},{"not_picked":["Barricade","Juggernaut"],"picked":"Immolate","floor":16},{"not_picked":["Armaments","Hemokinesis","Perfected Strike"],"picked":"SKIP","floor":18},{"not_picked":["Thunderclap","Twin Strike"],"picked":"Shrug It Off","floor":19},{"not_picked":["Armaments","Heavy Blade","Iron Wave+1"],"picked":"SKIP","floor":21},{"not_picked":["Thunderclap","Warcry"],"picked":"Shrug It Off","floor":24},{"not_picked":["Flex","Perfected Strike","Iron Wave"],"picked":"SKIP","floor":27},{"not_picked":["Feel No Pain","Evolve"],"picked":"Armaments+1","floor":29},{"not_picked":["Headbutt","Clash"],"picked":"Feed","floor":31}],"player_experience":2842909,"relics_obtained":[{"floor":7.0,"key":"Pen Nib"},{"floor":9.0,"key":"PreservedInsect"},{"floor":10.0,"key":"Oddly Smooth Stone"},{"floor":20,"key":"Nilry\u0027s Codex"},{"floor":24,"key":"Bottled Lightning"},{"floor":26,"key":"Red Skull"},{"floor":30,"key":"White Beast Statue"},{"floor":31,"key":"Blue Candle"}],"event_choices":[{"damage_healed":0.0,"max_hp_gain":5.0,"max_hp_loss":0.0,"gold_gain":0.0,"event_name":"Big Fish","player_choice":"Donut","floor":4.0,"gold_loss":0.0,"damage_taken":0.0},{"damage_healed":0.0,"max_hp_gain":0.0,"max_hp_loss":0.0,"gold_gain":50.0,"event_name":"Golden Shrine","player_choice":"Pray","floor":5.0,"gold_loss":0.0,"damage_taken":0.0},{"damage_healed":0,"gold_gain":0,"player_choice":"Obtained Book","damage_taken":21,"max_hp_gain":0,"max_hp_loss":0,"event_name":"Cursed Tome","floor":20,"gold_loss":0}],"is_beta":true,"boss_relics":[{"not_picked":["Coffee Dripper","Black Star"],"picked":"Velvet Choker"}],"items_purged_floors":[],"is_endless":false,"potions_floor_spawned":[8,10,14,16,21,24,27,31],"killed_by":"Collector","ascension_level":20}