{"gold_per_floor":[114,114,128,147,163,163,189,189,216,291,324,324,341,374,374,452,452,470,480,480,530,312,312,324,108,133,158,158,185,185,218,218,295,295,314,152,164,164,29,29,54,2,2,28,44,44,73,90,90,90,90,90,90,35,35],"floor_reached":55,"playtime":4820,"items_purged":["Strike_R","Strike_R","Strike_R"],"score":2308,"play_id":"42a913fe-6010-4b21-bf08-6ef1fa0b7c84","local_time":"20201112161143","is_ascension_mode":true,"campfire_choices":[{"data":"Pommel Strike","floor":6.0,"key":"SMITH"},{"data":"Uppercut","floor":12.0,"key":"SMITH"},{"data":"Combust","floor":15.0,"key":"SMITH"},{"floor":23,"key":"REST"},{"data":"Power Through","floor":30,"key":"SMITH"},{"floor":32,"key":"REST"},{"data":"Barricade","floor":40,"key":"SMITH"},{"floor":46,"key":"RECALL"},{"data":"Disarm","floor":49,"key":"SMITH"},{"data":"Fiend Fire","floor":53,"key":"SMITH"}],"neow_cost":"TEN_PERCENT_HP_LOSS","seed_source_timestamp":0,"circlet_count":0,"master_deck":["AscendersBane","Defend_R","Defend_R","Defend_R","Bash+1","Burning Pact","Cleave","Shrug It Off","Pommel Strike+1","Feel No Pain","Uppercut+1","Evolve","Reckless Charge","Combust+1","Offering","Armaments+1","Warcry+1","Disarm+1","Power Through+1","Barricade+1","Spot Weakness","Juggernaut","Seeing Red","Power Through+1","Fiend Fire+1","Dark Embrace","Shame","Disarm+1","Body Slam","Bloodletting+1"],"special_seed":0,"relics":["Burning Blood","Bag of Preparation","Smiling Mask","Bronze Scales","CaptainsWheel","Black Star","MutagenicStrength","Happy Flower","Bag of Marbles","Pen Nib","Akabeko","Sundial","Ornamental Fan","Regal Pillow","Red Skull","Lizard Tail","Cursed Key","Orrery","Vajra","Potion Belt","Anchor","Letter Opener","Eternal Feather","Singing Bowl","Juzu Bracelet"],"potions_floor_usage":[19,29,33,33,37,41,51],"damage_taken":[{"damage":1.0,"enemies":"Small Slimes","floor":1.0,"turns":4.0},{"damage":1.0,"enemies":"Cultist","floor":3.0,"turns":4.0},{"damage":0.0,"enemies":"2 Louse","floor":4.0,"turns":2.0},{"damage":1.0,"enemies":"Exordium Wildlife","floor":5.0,"turns":3.0},{"damage":14.0,"enemies":"Lagavulin","floor":7.0,"turns":7.0},{"damage":8.0,"enemies":"Gremlin Nob","floor":11.0,"turns":3.0},{"damage":5.0,"enemies":"2 Fungi Beasts","floor":13.0,"turns":3.0},{"damage":24.0,"enemies":"Lagavulin","floor":14.0,"turns":6.0},{"damage":11.0,"enemies":"Slime Boss","floor":16.0,"turns":8.0},{"damage":9,"enemies":"3 Byrds","floor":18,"turns":2},{"damage":18,"enemies":"2 Thieves","floor":19,"turns":2},{"damage":16,"enemies":"Snecko","floor":24,"turns":4},{"damage":15,"enemies":"Gremlin Leader","floor":27,"turns":5},{"damage":6,"enemies":"Book of Stabbing","floor":29,"turns":6},{"damage":32,"enemies":"Gremlin Leader","floor":31,"turns":6},{"damage":13,"enemies":"Automaton","floor":33,"turns":8},{"damage":19,"enemies":"3 Darklings","floor":35,"turns":3},{"damage":6,"enemies":"3 Shapes","floor":37,"turns":6},{"damage":6,"enemies":"Giant Head","floor":41,"turns":6},{"damage":36,"enemies":"Reptomancer","floor":44,"turns":3},{"damage":16,"enemies":"Jaw Worm Horde","floor":45,"turns":4},{"damage":6,"enemies":"Nemesis","floor":47,"turns":1},{"damage":6,"enemies":"3 Darklings","floor":48,"turns":4},{"damage":52,"enemies":"Awakened One","floor":50,"turns":10},{"damage":10,"enemies":"Donu and Deca","floor":51,"turns":10},{"damage":107,"enemies":"Shield and Spear","floor":55,"turns":5}],"seed_played":"8450099748380799760","potions_obtained":[{"floor":4.0,"key":"SneckoOil"},{"floor":5.0,"key":"GamblersBrew"},{"floor":11.0,"key":"Strength Potion"},{"floor":18,"key":"LiquidMemories"},{"floor":24,"key":"BloodPotion"},{"floor":29,"key":"PowerPotion"},{"floor":33,"key":"SneckoOil"},{"floor":35,"key":"BloodPotion"},{"floor":37,"key":"Strength Potion"}],"is_trial":false,"path_per_floor":["M","?","M","M","M","R","E","?","T","?","E","R","M","E","R","B",null,"M","M","?","?","$","R","M","$","T","E","?","E","R","E","R","B",null,"M","$","M","?","$","R","E","?","T","E","M","R","E","M","R","B","B",null,"R","$","E"],"character_chosen":"IRONCLAD","items_purchased":["Happy Flower","Bag of Marbles","Orrery","Dark Embrace","SpeedPotion"],"campfire_rested":2,"item_purchase_floors":[22,25,36,39,54],"current_hp_per_floor":[68,68,68,68,68,68,60,60,60,49,47,47,48,30,30,25,57,54,42,42,42,42,62,52,52,52,43,43,56,56,30,65,58,66,53,53,66,66,66,66,66,66,66,36,26,41,41,41,59,13,9,53,68,68,0],"gold":35,"neow_bonus":"TRANSFORM_TWO_CARDS","is_prod":false,"is_daily":false,"chose_seed":false,"campfire_upgraded":7,"win_rate":0,"timestamp":1605226303,"path_taken":["M","?","?","?","M","R","E","?","T","?","E","R","?","E","R","BOSS","BOSS","M","M","?","?","$","R","M","$","T","E","?","E","R","E","R","BOSS","M","$","M","?","?","R","E","?","T","E","?","R","E","M","R","BOSS","BOSS","R","$","E"],"build_version":"2020-11-10","purchased_purges":3,"victory":false,"max_hp_per_floor":[68,68,68,68,68,68,68,68,68,68,68,68,68,68,68,68,68,68,68,68,68,68,68,68,68,68,68,68,68,68,68,68,68,68,68,68,68,68,68,68,68,68,68,68,68,68,68,68,68,68,68,68,68,68,68],"card_choices":[{"not_picked":["Twin Strike","Clothesline"],"picked":"Shrug It Off","floor":1.0},{"not_picked":["Sword Boomerang","Infernal Blade"],"picked":"Pommel Strike","floor":3.0},{"not_picked":["Cleave","Pummel"],"picked":"Feel No Pain","floor":4.0},{"not_picked":["Iron Wave","Perfected Strike","Cleave"],"picked":"SKIP","floor":5.0},{"not_picked":["Headbutt","Rupture"],"picked":"Uppercut","floor":7.0},{"not_picked":["Bludgeon","Wild Strike"],"picked":"Evolve","floor":11.0},{"not_picked":["True Grit","Flex"],"picked":"Reckless Charge","floor":13.0},{"not_picked":["Warcry","Havoc"],"picked":"Combust","floor":14.0},{"not_picked":["Bludgeon","Double Tap"],"picked":"Offering","floor":16},{"not_picked":["Intimidate","Wild Strike"],"picked":"Armaments+1","floor":18},{"not_picked":["Clothesline","True Grit"],"picked":"Warcry+1","floor":19},{"not_picked":["Uppercut","Heavy Blade"],"picked":"Disarm+1","floor":24},{"not_picked":["Anger","Clothesline","Shrug It Off"],"picked":"SKIP","floor":27},{"not_picked":["Warcry","Pummel","Cleave"],"picked":"SKIP","floor":29},{"not_picked":["Headbutt","Rage","Infernal Blade"],"picked":"SKIP","floor":31},{"not_picked":["Feed","Offering"],"picked":"Barricade","floor":33},{"not_picked":["Body Slam","Cleave"],"picked":"Spot Weakness","floor":35},{"not_picked":["Ghostly Armor","Perfected Strike"],"picked":"Juggernaut","floor":36},{"not_picked":["Sever Soul","Cleave"],"picked":"Seeing Red","floor":36},{"not_picked":["Fiend Fire","Fire Breathing"],"picked":"Power Through+1","floor":36},{"not_picked":["Metallicize","Rampage"],"picked":"Fiend Fire","floor":36},{"not_picked":["Clothesline+1","Twin Strike","Wild Strike+1"],"picked":"SKIP","floor":37},{"not_picked":["Uppercut+1","Evolve+1","Carnage"],"picked":"SKIP","floor":41},{"not_picked":["Flame Barrier","Spot Weakness+1"],"picked":"Disarm","floor":44},{"not_picked":["Thunderclap","Flex","Intimidate"],"picked":"SKIP","floor":45},{"not_picked":["Iron Wave","Armaments"],"picked":"Body Slam","floor":47},{"not_picked":["Clash","Flame Barrier"],"picked":"Bloodletting+1","floor":48}],"player_experience":2766143,"relics_obtained":[{"floor":7.0,"key":"Bag of Preparation"},{"floor":9.0,"key":"Smiling Mask"},{"floor":11.0,"key":"Bronze Scales"},{"floor":14.0,"key":"CaptainsWheel"},{"floor":26,"key":"Pen Nib"},{"floor":27,"key":"Akabeko"},{"floor":27,"key":"Sundial"},{"floor":29,"key":"Ornamental Fan"},{"floor":29,"key":"Regal Pillow"},{"floor":31,"key":"Red Skull"},{"floor":31,"key":"Lizard Tail"},{"floor":41,"key":"Vajra"},{"floor":41,"key":"Potion Belt"},{"floor":44,"key":"Letter Opener"},{"floor":44,"key":"Eternal Feather"},{"floor":47,"key":"Singing Bowl"},{"floor":47,"key":"Juzu Bracelet"}],"event_choices":[{"damage_healed":0.0,"max_hp_gain":0.0,"max_hp_loss":0.0,"gold_gain":0.0,"event_name":"Upgrade Shrine","player_choice":"Upgraded","floor":2.0,"gold_loss":0.0,"damage_taken":0.0,"cards_upgraded":["Bash"]},{"damage_healed":0.0,"max_hp_gain":0.0,"max_hp_loss":0.0,"gold_gain":0.0,"event_name":"Liars Game","player_choice":"Ignored","floor":8.0,"gold_loss":0.0,"damage_taken":0.0},{"damage_healed":0.0,"max_hp_gain":0.0,"max_hp_loss":0.0,"gold_gain":75.0,"event_name":"World of Goop","player_choice":"Gather Gold","floor":10.0,"gold_loss":0.0,"damage_taken":11.0},{"damage_healed":0,"gold_gain":0,"player_choice":"Inject Mutagens","damage_taken":0,"relics_obtained":["MutagenicStrength"],"max_hp_gain":0,"max_hp_loss":0,"event_name":"Drug Dealer","floor":20,"gold_loss":0},{"damage_healed":0,"gold_gain":50,"player_choice":"Stole From Cult","damage_taken":0,"max_hp_gain":0,"max_hp_loss":0,"event_name":"Nest","floor":21,"gold_loss":0},{"damage_healed":0,"gold_gain":0,"player_choice":"Read","damage_taken":0,"max_hp_gain":0,"max_hp_loss":0,"event_name":"The Library","floor":28,"gold_loss":0,"cards_obtained":["Power Through"]},{"cards_removed":["Strike_R"],"damage_healed":0,"gold_gain":0,"player_choice":"Offered Basic","damage_taken":0,"max_hp_gain":0,"max_hp_loss":0,"event_name":"Bonfire Elementals","floor":38,"gold_loss":0},{"damage_healed":0,"gold_gain":0,"player_choice":"Paid Gold","damage_taken":0,"relics_obtained":["Anchor"],"max_hp_gain":0,"max_hp_loss":0,"event_name":"WeMeetAgain","floor":42,"gold_loss":52}],"is_beta":true,"boss_relics":[{"not_picked":["Tiny House","Ectoplasm"],"picked":"Black Star"},{"not_picked":["Empty Cage","Velvet Choker"],"picked":"Cursed Key"}],"items_purged_floors":[22,25,39],"is_endless":false,"potions_floor_spawned":[4,5,11,18,24,29,33,35,37],"killed_by":"Shield and Spear","ascension_level":20}