{"gold_per_floor":[17,35,88,88,100,100,134,150,150,150,162,162,173,208,208,293,374,391,407,311,361,361,370,398,398,398,398,398,180,223,193,193,278,278,294,312,335,8,24,49,49],"floor_reached":41,"playtime":9342,"items_purged":["Havoc"],"score":963,"play_id":"a9d0820c-f413-4027-98ab-448c2699507a","local_time":"20201114200518","is_ascension_mode":true,"campfire_choices":[{"data":"Armaments","floor":6,"key":"SMITH"},{"data":"Anger","floor":10,"key":"SMITH"},{"data":"Uppercut","floor":12,"key":"SMITH"},{"data":"Combust","floor":15,"key":"SMITH"},{"floor":23,"key":"REST"},{"data":"Rupture","floor":25,"key":"SMITH"},{"floor":28,"key":"REST"},{"floor":32,"key":"REST"}],"neow_cost":"NO_GOLD","seed_source_timestamp":231844602644500,"circlet_count":0,"master_deck":["AscendersBane","Bash+1","Armaments+1","Anger+1","Headbutt","Evolve","Feel No Pain","Uppercut+1","Offering","Combust+1","Juggernaut","Intimidate","Body Slam","Rupture+1","Metallicize","Demon Form","Cleave","Metallicize","Hemokinesis","Shrug It Off","Shockwave","Rupture+1","Reaper","Exhume","Dark Embrace"],"relics":["Burning Blood","Regal Pillow","White Beast Statue","Dream Catcher","CeramicFish","Pandora\u0027s Box","Omamori","Ancient Tea Set","DollysMirror","Nunchaku","Busted Crown","Lantern","Strawberry","Paper Frog"],"potions_floor_usage":[7,11,14,16,24,24,30,30,33,36,37,39,40,41],"damage_taken":[{"damage":6,"enemies":"Cultist","floor":1,"turns":3},{"damage":2,"enemies":"2 Louse","floor":2,"turns":4},{"damage":0,"enemies":"Small Slimes","floor":5,"turns":3},{"damage":8,"enemies":"Gremlin Nob","floor":7,"turns":3},{"damage":6,"enemies":"Looter","floor":8,"turns":3},{"damage":7,"enemies":"3 Louse","floor":11,"turns":4},{"damage":10,"enemies":"Gremlin Gang","floor":13,"turns":5},{"damage":23,"enemies":"3 Sentries","floor":14,"turns":6},{"damage":35,"enemies":"Slime Boss","floor":16,"turns":6},{"damage":40,"enemies":"Spheric Guardian","floor":18,"turns":5},{"damage":18,"enemies":"Shell Parasite","floor":19,"turns":5},{"damage":47,"enemies":"Gremlin Leader","floor":24,"turns":6},{"damage":47,"enemies":"Book of Stabbing","floor":30,"turns":5},{"damage":75,"enemies":"Collector","floor":33,"turns":8},{"damage":30,"enemies":"3 Darklings","floor":35,"turns":4},{"damage":24,"enemies":"3 Shapes","floor":36,"turns":5},{"damage":44,"enemies":"Sphere and 2 Shapes","floor":37,"turns":4},{"damage":70,"enemies":"3 Darklings","floor":39,"turns":5},{"damage":85,"enemies":"Nemesis","floor":40,"turns":7},{"damage":43,"enemies":"Writhing Mass","floor":41,"turns":4}],"seed_played":"7758827867573151981","potions_obtained":[{"floor":1,"key":"SpeedPotion"},{"floor":2,"key":"Swift Potion"},{"floor":5,"key":"SkillPotion"},{"floor":8,"key":"Ancient Potion"},{"floor":11,"key":"Dexterity Potion"},{"floor":13,"key":"AttackPotion"},{"floor":14,"key":"ColorlessPotion"},{"floor":16,"key":"FearPotion"},{"floor":18,"key":"HeartOfIron"},{"floor":24,"key":"FearPotion"},{"floor":30,"key":"Block Potion"},{"floor":31,"key":"Weak Potion"},{"floor":33,"key":"DuplicationPotion"},{"floor":35,"key":"EssenceOfSteel"},{"floor":36,"key":"Fire Potion"},{"floor":37,"key":"LiquidBronze"},{"floor":39,"key":"Ancient Potion"},{"floor":40,"key":"Fire Potion"}],"is_trial":false,"path_per_floor":["M","M","T","?","M","R","E","M","T","R","M","R","M","E","R","B",null,"M","M","$","?","?","R","E","R","T","$","R","$","E","?","R","B",null,"M","M","M","$","M","E","M"],"character_chosen":"IRONCLAD","items_purchased":["Shrug It Off","AttackPotion","DollysMirror","Lantern","Strawberry"],"campfire_rested":3,"item_purchase_floors":[20,29,29,38,38],"current_hp_per_floor":[82,86,86,59,65,65,63,63,63,63,62,62,58,41,41,12,70,36,24,24,24,24,65,24,24,24,24,65,65,24,24,65,31,75,81,63,25,32,64,13,0],"gold":49,"neow_bonus":"TWENTY_PERCENT_HP_BONUS","is_prod":false,"is_daily":false,"chose_seed":false,"campfire_upgraded":5,"win_rate":0,"timestamp":1605413118,"path_taken":["M","M","?","?","M","R","E","M","T","R","M","R","M","E","R","BOSS","M","M","$","?","?","R","E","R","T","$","R","$","E","?","R","BOSS","M","?","?","$","M","E","M"],"build_version":"2020-11-12","purchased_purges":1,"victory":false,"max_hp_per_floor":[89,89,89,89,89,89,89,89,89,89,89,89,89,89,89,89,89,89,89,89,89,89,89,89,89,89,89,89,89,89,89,89,89,89,89,89,89,96,96,96,96],"card_choices":[{"not_picked":["Burning Pact","Dropkick"],"picked":"Armaments","floor":1},{"not_picked":["Havoc","Heavy Blade"],"picked":"Anger","floor":2},{"not_picked":["Dropkick","Armaments"],"picked":"Headbutt","floor":5},{"not_picked":["Perfected Strike","Headbutt"],"picked":"Evolve","floor":7},{"not_picked":["Heavy Blade","Havoc"],"picked":"Feel No Pain","floor":8},{"not_picked":["Whirlwind","Wild Strike"],"picked":"Uppercut","floor":11},{"not_picked":["Perfected Strike","Flame Barrier"],"picked":"Offering","floor":13},{"not_picked":["Pommel Strike","Cleave"],"picked":"Combust","floor":14},{"not_picked":["Fiend Fire","Exhume"],"picked":"Juggernaut","floor":16},{"not_picked":["Rampage+1","Thunderclap","Perfected Strike"],"picked":"SKIP","floor":18},{"not_picked":["Carnage+1","Thunderclap","Iron Wave"],"picked":"SKIP","floor":19},{"not_picked":["Iron Wave","Anger+1"],"picked":"Shockwave","floor":23},{"not_picked":["Headbutt","Searing Blow","Warcry"],"picked":"SKIP","floor":24},{"not_picked":["Sword Boomerang","Headbutt+1"],"picked":"Reaper","floor":30},{"not_picked":["Fiend Fire","Feed"],"picked":"Exhume","floor":33},{"not_picked":["Flex"],"picked":"SKIP","floor":35},{"not_picked":["Anger"],"picked":"SKIP","floor":36},{"not_picked":[],"picked":"Dark Embrace","floor":37},{"not_picked":["Thunderclap+1"],"picked":"SKIP","floor":39},{"not_picked":["Feel No Pain"],"picked":"SKIP","floor":40}],"player_experience":2808493,"relics_obtained":[{"floor":3,"key":"Regal Pillow"},{"floor":7,"key":"White Beast Statue"},{"floor":9,"key":"Dream Catcher"},{"floor":14,"key":"CeramicFish"},{"floor":24,"key":"Omamori"},{"floor":26,"key":"Ancient Tea Set"},{"floor":30,"key":"Nunchaku"},{"floor":40,"key":"Paper Frog"}],"event_choices":[{"damage_healed":0,"gold_gain":0,"player_choice":"Entered Light","damage_taken":27,"max_hp_gain":0,"max_hp_loss":0,"event_name":"Shining Light","floor":4,"gold_loss":0,"cards_upgraded":["Defend_R","Bash"]},{"damage_healed":0,"gold_gain":50,"player_choice":"Stole From Cult","damage_taken":0,"max_hp_gain":0,"max_hp_loss":0,"event_name":"Nest","floor":21,"gold_loss":0},{"damage_healed":0,"gold_gain":0,"player_choice":"Ignored","damage_taken":0,"max_hp_gain":0,"max_hp_loss":0,"event_name":"Beggar","floor":22,"gold_loss":0},{"damage_healed":0,"gold_gain":0,"player_choice":"Bought 2 Potions","damage_taken":0,"max_hp_gain":0,"max_hp_loss":0,"event_name":"The Woman in Blue","floor":31,"gold_loss":0}],"is_beta":true,"boss_relics":[{"not_picked":["SlaversCollar","Runic Dome"],"picked":"Pandora\u0027s Box"},{"not_picked":["Calling Bell","Tiny House"],"picked":"Busted Crown"}],"items_purged_floors":[20],"is_endless":false,"potions_floor_spawned":[1,2,5,8,11,13,14,16,18,19,24,30,33,35,36,37,39,40],"killed_by":"Writhing Mass","ascension_level":20}