{"gold_per_floor":[115,125,135,7,21,21,53,64,91,109,109,143,153,170,170,170],"floor_reached":16,"playtime":1728,"items_purged":[],"score":257,"play_id":"c686a416-4e09-41e7-9f5c-9c04627dc2d1","local_time":"20201111191053","is_ascension_mode":true,"campfire_choices":[{"data":"Hemokinesis","floor":6,"key":"SMITH"},{"data":"Spot Weakness","floor":11,"key":"SMITH"},{"data":"Bash","floor":15,"key":"SMITH"}],"neow_cost":"NONE","seed_source_timestamp":2398941225150300,"circlet_count":0,"master_deck":["AscendersBane","Strike_R","Strike_R","Strike_R","Strike_R","Strike_R","Defend_R","Defend_R","Defend_R","Defend_R","Bash+1","Flex","Feel No Pain","Hemokinesis+1","Feed","Spot Weakness+1","Shrug It Off","Sword Boomerang","Shrug It Off"],"relics":["Burning Blood","Strawberry","Bag of Preparation","Tiny Chest"],"potions_floor_usage":[7,16,16],"damage_taken":[{"damage":2,"enemies":"Cultist","floor":1,"turns":4},{"damage":15,"enemies":"Small Slimes","floor":2,"turns":4},{"damage":15,"enemies":"2 Louse","floor":3,"turns":2},{"damage":12,"enemies":"Looter","floor":5,"turns":4},{"damage":14,"enemies":"3 Sentries","floor":7,"turns":9},{"damage":14,"enemies":"3 Louse","floor":8,"turns":4},{"damage":4,"enemies":"2 Fungi Beasts","floor":10,"turns":4},{"damage":36,"enemies":"Lagavulin","floor":12,"turns":7},{"damage":7,"enemies":"Blue Slaver","floor":13,"turns":4},{"damage":2,"enemies":"3 Louse","floor":14,"turns":4},{"damage":33,"enemies":"Hexaghost","floor":16,"turns":7}],"seed_played":"6164717711557184396","potions_obtained":[{"floor":1,"key":"ColorlessPotion"},{"floor":3,"key":"Strength Potion"},{"floor":8,"key":"Explosive Potion"}],"is_trial":false,"path_per_floor":["M","M","M","$","M","R","E","M","T","M","R","E","M","M","R","B"],"character_chosen":"IRONCLAD","items_purchased":["Hemokinesis","Fire Potion"],"campfire_rested":0,"item_purchase_floors":[4,4],"current_hp_per_floor":[79,70,61,61,55,55,54,49,49,54,54,24,26,33,33,0],"gold":170,"neow_bonus":"TEN_PERCENT_HP_BONUS","is_prod":false,"is_daily":false,"chose_seed":false,"campfire_upgraded":3,"win_rate":0,"timestamp":1605150653,"path_taken":["M","M","M","$","M","R","E","M","T","?","R","E","M","M","R","BOSS"],"build_version":"2020-11-10","purchased_purges":0,"victory":false,"max_hp_per_floor":[82,82,82,82,82,82,89,92,92,95,95,95,98,101,101,101],"card_choices":[{"not_picked":["Heavy Blade","Havoc","Clash"],"picked":"SKIP","floor":1},{"not_picked":["Armaments","Power Through"],"picked":"Flex","floor":2},{"not_picked":["Entrench","Dropkick"],"picked":"Feel No Pain","floor":3},{"not_picked":["Armaments","Perfected Strike","Power Through"],"picked":"SKIP","floor":5},{"not_picked":["Twin Strike","Perfected Strike"],"picked":"Feed","floor":7},{"not_picked":["Perfected Strike","Flame Barrier"],"picked":"Spot Weakness","floor":8},{"not_picked":["Spot Weakness","Power Through"],"picked":"Shrug It Off","floor":10},{"not_picked":["Perfected Strike","Bludgeon","Armaments"],"picked":"SKIP","floor":12},{"not_picked":["Warcry","Headbutt"],"picked":"Sword Boomerang","floor":13},{"not_picked":["Sever Soul","Entrench"],"picked":"Shrug It Off","floor":14}],"player_experience":2756972,"relics_obtained":[{"floor":7,"key":"Strawberry"},{"floor":9,"key":"Bag of Preparation"},{"floor":12,"key":"Tiny Chest"}],"event_choices":[],"is_beta":true,"boss_relics":[],"items_purged_floors":[],"is_endless":false,"potions_floor_spawned":[1,3,8,13,14],"killed_by":"Hexaghost","ascension_level":20}