{"gold_per_floor":[117,129,143,158,47,47,62,92,92,92,104,136,211,245,245,245],"floor_reached":16,"playtime":819,"items_purged":["Strike_R"],"score":244,"play_id":"72ec528e-a44f-42b2-98d8-e8eb7b89c05a","local_time":"20201110225701","is_ascension_mode":true,"campfire_choices":[{"data":"Hemokinesis","floor":6,"key":"SMITH"},{"floor":10,"key":"REST"},{"data":"Immolate","floor":15,"key":"SMITH"}],"neow_cost":"NONE","seed_source_timestamp":2327018340031400,"circlet_count":0,"master_deck":["AscendersBane","Strike_R","Strike_R","Strike_R","Defend_R","Defend_R","Defend_R","Defend_R","Bash","Sword Boomerang","Flex","Clothesline","Anger","Hemokinesis+1","Metallicize","Immolate+1","Shrug It Off"],"relics":["Burning Blood","CaptainsWheel","Akabeko","Gambling Chip"],"potions_floor_usage":[8,14],"damage_taken":[{"damage":6,"enemies":"Cultist","floor":1,"turns":4},{"damage":7,"enemies":"Jaw Worm","floor":2,"turns":3},{"damage":4,"enemies":"Small Slimes","floor":3,"turns":3},{"damage":45,"enemies":"Gremlin Gang","floor":4,"turns":7},{"damage":10,"enemies":"3 Louse","floor":7,"turns":3},{"damage":17,"enemies":"3 Sentries","floor":8,"turns":9},{"damage":5,"enemies":"Blue Slaver","floor":11,"turns":2},{"damage":7,"enemies":"Gremlin Nob","floor":12,"turns":4},{"damage":10,"enemies":"3 Sentries","floor":14,"turns":3},{"damage":23,"enemies":"Slime Boss","floor":16,"turns":6}],"seed_played":"-3217883262927441865","potions_obtained":[{"floor":1,"key":"Dexterity Potion"},{"floor":7,"key":"Fire Potion"},{"floor":11,"key":"LiquidBronze"},{"floor":12,"key":"SteroidPotion"}],"is_trial":false,"path_per_floor":["M","M","M","M","$","R","M","E","T","R","M","E","?","E","R","B"],"character_chosen":"IRONCLAD","items_purchased":["Metallicize"],"campfire_rested":1,"item_purchase_floors":[5],"current_hp_per_floor":[68,67,69,30,30,30,26,15,15,37,38,37,26,22,22,0],"gold":245,"neow_bonus":"TRANSFORM_CARD","is_prod":false,"is_daily":false,"chose_seed":false,"campfire_upgraded":2,"win_rate":0,"timestamp":1605077821,"path_taken":["M","M","M","?","$","R","M","E","T","R","M","E","?","E","R","BOSS"],"build_version":"2020-11-10","purchased_purges":1,"victory":false,"max_hp_per_floor":[75,75,75,75,75,75,75,75,75,75,75,75,75,75,75,75],"card_choices":[{"not_picked":["Bloodletting","Wild Strike"],"picked":"Flex","floor":1},{"not_picked":["Warcry","Seeing Red"],"picked":"Clothesline","floor":2},{"not_picked":["Ghostly Armor","Armaments"],"picked":"Anger","floor":3},{"not_picked":["Cleave","Ghostly Armor"],"picked":"Hemokinesis","floor":4},{"not_picked":["Armaments","Dropkick","Wild Strike"],"picked":"SKIP","floor":7},{"not_picked":["Headbutt","Sword Boomerang"],"picked":"Immolate","floor":8},{"not_picked":["Pommel Strike","Havoc"],"picked":"Shrug It Off","floor":11},{"not_picked":["Clothesline","Flex","Havoc"],"picked":"SKIP","floor":12},{"not_picked":["Sword Boomerang","Clash","Anger"],"picked":"SKIP","floor":14}],"player_experience":2751485,"relics_obtained":[{"floor":8,"key":"CaptainsWheel"},{"floor":12,"key":"Akabeko"},{"floor":14,"key":"Gambling Chip"}],"event_choices":[{"damage_healed":0,"gold_gain":75,"player_choice":"Gather Gold","damage_taken":11,"max_hp_gain":0,"max_hp_loss":0,"event_name":"World of Goop","floor":13,"gold_loss":0}],"is_beta":true,"boss_relics":[],"items_purged_floors":[5],"is_endless":false,"potions_floor_spawned":[1,7,11,12],"killed_by":"Slime Boss","ascension_level":20}