{"gold_per_floor":[116,116,130,146,146,185,185,225,225,150,171,171,195,195,195,291,291,306,306,349,367,387,418,418,120,146,182,182,218,237,237,237,237],"floor_reached":33,"playtime":2615,"items_purged":["Strike_R","Strike_R"],"score":676,"play_id":"0bf83630-9ab9-4601-89f3-ff0238186493","local_time":"20201115164233","is_ascension_mode":true,"campfire_choices":[{"floor":7.0,"key":"REST"},{"data":"Uppercut","floor":12.0,"key":"SMITH"},{"data":"Inflame","floor":15.0,"key":"SMITH"},{"data":"Brutality","floor":24,"key":"SMITH"},{"floor":28,"key":"REST"},{"floor":32,"key":"REST"}],"neow_cost":"TEN_PERCENT_HP_LOSS","seed_source_timestamp":312634653698200,"circlet_count":0,"master_deck":["AscendersBane","Strike_R+1","Strike_R","Defend_R","Defend_R","Defend_R","Bash+1","Wild Strike","Bludgeon+1","Inflame+1","Uppercut+1","Reaper","Feed","Warcry+1","Shrug It Off","Brutality+1","Seeing Red","Dark Embrace","Rupture","Ghostly Armor+1","Combust"],"special_seed":0,"relics":["Burning Blood","Golden Idol","HornCleat","Pear","Matryoshka","FossilizedHelix","Runic Cube","Red Mask","Torii","Red Skull","Regal Pillow","Centennial Puzzle","Mercury Hourglass","Whetstone"],"potions_floor_usage":[22,23,33],"damage_taken":[{"damage":7.0,"enemies":"Jaw Worm","floor":1.0,"turns":2.0},{"damage":7.0,"enemies":"2 Louse","floor":3.0,"turns":4.0},{"damage":1.0,"enemies":"Small Slimes","floor":4.0,"turns":3.0},{"damage":40.0,"enemies":"3 Sentries","floor":6.0,"turns":8.0},{"damage":0.0,"enemies":"Gremlin Nob","floor":8.0,"turns":3.0},{"damage":6.0,"enemies":"Exordium Wildlife","floor":11.0,"turns":3.0},{"damage":1.0,"enemies":"Blue Slaver","floor":13.0,"turns":2.0},{"damage":31.0,"enemies":"Hexaghost","floor":16.0,"turns":9.0},{"damage":0.0,"enemies":"Chosen","floor":18.0,"turns":3.0},{"damage":6.0,"enemies":"Masked Bandits","floor":20.0,"turns":3.0},{"damage":11.0,"enemies":"Spheric Guardian","floor":21.0,"turns":4.0},{"damage":29,"enemies":"Cultist and Chosen","floor":22,"turns":5},{"damage":42,"enemies":"Slavers","floor":23,"turns":7},{"damage":50,"enemies":"Gremlin Leader","floor":27,"turns":7},{"damage":11,"enemies":"Book of Stabbing","floor":29,"turns":5},{"damage":22,"enemies":"Snecko","floor":30,"turns":5},{"damage":107,"enemies":"Collector","floor":33,"turns":8}],"seed_played":"-6225594353670483526","potions_obtained":[{"floor":6.0,"key":"SteroidPotion"},{"floor":11.0,"key":"Energy Potion"},{"floor":16.0,"key":"SneckoOil"},{"floor":20.0,"key":"FearPotion"},{"floor":30,"key":"SpeedPotion"}],"is_trial":false,"path_per_floor":["M","?","M","M","?","E","R","E","T","$","M","R","M","?","R","B",null,"M","?","?","M","M","E","R","$","T","E","R","E","M","?","R","B"],"character_chosen":"IRONCLAD","items_purchased":["Rupture","Red Skull"],"campfire_rested":3,"item_purchase_floors":[25,25],"current_hp_per_floor":[67,44,43,48,48,14,34,50,50,50,50,50,55,37,37,12,62,71,71,84,84,66,40,40,40,40,13,54,49,39,39,80,0],"gold":237,"neow_bonus":"TRANSFORM_TWO_CARDS","is_prod":false,"is_daily":false,"chose_seed":false,"campfire_upgraded":3,"win_rate":0,"timestamp":1605487353,"path_taken":["M","?","M","M","?","E","R","E","T","$","M","R","?","?","R","BOSS","M","?","?","M","M","E","R","$","T","E","R","E","M","?","R","BOSS"],"build_version":"2020-11-12","purchased_purges":2,"victory":false,"max_hp_per_floor":[68,68,68,68,68,68,68,78,78,78,78,78,78,78,78,78,78,81,81,84,84,84,87,87,87,87,87,87,87,87,87,87,87],"card_choices":[{"not_picked":["Flex","Body Slam","Iron Wave"],"picked":"SKIP","floor":1.0},{"not_picked":["Intimidate","Disarm"],"picked":"Inflame","floor":3.0},{"not_picked":["Perfected Strike","Iron Wave"],"picked":"Uppercut","floor":4.0},{"not_picked":["Intimidate","Sword Boomerang","Entrench"],"picked":"SKIP","floor":6.0},{"not_picked":["Armaments","True Grit","Pommel Strike"],"picked":"SKIP","floor":8.0},{"not_picked":["Perfected Strike","Flex"],"picked":"Reaper","floor":11.0},{"not_picked":["Cleave","Burning Pact","Clothesline"],"picked":"SKIP","floor":13.0},{"not_picked":["Corruption","Juggernaut"],"picked":"Feed","floor":16.0},{"not_picked":["Clothesline","Twin Strike"],"picked":"Warcry+1","floor":18.0},{"not_picked":["Headbutt","Clash"],"picked":"Shrug It Off","floor":20.0},{"not_picked":["Anger","Whirlwind+1"],"picked":"Brutality","floor":21.0},{"not_picked":["Shrug It Off","Havoc"],"picked":"Seeing Red","floor":22},{"not_picked":["Combust","Wild Strike"],"picked":"Dark Embrace","floor":23},{"not_picked":["Iron Wave","Entrench","Barricade"],"picked":"SKIP","floor":27},{"not_picked":["Flex+1","Havoc"],"picked":"Ghostly Armor+1","floor":29},{"not_picked":["Armaments","Thunderclap","Pommel Strike"],"picked":"SKIP","floor":30}],"player_experience":2819612,"relics_obtained":[{"floor":6.0,"key":"HornCleat"},{"floor":8.0,"key":"Pear"},{"floor":9.0,"key":"Matryoshka"},{"floor":20.0,"key":"Red Mask"},{"floor":23,"key":"Torii"},{"floor":26,"key":"Regal Pillow"},{"floor":26,"key":"Centennial Puzzle"},{"floor":27,"key":"Mercury Hourglass"},{"floor":29,"key":"Whetstone"}],"event_choices":[{"damage_healed":0.0,"max_hp_gain":0.0,"max_hp_loss":0.0,"gold_gain":0.0,"event_name":"Golden Idol","player_choice":"Take Damage","floor":2.0,"gold_loss":0.0,"damage_taken":23.0,"relics_obtained":["Golden Idol"]},{"damage_healed":0.0,"max_hp_gain":0.0,"max_hp_loss":0.0,"gold_gain":0.0,"event_name":"Living Wall","player_choice":"Grow","floor":5.0,"gold_loss":0.0,"damage_taken":0.0,"cards_upgraded":["Bludgeon"]},{"damage_healed":0.0,"max_hp_gain":0.0,"max_hp_loss":0.0,"gold_gain":0.0,"event_name":"Scrap Ooze","player_choice":"Success","floor":14.0,"gold_loss":0.0,"damage_taken":18.0,"relics_obtained":["FossilizedHelix"]},{"damage_healed":0.0,"max_hp_gain":0.0,"max_hp_loss":0.0,"gold_gain":0.0,"event_name":"The Mausoleum","player_choice":"Ignored","floor":19.0,"gold_loss":0.0,"damage_taken":0.0},{"damage_healed":0.0,"max_hp_gain":0.0,"max_hp_loss":0.0,"gold_gain":0.0,"event_name":"Masked Bandits","player_choice":"Fought Bandits","floor":20.0,"gold_loss":0.0,"damage_taken":0.0},{"damage_healed":0,"gold_gain":0,"player_choice":"Read","damage_taken":0,"max_hp_gain":0,"max_hp_loss":0,"event_name":"The Library","floor":31,"gold_loss":0,"cards_obtained":["Combust"]}],"is_beta":true,"boss_relics":[{"not_picked":["Tiny House","Black Blood"],"picked":"Runic Cube"}],"items_purged_floors":[10,25],"is_endless":false,"potions_floor_spawned":[6,11,16,20,21,30],"killed_by":"Collector","ascension_level":20}