{"gold_per_floor":[113,113,132,132,132,160,160,191,218,44,72,72,72,92,92,164,164,175,192,39,49,49,49,75,75,75,93,93,93],"floor_reached":29,"playtime":1865,"items_purged":["Strike_R","Strike_R"],"score":568,"play_id":"fae49f68-0e08-450d-82bc-12ea2373f3fa","local_time":"20201111001620","is_ascension_mode":true,"campfire_choices":[{"data":"Pommel Strike","floor":7,"key":"SMITH"},{"data":"Spot Weakness","floor":12,"key":"SMITH"},{"data":"Bash","floor":15,"key":"SMITH"},{"floor":23,"key":"REST"}],"neow_cost":"NONE","seed_source_timestamp":2330730476650900,"circlet_count":0,"master_deck":["AscendersBane","Strike_R","Defend_R","Defend_R","Defend_R","Defend_R","Bash+1","Disarm+1","Shockwave","Pommel Strike+1","Headbutt","Battle Trance","Spot Weakness+1","Feed","True Grit","Heavy Blade","Sword Boomerang","Infernal Blade","Metallicize"],"relics":["Burning Blood","NeowsBlessing","Oddly Smooth Stone","Kunai","Bag of Preparation","Happy Flower","Philosopher\u0027s Stone","Enchiridion","The Courier","Bird Faced Urn"],"potions_floor_usage":[8,11,19,21,24,27],"damage_taken":[{"damage":0,"enemies":"Jaw Worm","floor":1,"turns":1},{"damage":0,"enemies":"Small Slimes","floor":3,"turns":1},{"damage":0,"enemies":"Lagavulin","floor":6,"turns":1},{"damage":29,"enemies":"Gremlin Nob","floor":8,"turns":4},{"damage":27,"enemies":"3 Sentries","floor":11,"turns":9},{"damage":0,"enemies":"2 Louse","floor":14,"turns":2},{"damage":6,"enemies":"The Guardian","floor":16,"turns":10},{"damage":20,"enemies":"Shell Parasite","floor":18,"turns":5},{"damage":17,"enemies":"3 Byrds","floor":19,"turns":6},{"damage":35,"enemies":"Shelled Parasite and Fungi","floor":21,"turns":5},{"damage":29,"enemies":"Gremlin Leader","floor":24,"turns":6},{"damage":21,"enemies":"Cultist and Chosen","floor":27,"turns":6},{"damage":20,"enemies":"Book of Stabbing","floor":29,"turns":2}],"seed_played":"-3926939320622911844","potions_obtained":[{"floor":6,"key":"DuplicationPotion"},{"floor":8,"key":"DistilledChaos"},{"floor":11,"key":"SteroidPotion"},{"floor":21,"key":"Ancient Potion"}],"is_trial":false,"path_per_floor":["M","?","M","?","?","E","R","E","T","$","E","R","?","M","R","B",null,"M","M","$","M","?","R","E","?","T","M","?","E"],"character_chosen":"IRONCLAD","items_purchased":["Battle Trance","AttackPotion","BloodPotion"],"campfire_rested":1,"item_purchase_floors":[10,10,20],"current_hp_per_floor":[74,79,80,80,80,80,80,57,57,57,36,36,36,42,42,42,71,60,52,52,43,22,48,28,28,28,15,15,0],"gold":93,"neow_bonus":"THREE_ENEMY_KILL","is_prod":false,"is_daily":false,"chose_seed":false,"campfire_upgraded":3,"win_rate":0,"timestamp":1605082580,"path_taken":["M","?","M","?","?","E","R","E","T","$","E","R","?","M","R","BOSS","M","M","$","M","?","R","E","?","T","M","?","E"],"build_version":"2020-11-10","purchased_purges":2,"victory":false,"max_hp_per_floor":[75,80,80,80,80,80,80,80,80,80,80,80,80,80,80,80,80,83,86,86,89,89,89,92,92,92,92,92,92],"card_choices":[{"not_picked":["Havoc","Sentinel"],"picked":"Disarm","floor":1},{"not_picked":["Dark Embrace","Havoc"],"picked":"Shockwave","floor":3},{"not_picked":["Shockwave","Intimidate"],"picked":"Pommel Strike","floor":6},{"not_picked":["Feel No Pain","Warcry"],"picked":"Headbutt","floor":8},{"not_picked":["Shockwave","Twin Strike"],"picked":"Spot Weakness","floor":11},{"not_picked":["Thunderclap","Headbutt","Pommel Strike"],"picked":"SKIP","floor":14},{"not_picked":["Corruption","Bludgeon"],"picked":"Feed","floor":16},{"not_picked":["Iron Wave","Body Slam"],"picked":"True Grit","floor":18},{"not_picked":["Pommel Strike","Burning Pact","Warcry"],"picked":"SKIP","floor":19},{"not_picked":["Havoc","Perfected Strike+1","Pommel Strike+1"],"picked":"SKIP","floor":21},{"not_picked":["True Grit","Burning Pact"],"picked":"Heavy Blade","floor":24},{"not_picked":["Clothesline","Evolve"],"picked":"Metallicize","floor":27}],"player_experience":2754508,"relics_obtained":[{"floor":6,"key":"Oddly Smooth Stone"},{"floor":8,"key":"Kunai"},{"floor":9,"key":"Bag of Preparation"},{"floor":11,"key":"Happy Flower"},{"floor":22,"key":"Enchiridion"},{"floor":24,"key":"The Courier"},{"floor":26,"key":"Bird Faced Urn"}],"event_choices":[{"damage_healed":0,"gold_gain":0,"player_choice":"Donut","damage_taken":0,"max_hp_gain":5,"max_hp_loss":0,"event_name":"Big Fish","floor":2,"gold_loss":0},{"damage_healed":0,"gold_gain":0,"player_choice":"Leave","damage_taken":0,"max_hp_gain":0,"max_hp_loss":0,"event_name":"The Cleric","floor":4,"gold_loss":0},{"damage_healed":0,"gold_gain":0,"player_choice":"Ignored","damage_taken":0,"max_hp_gain":0,"max_hp_loss":0,"event_name":"Liars Game","floor":5,"gold_loss":0},{"damage_healed":0,"gold_gain":0,"player_choice":"Grow","damage_taken":0,"max_hp_gain":0,"max_hp_loss":0,"event_name":"Living Wall","floor":13,"gold_loss":0,"cards_upgraded":["Disarm"]},{"damage_healed":0,"gold_gain":0,"player_choice":"Obtained Book","damage_taken":21,"max_hp_gain":0,"max_hp_loss":0,"event_name":"Cursed Tome","floor":22,"gold_loss":0},{"damage_healed":0,"gold_gain":0,"cards_transformed":["Strike_R","Strike_R"],"player_choice":"Became Test Subject","damage_taken":0,"max_hp_gain":0,"max_hp_loss":0,"event_name":"Drug Dealer","floor":25,"gold_loss":0,"cards_obtained":["Sword Boomerang","Infernal Blade"]},{"damage_healed":0,"gold_gain":0,"player_choice":"Ignored","damage_taken":0,"max_hp_gain":0,"max_hp_loss":0,"event_name":"Vampires","floor":28,"gold_loss":0}],"is_beta":true,"boss_relics":[{"not_picked":["Black Blood","SlaversCollar"],"picked":"Philosopher\u0027s Stone"}],"items_purged_floors":[10,20],"is_endless":false,"potions_floor_spawned":[6,8,11,21],"killed_by":"Book of Stabbing","ascension_level":20}