{"gold_per_floor":[110,130,205,219,18,18,18,45,45,45,73,73,86,98,98,176,176,189,207,19,19,35,62,62,62,85,95,124,43,72,91,91,91],"floor_reached":33,"playtime":8516,"items_purged":["Strike_R"],"score":630,"play_id":"2cb65303-f2d2-489a-b939-b74ccfc72956","local_time":"20201114172708","is_ascension_mode":true,"campfire_choices":[{"data":"Wild Strike","floor":6,"key":"SMITH"},{"data":"Clothesline","floor":10,"key":"SMITH"},{"data":"Rampage","floor":12,"key":"SMITH"},{"data":"True Grit","floor":15,"key":"SMITH"},{"data":"Ghostly","floor":25,"key":"SMITH"},{"data":"Ghostly","floor":32,"key":"SMITH"}],"neow_cost":"NONE","seed_source_timestamp":223186237923600,"circlet_count":0,"master_deck":["AscendersBane","Strike_R","Strike_R","Strike_R","Defend_R","Defend_R","Defend_R","Defend_R","Bash","Wild Strike+1","Thunderclap","Rampage+1","Twin Strike","Clothesline+1","Shrug It Off","True Grit+1","Fiend Fire","Inflame+1","Offering","Shrug It Off","Offering","Inflame+1","Battle Trance","Ghostly+1","Ghostly","Ghostly+1","Injury","Armaments","Berserk+1","Battle Trance"],"relics":["Burning Blood","Dream Catcher","Membership Card","Eternal Feather","Frozen Egg 2","InkBottle","Cursed Key","OrangePellets","Torii","Vajra","Regal Pillow","Blue Candle"],"potions_floor_usage":[11,16,19,22,22,30],"damage_taken":[{"damage":1,"enemies":"2 Louse","floor":1,"turns":2},{"damage":14,"enemies":"Jaw Worm","floor":2,"turns":4},{"damage":6,"enemies":"Cultist","floor":4,"turns":3},{"damage":35,"enemies":"3 Sentries","floor":8,"turns":7},{"damage":6,"enemies":"Gremlin Nob","floor":11,"turns":3},{"damage":2,"enemies":"3 Louse","floor":13,"turns":4},{"damage":1,"enemies":"2 Fungi Beasts","floor":14,"turns":3},{"damage":44,"enemies":"Hexaghost","floor":16,"turns":10},{"damage":10,"enemies":"Chosen","floor":18,"turns":5},{"damage":24,"enemies":"2 Thieves","floor":19,"turns":4},{"damage":18,"enemies":"Sentry and Sphere","floor":22,"turns":5},{"damage":17,"enemies":"Gremlin Leader","floor":23,"turns":3},{"damage":1,"enemies":"Snake Plant","floor":27,"turns":4},{"damage":7,"enemies":"Book of Stabbing","floor":28,"turns":4},{"damage":8,"enemies":"Gremlin Leader","floor":30,"turns":4},{"damage":14,"enemies":"Centurion and Healer","floor":31,"turns":2},{"damage":47,"enemies":"Automaton","floor":33,"turns":6}],"seed_played":"6359007939111820912","potions_obtained":[{"floor":4,"key":"FearPotion"},{"floor":8,"key":"Energy Potion"},{"floor":11,"key":"PowerPotion"},{"floor":14,"key":"BloodPotion"},{"floor":16,"key":"EntropicBrew"},{"floor":19,"key":"LiquidMemories"},{"floor":27,"key":"LiquidMemories"}],"is_trial":false,"path_per_floor":["M","M","?","M","$","R","?","E","T","R","E","R","M","M","R","B",null,"M","M","$","?","M","E","?","R","T","M","E","$","E","M","R","B"],"character_chosen":"IRONCLAD","items_purchased":["Membership Card","OrangePellets","Offering","Shrug It Off","Berserk+1"],"campfire_rested":0,"item_purchase_floors":[5,20,20,20,29],"current_hp_per_floor":[73,65,54,54,54,54,54,25,25,31,31,40,44,49,58,20,61,57,54,54,54,42,31,31,37,37,37,36,36,34,26,37,0],"gold":91,"neow_bonus":"RANDOM_COMMON_RELIC","is_prod":false,"is_daily":false,"chose_seed":false,"campfire_upgraded":6,"win_rate":0,"timestamp":1605403628,"path_taken":["M","M","?","M","$","R","?","E","T","R","E","R","?","M","R","BOSS","M","M","$","?","M","E","?","R","T","M","E","$","E","M","R","BOSS"],"build_version":"2020-11-12","purchased_purges":1,"victory":false,"max_hp_per_floor":[75,75,75,75,75,75,75,75,75,75,75,75,75,75,75,75,75,75,75,75,75,75,75,37,37,37,37,37,37,37,37,37,37],"card_choices":[{"not_picked":["Armaments","Heavy Blade"],"picked":"Wild Strike","floor":1},{"not_picked":["Infernal Blade","Dark Embrace"],"picked":"Thunderclap","floor":2},{"not_picked":["Warcry","Clash"],"picked":"Rampage","floor":4},{"not_picked":["Warcry","Intimidate"],"picked":"Clothesline","floor":8},{"not_picked":["Flame Barrier","Clash"],"picked":"Shrug It Off","floor":11},{"not_picked":["Headbutt","Thunderclap"],"picked":"True Grit","floor":13},{"not_picked":["Heavy Blade","Reckless Charge","Second Wind"],"picked":"SKIP","floor":14},{"not_picked":["Limit Break","Corruption+1"],"picked":"Fiend Fire","floor":16},{"not_picked":["Warcry","True Grit"],"picked":"Inflame+1","floor":18},{"not_picked":["Havoc","Bloodletting","Fire Breathing+1"],"picked":"SKIP","floor":19},{"not_picked":["Flex","Twin Strike+1"],"picked":"Inflame+1","floor":22},{"not_picked":["Sword Boomerang","Thunderclap"],"picked":"Battle Trance","floor":23},{"not_picked":["Pommel Strike","True Grit","Clash+1"],"picked":"SKIP","floor":27},{"not_picked":["Shockwave","Bludgeon"],"picked":"Armaments","floor":28},{"not_picked":["Twin Strike+1","Rampage+1"],"picked":"Battle Trance","floor":30},{"not_picked":["Dropkick","Warcry","Bloodletting"],"picked":"SKIP","floor":31}],"player_experience":2799977,"relics_obtained":[{"floor":8,"key":"Eternal Feather"},{"floor":9,"key":"Frozen Egg 2"},{"floor":11,"key":"InkBottle"},{"floor":23,"key":"Torii"},{"floor":26,"key":"Vajra"},{"floor":28,"key":"Regal Pillow"},{"floor":30,"key":"Blue Candle"}],"event_choices":[{"damage_healed":0,"gold_gain":75,"player_choice":"Gather Gold","damage_taken":11,"max_hp_gain":0,"max_hp_loss":0,"event_name":"World of Goop","floor":3,"gold_loss":0},{"damage_healed":0,"gold_gain":0,"cards_transformed":["Strike_R"],"player_choice":"Transformed","damage_taken":0,"max_hp_gain":0,"max_hp_loss":0,"event_name":"Transmorgrifier","floor":7,"gold_loss":0,"cards_obtained":["Twin Strike"]},{"damage_healed":0,"gold_gain":0,"player_choice":"Read","damage_taken":0,"max_hp_gain":0,"max_hp_loss":0,"event_name":"The Library","floor":21,"gold_loss":0,"cards_obtained":["Offering"]},{"damage_healed":0,"gold_gain":0,"player_choice":"Became a Ghost","damage_taken":0,"max_hp_gain":0,"max_hp_loss":38,"event_name":"Ghosts","floor":24,"gold_loss":0,"cards_obtained":["Ghostly","Ghostly","Ghostly"]}],"is_beta":true,"boss_relics":[{"not_picked":["Tiny House","Runic Dome"],"picked":"Cursed Key"}],"items_purged_floors":[5],"is_endless":false,"potions_floor_spawned":[4,8,11,14,16,19,23,27,28],"killed_by":"Automaton","ascension_level":20}