{"gold_per_floor":[110,120,120,120,120,120,152,68,137,137,166,5,5,22,22,99,99,112,112,132,143,154,154,188,188,215,235,270,333,365,415,415,494,494,508,583,633,647,658,658,672,704,704,210,225,225,241,251,251,251,251,251,251,23,49,49],"floor_reached":56,"playtime":3917,"items_purged":["Strike_R"],"score":1944,"play_id":"ef5f79d3-d588-40f2-8828-5e6b36adab95","local_time":"20201116163945","is_ascension_mode":true,"campfire_choices":[{"floor":6,"key":"REST"},{"data":"Carnage","floor":10,"key":"SMITH"},{"floor":13,"key":"REST"},{"data":"Armaments","floor":15,"key":"SMITH"},{"data":"Immolate","floor":23,"key":"SMITH"},{"data":"Disarm","floor":25,"key":"SMITH"},{"data":"Spot Weakness","floor":32,"key":"SMITH"},{"data":"Uppercut","floor":40,"key":"SMITH"},{"floor":46,"key":"RECALL"},{"floor":49,"key":"REST"},{"floor":53,"key":"REST"}],"neow_cost":"NONE","seed_source_timestamp":397747506519600,"circlet_count":0,"master_deck":["AscendersBane","Strike_R","Strike_R","Strike_R+1","Defend_R","Defend_R","Defend_R","Defend_R","Bash+1","Cleave+1","Disarm+1","Carnage+1","Armaments+1","Twin Strike","Immolate+1","Flame Barrier","Pommel Strike+1","Shrug It Off","Spot Weakness+1","Reaper","Feed","Dark Shackles","True Grit+1","Uppercut+1","Metallicize+1","Dark Embrace+1","Apotheosis","Battle Trance","Disarm","Juggernaut"],"relics":["Burning Blood","Akabeko","Happy Flower","White Beast Statue","StrikeDummy","Potion Belt","Velvet Choker","SsserpentHead","Dream Catcher","Strawberry","Lantern","Art of War","Runic Pyramid","Du-Vu Doll","Mummified Hand","PreservedInsect","Bag of Preparation","Incense Burner"],"potions_floor_usage":[16,20,21,24,28,29,33,33,33,33,39,41,42,42,42,42,50,50,50,55,56,56],"damage_taken":[{"damage":0,"enemies":"Cultist","floor":1,"turns":3},{"damage":0,"enemies":"2 Louse","floor":2,"turns":1},{"damage":25,"enemies":"Lagavulin","floor":7,"turns":5},{"damage":35,"enemies":"3 Sentries","floor":11,"turns":8},{"damage":0,"enemies":"Small Slimes","floor":14,"turns":2},{"damage":42,"enemies":"Hexaghost","floor":16,"turns":8},{"damage":8,"enemies":"3 Byrds","floor":18,"turns":5},{"damage":0,"enemies":"Chosen","floor":20,"turns":2},{"damage":11,"enemies":"Snake Plant","floor":21,"turns":3},{"damage":18,"enemies":"Centurion and Healer","floor":22,"turns":4},{"damage":0,"enemies":"Gremlin Leader","floor":24,"turns":3},{"damage":0,"enemies":"Sentry and Sphere","floor":27,"turns":2},{"damage":16,"enemies":"Slavers","floor":28,"turns":3},{"damage":0,"enemies":"Shelled Parasite and Fungi","floor":29,"turns":1},{"damage":35,"enemies":"Book of Stabbing","floor":30,"turns":5},{"damage":63,"enemies":"Champ","floor":33,"turns":12},{"damage":21,"enemies":"3 Shapes","floor":35,"turns":5},{"damage":0,"enemies":"Mind Bloom Boss Battle","floor":36,"turns":5},{"damage":3,"enemies":"Orb Walker","floor":38,"turns":4},{"damage":36,"enemies":"Spire Growth","floor":39,"turns":5},{"damage":5,"enemies":"4 Shapes","floor":41,"turns":5},{"damage":55,"enemies":"Nemesis","floor":42,"turns":5},{"damage":12,"enemies":"Jaw Worm Horde","floor":45,"turns":5},{"damage":34,"enemies":"Spire Growth","floor":47,"turns":4},{"damage":0,"enemies":"Writhing Mass","floor":48,"turns":6},{"damage":102,"enemies":"Donu and Deca","floor":50,"turns":11},{"damage":36,"enemies":"Awakened One","floor":51,"turns":23},{"damage":77,"enemies":"Shield and Spear","floor":55,"turns":7},{"damage":117,"enemies":"The Heart","floor":56,"turns":9}],"seed_played":"-6157620909683552781","potions_obtained":[{"floor":7,"key":"EssenceOfSteel"},{"floor":11,"key":"AttackPotion"},{"floor":14,"key":"Energy Potion"},{"floor":16,"key":"DuplicationPotion"},{"floor":18,"key":"AttackPotion"},{"floor":20,"key":"Ancient Potion"},{"floor":21,"key":"BloodPotion"},{"floor":24,"key":"Ancient Potion"},{"floor":27,"key":"SneckoOil"},{"floor":28,"key":"Regen Potion"},{"floor":29,"key":"Ancient Potion"},{"floor":30,"key":"DuplicationPotion"},{"floor":33,"key":"FearPotion"},{"floor":35,"key":"AttackPotion"},{"floor":36,"key":"BlessingOfTheForge"},{"floor":38,"key":"PowerPotion"},{"floor":39,"key":"Block Potion"},{"floor":41,"key":"SteroidPotion"},{"floor":42,"key":"Strength Potion"},{"floor":45,"key":"BloodPotion"},{"floor":47,"key":"Explosive Potion"},{"floor":48,"key":"ElixirPotion"},{"floor":55,"key":"Dexterity Potion"}],"is_trial":false,"path_per_floor":["M","M","?","?","?","R","E","$","T","R","E","$","R","M","R","B",null,"M","?","M","M","M","R","E","R","T","M","E","M","E","?","R","B",null,"M","?","?","M","M","R","M","E","T","$","M","R","M","M","R","B","B",null,"R","$","E","B"],"character_chosen":"IRONCLAD","items_purchased":["Carnage","Potion Belt","PreservedInsect","Apotheosis","Battle Trance","Bag of Preparation","BloodPotion"],"campfire_rested":4,"item_purchase_floors":[8,12,44,44,44,54,54],"current_hp_per_floor":[74,75,68,68,45,67,48,48,48,48,19,19,41,47,47,11,59,57,57,63,58,46,46,52,52,59,65,55,61,45,45,45,19,66,76,89,79,85,55,55,64,31,31,31,41,41,17,42,75,45,40,99,118,118,67,0],"gold":49,"neow_bonus":"RANDOM_COMMON_RELIC","is_prod":false,"is_daily":false,"chose_seed":false,"campfire_upgraded":6,"win_rate":0,"timestamp":1605573585,"path_taken":["M","?","?","?","?","R","E","$","T","R","E","$","R","M","R","BOSS","M","?","M","M","M","R","E","R","T","M","E","?","E","?","R","BOSS","M","?","?","M","M","R","M","E","T","$","M","R","M","M","R","BOSS","BOSS","R","$","E","BOSS"],"build_version":"2020-11-12","purchased_purges":1,"victory":false,"max_hp_per_floor":[75,75,75,75,75,75,75,75,75,75,75,75,75,75,75,75,75,75,75,75,75,75,75,75,75,82,82,82,82,82,82,82,82,82,85,89,89,92,92,92,95,98,98,98,102,102,106,110,110,114,118,118,118,118,122,122],"card_choices":[{"not_picked":["Metallicize","Searing Blow"],"picked":"Cleave","floor":1},{"not_picked":["Disarm","Havoc","Clash"],"picked":"SKIP","floor":2},{"not_picked":["Infernal Blade","Bloodletting"],"picked":"Disarm","floor":7},{"not_picked":["Anger","Pummel"],"picked":"Armaments","floor":11},{"not_picked":["Clash","Perfected Strike"],"picked":"Twin Strike","floor":14},{"not_picked":["Exhume","Berserk"],"picked":"Immolate","floor":16},{"not_picked":["Thunderclap","Flame Barrier","Body Slam"],"picked":"SKIP","floor":18},{"not_picked":["Thunderclap","Body Slam"],"picked":"Flame Barrier","floor":18},{"not_picked":["Headbutt","Clash","Perfected Strike"],"picked":"SKIP","floor":20},{"not_picked":["Havoc","Feel No Pain","Dual Wield"],"picked":"SKIP","floor":21},{"not_picked":["Entrench","Perfected Strike"],"picked":"Pommel Strike+1","floor":22},{"not_picked":["Pummel","Perfected Strike"],"picked":"Shrug It Off","floor":24},{"not_picked":["Headbutt","Hemokinesis"],"picked":"Spot Weakness","floor":27},{"not_picked":["Sword Boomerang+1","Sever Soul"],"picked":"Reaper","floor":28},{"not_picked":["Wild Strike","Body Slam","Anger"],"picked":"SKIP","floor":29},{"not_picked":["Entrench","Carnage","Whirlwind"],"picked":"SKIP","floor":30},{"not_picked":["Immolate","Brutality"],"picked":"Feed","floor":33},{"not_picked":["Clash","Thunderclap","Searing Blow"],"picked":"SKIP","floor":35},{"not_picked":["Good Instincts","Panacea"],"picked":"Dark Shackles","floor":37},{"not_picked":["Pummel","Thunderclap"],"picked":"True Grit+1","floor":38},{"not_picked":["Anger","Rampage"],"picked":"Uppercut","floor":39},{"not_picked":["Dropkick","Impervious"],"picked":"Metallicize+1","floor":41},{"not_picked":["Heavy Blade","Armaments"],"picked":"Dark Embrace+1","floor":42},{"not_picked":["Metallicize","Body Slam+1","Clash"],"picked":"SKIP","floor":45},{"not_picked":["Havoc+1","Twin Strike"],"picked":"Disarm","floor":47},{"not_picked":["Second Wind+1","Perfected Strike","Reckless Charge"],"picked":"SKIP","floor":48},{"not_picked":["Whirlwind","Pommel Strike"],"picked":"Juggernaut","floor":49},{"not_picked":["Power Through","Thunderclap+1","Dropkick+1"],"picked":"SKIP","floor":55}],"player_experience":2848387,"relics_obtained":[{"floor":7,"key":"Happy Flower"},{"floor":9,"key":"White Beast Statue"},{"floor":11,"key":"StrikeDummy"},{"floor":24,"key":"Dream Catcher"},{"floor":26,"key":"Strawberry"},{"floor":28,"key":"Lantern"},{"floor":30,"key":"Art of War"},{"floor":36,"key":"Du-Vu Doll"},{"floor":42,"key":"Mummified Hand"},{"floor":55,"key":"Incense Burner"}],"event_choices":[{"cards_removed":["Strike_R"],"damage_healed":0,"gold_gain":0,"player_choice":"Card Removal","damage_taken":7,"max_hp_gain":0,"max_hp_loss":0,"event_name":"Golden Wing","floor":3,"gold_loss":0},{"damage_healed":0,"gold_gain":0,"player_choice":"Grow","damage_taken":0,"max_hp_gain":0,"max_hp_loss":0,"event_name":"Living Wall","floor":4,"gold_loss":0,"cards_upgraded":["Bash"]},{"damage_healed":0,"gold_gain":0,"player_choice":"Entered Light","damage_taken":23,"max_hp_gain":0,"max_hp_loss":0,"event_name":"Shining Light","floor":5,"gold_loss":0,"cards_upgraded":["Cleave","Strike_R"]},{"damage_healed":0,"gold_gain":0,"player_choice":"Trade","damage_taken":0,"relics_obtained":["SsserpentHead"],"max_hp_gain":0,"max_hp_loss":0,"event_name":"FaceTrader","floor":19,"gold_loss":0},{"damage_healed":0,"gold_gain":0,"player_choice":"Ignored","damage_taken":0,"max_hp_gain":0,"max_hp_loss":0,"event_name":"Vampires","floor":31,"gold_loss":0},{"damage_healed":0,"gold_gain":0,"player_choice":"Fight","damage_taken":0,"max_hp_gain":0,"max_hp_loss":0,"event_name":"MindBloom","floor":36,"gold_loss":0},{"damage_healed":0,"gold_gain":0,"player_choice":"Memory 3","damage_taken":10,"max_hp_gain":0,"max_hp_loss":0,"event_name":"SensoryStone","floor":37,"gold_loss":0}],"is_beta":true,"boss_relics":[{"not_picked":["Sozu","Ectoplasm"],"picked":"Velvet Choker"},{"not_picked":["Mark of Pain","Calling Bell"],"picked":"Runic Pyramid"}],"items_purged_floors":[44],"is_endless":false,"potions_floor_spawned":[7,11,14,16,18,20,21,22,24,27,28,29,30,33,35,36,38,39,41,42,45,47,48,55],"killed_by":"The Heart","ascension_level":20}