{"gold_per_floor":[119,132,144,144,219,219,255,255,278,278,278,296,296,321,321,416,416,429,447,93,93],"floor_reached":21,"playtime":1675,"items_purged":["Strike_R"],"score":358,"play_id":"847d0ff9-74f1-4d19-b258-4caf23b4614c","local_time":"20201125100954","is_ascension_mode":true,"campfire_choices":[{"data":"Bash","floor":6,"key":"SMITH"},{"data":"Limit Break","floor":8,"key":"SMITH"},{"floor":11,"key":"REST"},{"data":"Shrug It Off","floor":15,"key":"SMITH"}],"neow_cost":"NONE","seed_source_timestamp":1154204723248500,"circlet_count":0,"master_deck":["AscendersBane","Strike_R","Strike_R","Strike_R","Strike_R","Defend_R","Defend_R","Defend_R","Defend_R","Bash+1","Spot Weakness+1","Twin Strike","Limit Break+1","Shrug It Off+1","Twin Strike","Barricade","Sword Boomerang","Inflame"],"relics":["Burning Blood","Dream Catcher","Golden Idol","Smiling Mask","Bag of Preparation","Philosopher\u0027s Stone","Sling"],"potions_floor_usage":[7,21,21],"damage_taken":[{"damage":11,"enemies":"Jaw Worm","floor":1,"turns":7},{"damage":9,"enemies":"2 Louse","floor":2,"turns":3},{"damage":6,"enemies":"Small Slimes","floor":3,"turns":4},{"damage":30,"enemies":"Lagavulin","floor":7,"turns":7},{"damage":2,"enemies":"3 Louse","floor":12,"turns":4},{"damage":19,"enemies":"Exordium Wildlife","floor":14,"turns":4},{"damage":31,"enemies":"The Guardian","floor":16,"turns":8},{"damage":27,"enemies":"Shell Parasite","floor":18,"turns":3},{"damage":29,"enemies":"2 Thieves","floor":19,"turns":4},{"damage":39,"enemies":"Snecko","floor":21,"turns":3}],"seed_played":"-8106842791696799687","potions_obtained":[{"floor":3,"key":"ColorlessPotion"},{"floor":16,"key":"BloodPotion"}],"is_trial":false,"path_per_floor":["M","M","M","?","?","R","E","R","T","?","R","M","?","M","R","B",null,"M","M","$","M"],"character_chosen":"IRONCLAD","items_purchased":["Inflame","Fire Potion","Sling"],"campfire_rested":1,"item_purchase_floors":[20,20,20],"current_hp_per_floor":[63,60,60,60,49,49,25,25,25,25,45,49,54,41,41,16,59,38,15,15,0],"gold":93,"neow_bonus":"RANDOM_COMMON_RELIC","is_prod":false,"is_daily":false,"chose_seed":false,"campfire_upgraded":3,"win_rate":0,"timestamp":1606327794,"path_taken":["M","M","M","?","?","R","E","R","T","?","R","M","?","M","R","BOSS","M","M","$","M"],"build_version":"2020-11-17","purchased_purges":1,"victory":false,"max_hp_per_floor":[75,75,75,68,68,68,68,68,68,68,68,68,73,73,73,73,73,73,73,73,73],"card_choices":[{"not_picked":["True Grit","Flex"],"picked":"Spot Weakness","floor":1},{"not_picked":["Rage","Iron Wave","Havoc"],"picked":"SKIP","floor":2},{"not_picked":["Havoc","Inflame"],"picked":"Twin Strike","floor":3},{"not_picked":["Dual Wield","Perfected Strike"],"picked":"Limit Break","floor":7},{"not_picked":["True Grit","Pommel Strike"],"picked":"Shrug It Off","floor":11},{"not_picked":["Warcry","Dark Embrace","Entrench"],"picked":"SKIP","floor":12},{"not_picked":["Iron Wave","Entrench"],"picked":"Twin Strike","floor":14},{"not_picked":["Exhume","Limit Break"],"picked":"Barricade","floor":16},{"not_picked":["Wild Strike","Twin Strike"],"picked":"Sword Boomerang","floor":18},{"not_picked":["Twin Strike","Thunderclap","Flex"],"picked":"SKIP","floor":19}],"player_experience":2939358,"relics_obtained":[{"floor":7,"key":"Smiling Mask"},{"floor":9,"key":"Bag of Preparation"}],"event_choices":[{"damage_healed":0,"gold_gain":0,"player_choice":"Lose Max HP","damage_taken":0,"relics_obtained":["Golden Idol"],"max_hp_gain":0,"max_hp_loss":7,"event_name":"Golden Idol","floor":4,"gold_loss":0},{"damage_healed":0,"gold_gain":75,"player_choice":"Gather Gold","damage_taken":11,"max_hp_gain":0,"max_hp_loss":0,"event_name":"World of Goop","floor":5,"gold_loss":0},{"damage_healed":0,"gold_gain":0,"player_choice":"Grow","damage_taken":0,"max_hp_gain":0,"max_hp_loss":0,"event_name":"Living Wall","floor":10,"gold_loss":0,"cards_upgraded":["Spot Weakness"]},{"damage_healed":0,"gold_gain":0,"player_choice":"Donut","damage_taken":0,"max_hp_gain":5,"max_hp_loss":0,"event_name":"Big Fish","floor":13,"gold_loss":0}],"is_beta":true,"boss_relics":[{"not_picked":["Black Blood","Black Star"],"picked":"Philosopher\u0027s Stone"}],"items_purged_floors":[20],"is_endless":false,"potions_floor_spawned":[3,16],"killed_by":"Snecko","ascension_level":20}