{"gold_per_floor":[119,138,27,27,46,85,85,119,119,142,107,148,148,202,202,295,295,315,31,47,47,47,47],"floor_reached":23,"playtime":1704,"items_purged":[],"score":414,"play_id":"45b8bf3b-d7cc-4e5b-a47e-6c15fe6208f6","local_time":"20201122000520","is_ascension_mode":true,"campfire_choices":[{"data":"Carnage","floor":7,"key":"SMITH"},{"data":"Bash","floor":13,"key":"SMITH"},{"data":"Twin Strike","floor":15,"key":"SMITH"}],"neow_cost":"NONE","seed_source_timestamp":858699316659500,"circlet_count":0,"master_deck":["AscendersBane","Strike_R","Strike_R","Strike_R","Strike_R","Strike_R","Defend_R","Defend_R","Defend_R","Defend_R","Bash+1","Carnage+1","Twin Strike+1","Shrug It Off","Offering","Battle Trance","Shrug It Off","Twin Strike"],"relics":["Burning Blood","Golden Idol","Magic Flower","Eternal Feather","Blue Candle","StrikeDummy","Velvet Choker","Self Forming Clay"],"potions_floor_usage":[6,12,20,23],"damage_taken":[{"damage":7,"enemies":"Small Slimes","floor":1,"turns":3},{"damage":2,"enemies":"2 Louse","floor":2,"turns":3},{"damage":2,"enemies":"Jaw Worm","floor":5,"turns":3},{"damage":35,"enemies":"Lagavulin","floor":6,"turns":6},{"damage":32,"enemies":"Gremlin Nob","floor":8,"turns":4},{"damage":2,"enemies":"3 Louse","floor":10,"turns":5},{"damage":16,"enemies":"3 Sentries","floor":12,"turns":9},{"damage":47,"enemies":"The Guardian","floor":16,"turns":9},{"damage":6,"enemies":"Chosen","floor":18,"turns":3},{"damage":12,"enemies":"3 Byrds","floor":20,"turns":5},{"damage":60,"enemies":"Gremlin Leader","floor":23,"turns":6}],"seed_played":"-8571101032602281523","potions_obtained":[{"floor":6,"key":"EssenceOfSteel"},{"floor":8,"key":"EssenceOfSteel"},{"floor":16,"key":"Block Potion"}],"is_trial":false,"path_per_floor":["M","M","$","?","M","E","R","E","T","M","?","E","R","?","R","B",null,"M","$","M","$","?","E"],"character_chosen":"IRONCLAD","items_purchased":["LiquidMemories","Twin Strike","Self Forming Clay"],"campfire_rested":0,"item_purchase_floors":[3,3,19],"current_hp_per_floor":[74,78,78,74,74,45,45,22,22,29,47,40,46,46,52,14,59,62,62,59,59,59,0],"gold":47,"neow_bonus":"TEN_PERCENT_HP_BONUS","is_prod":false,"is_daily":false,"chose_seed":false,"campfire_upgraded":3,"win_rate":0,"timestamp":1606032320,"path_taken":["M","M","$","?","M","E","R","E","T","M","?","E","R","?","R","BOSS","M","$","M","$","?","E"],"build_version":"2020-11-17","purchased_purges":0,"victory":false,"max_hp_per_floor":[82,82,82,74,74,74,74,74,74,74,74,74,74,74,74,74,74,74,74,74,74,74,74],"card_choices":[{"not_picked":["Clothesline","Cleave"],"picked":"Carnage","floor":1},{"not_picked":["Clash","Reckless Charge","Sword Boomerang"],"picked":"SKIP","floor":2},{"not_picked":["Iron Wave","Body Slam","Cleave"],"picked":"SKIP","floor":5},{"not_picked":["Second Wind","Rupture","Clash"],"picked":"SKIP","floor":6},{"not_picked":["Intimidate","Double Tap"],"picked":"Shrug It Off","floor":8},{"not_picked":["Flex","Havoc","Dark Embrace"],"picked":"SKIP","floor":10},{"not_picked":["Burning Pact","Iron Wave","Warcry"],"picked":"SKIP","floor":12},{"not_picked":["Feed","Corruption"],"picked":"Offering","floor":16},{"not_picked":["True Grit","Body Slam"],"picked":"Battle Trance","floor":18},{"not_picked":["Evolve","Intimidate"],"picked":"Shrug It Off","floor":20}],"player_experience":2895282,"relics_obtained":[{"floor":6,"key":"Magic Flower"},{"floor":8,"key":"Eternal Feather"},{"floor":9,"key":"Blue Candle"},{"floor":12,"key":"StrikeDummy"}],"event_choices":[{"damage_healed":0,"gold_gain":0,"player_choice":"Lose Max HP","damage_taken":0,"relics_obtained":["Golden Idol"],"max_hp_gain":0,"max_hp_loss":8,"event_name":"Golden Idol","floor":4,"gold_loss":0},{"damage_healed":18,"gold_gain":0,"player_choice":"Healed","damage_taken":0,"max_hp_gain":0,"max_hp_loss":0,"event_name":"The Cleric","floor":11,"gold_loss":35},{"damage_healed":0,"gold_gain":54,"player_choice":"Gained Gold","damage_taken":0,"max_hp_gain":0,"max_hp_loss":0,"event_name":"Golden Wing","floor":14,"gold_loss":0},{"damage_healed":0,"gold_gain":0,"player_choice":"Read","damage_taken":0,"max_hp_gain":0,"max_hp_loss":0,"event_name":"The Library","floor":22,"gold_loss":0,"cards_obtained":["Twin Strike"]}],"is_beta":true,"boss_relics":[{"not_picked":["Runic Dome","Fusion Hammer"],"picked":"Velvet Choker"}],"items_purged_floors":[],"is_endless":false,"potions_floor_spawned":[6,8,10,16],"killed_by":"Gremlin Leader","ascension_level":20}