{"gold_per_floor":[109,122,132,132,132,165,165,179,203,231,27,27,62,137,137,209,209,223,52,52,62,72,102,102,113,113,148,148,148,198,124,124,207,207,229,16,34,34,52,80,80,108,117,117,159,180,180,221,221,221,221,221,221,6,43,43],"floor_reached":56,"playtime":7107,"items_purged":["Clumsy"],"score":2084,"play_id":"98ce49e0-f49e-4005-9e3e-32f37dca5b44","local_time":"20201124231434","is_ascension_mode":true,"campfire_choices":[{"data":"Twin Strike","floor":7.0,"key":"SMITH"},{"data":"Juggernaut","floor":12.0,"key":"SMITH"},{"data":"Ghostly Armor","floor":15.0,"key":"SMITH"},{"floor":24.0,"key":"REST"},{"floor":29.0,"key":"REST"},{"floor":32,"key":"REST"},{"data":"Fiend Fire","floor":41,"key":"SMITH"},{"floor":44,"key":"REST"},{"floor":49,"key":"RECALL"},{"data":"Body Slam","floor":53,"key":"SMITH"}],"neow_cost":"NONE","seed_source_timestamp":1109394015735399,"circlet_count":0,"master_deck":["AscendersBane","Strike_R+1","Strike_R+1","Strike_R+1","Strike_R+1","Strike_R+1","Defend_R+1","Defend_R+1","Defend_R+1","Defend_R+1","Bash+1","Twin Strike+1","Battle Trance","Bloodletting","Perfected Strike+1","Ghostly Armor+1","Juggernaut+1","Power Through","Intimidate","Fiend Fire+1","Body Slam+1","Dark Embrace+1","Disarm","Clothesline","Combust","Reaper","Shockwave","Pommel Strike","Finesse","Thinking Ahead","Power Through+1","Flame Barrier","Burning Pact","Body Slam+1"],"special_seed":0,"relics":["Burning Blood","Whetstone","Bronze Scales","Oddly Smooth Stone","Red Skull","Toy Ornithopter","Philosopher\u0027s Stone","Medical Kit","Vajra","Happy Flower","Question Card","CeramicFish","Cursed Key","PreservedInsect","Pantograph","Gremlin Horn","Lizard Tail","Bird Faced Urn","Charon\u0027s Ashes"],"potions_floor_usage":[33,40,42,51,55,56],"damage_taken":[{"damage":16.0,"enemies":"Jaw Worm","floor":1.0,"turns":6.0},{"damage":4.0,"enemies":"Small Slimes","floor":2.0,"turns":3.0},{"damage":3.0,"enemies":"2 Louse","floor":3.0,"turns":3.0},{"damage":14.0,"enemies":"Gremlin Nob","floor":6.0,"turns":3.0},{"damage":12.0,"enemies":"Lots of Slimes","floor":8.0,"turns":4.0},{"damage":20.0,"enemies":"Lagavulin","floor":10.0,"turns":6.0},{"damage":0.0,"enemies":"Gremlin Nob","floor":13.0,"turns":3.0},{"damage":4.0,"enemies":"The Guardian","floor":16.0,"turns":9.0},{"damage":12.0,"enemies":"2 Thieves","floor":18.0,"turns":4.0},{"damage":8.0,"enemies":"3 Byrds","floor":21.0,"turns":2.0},{"damage":12.0,"enemies":"Centurion and Healer","floor":22.0,"turns":5.0},{"damage":36.0,"enemies":"Book of Stabbing","floor":23.0,"turns":4.0},{"damage":0.0,"enemies":"Snecko","floor":25.0,"turns":3.0},{"damage":39.0,"enemies":"Slavers","floor":27.0,"turns":5.0},{"damage":78,"enemies":"Collector","floor":33,"turns":11},{"damage":13,"enemies":"3 Darklings","floor":35,"turns":8},{"damage":2,"enemies":"Orb Walker","floor":39,"turns":3},{"damage":39,"enemies":"Nemesis","floor":40,"turns":6},{"damage":68,"enemies":"Giant Head","floor":42,"turns":7},{"damage":6,"enemies":"Reptomancer","floor":45,"turns":4},{"damage":42,"enemies":"Maw","floor":46,"turns":8},{"damage":23,"enemies":"Nemesis","floor":48,"turns":5},{"damage":60,"enemies":"Awakened One","floor":50,"turns":15},{"damage":32,"enemies":"Donu and Deca","floor":51,"turns":11},{"damage":130,"enemies":"Shield and Spear","floor":55,"turns":6},{"damage":55,"enemies":"The Heart","floor":56,"turns":2}],"seed_played":"6114683961723401026","potions_obtained":[{"floor":0.0,"key":"FearPotion"},{"floor":0.0,"key":"DistilledChaos"},{"floor":3.0,"key":"PowerPotion"},{"floor":6.0,"key":"BloodPotion"},{"floor":13.0,"key":"Fire Potion"},{"floor":23.0,"key":"PowerPotion"},{"floor":39,"key":"Regen Potion"},{"floor":40,"key":"SkillPotion"},{"floor":48,"key":"PowerPotion"},{"floor":55,"key":"Block Potion"}],"is_trial":false,"path_per_floor":["M","M","M","?","?","E","R","M","T","E","$","R","E","?","R","B",null,"M","$","?","M","M","E","R","M","T","E","?","R","?","$","R","B",null,"M","$","?","?","M","E","R","E","T","R","E","M","?","E","R","B","B",null,"R","$","E","B"],"character_chosen":"IRONCLAD","items_purchased":["Red Skull","Power Through","Medical Kit","Combust","PreservedInsect","Pommel Strike","DuplicationPotion","FearPotion"],"campfire_rested":4,"item_purchase_floors":[11,11,19,31,36,36,54,54],"current_hp_per_floor":[58,60,63,63,63,55,55,49,49,35,35,35,41,30,30,32,64,58,58,58,56,50,25,47,53,53,25,25,47,47,47,69,17,61,64,64,54,54,63,57,57,9,9,31,63,39,39,22,22,9,29,64,64,64,22,0],"gold":43,"neow_bonus":"THREE_SMALL_POTIONS","is_prod":false,"is_daily":false,"chose_seed":false,"campfire_upgraded":5,"win_rate":0,"timestamp":1606288474,"path_taken":["M","M","M","?","?","E","R","M","T","E","$","R","E","?","R","BOSS","M","$","?","M","?","E","R","M","T","E","?","R","?","$","R","BOSS","M","$","?","?","M","E","R","E","T","R","E","?","?","E","R","BOSS","BOSS","R","$","E","BOSS"],"build_version":"2020-11-17","purchased_purges":1,"victory":false,"max_hp_per_floor":[75,75,75,75,75,75,75,75,75,75,75,75,75,75,75,75,75,75,75,75,75,75,75,75,75,75,75,75,75,75,75,75,75,75,75,75,75,75,75,75,75,75,75,75,75,75,75,75,75,75,75,75,75,75,75,75],"card_choices":[{"not_picked":["Rupture","Havoc"],"picked":"Twin Strike","floor":1.0},{"not_picked":["Havoc","True Grit"],"picked":"Battle Trance","floor":2.0},{"not_picked":["Whirlwind","Thunderclap"],"picked":"Bloodletting","floor":3.0},{"not_picked":["Anger","Shockwave"],"picked":"Perfected Strike","floor":6.0},{"not_picked":["Intimidate","Iron Wave"],"picked":"Ghostly Armor","floor":8.0},{"not_picked":["Double Tap","Body Slam"],"picked":"Juggernaut","floor":10.0},{"not_picked":["Sentinel","Hemokinesis"],"picked":"Intimidate","floor":13.0},{"not_picked":["Limit Break","Double Tap"],"picked":"Fiend Fire","floor":16.0},{"not_picked":["Sever Soul","Intimidate"],"picked":"Dark Embrace","floor":18.0},{"not_picked":["Clothesline","Twin Strike"],"picked":"Body Slam","floor":21.0},{"not_picked":["Carnage","Thunderclap"],"picked":"Dark Embrace+1","floor":22.0},{"not_picked":["Body Slam","Fire Breathing"],"picked":"Disarm","floor":23.0},{"not_picked":["Perfected Strike+1","Fire Breathing","Warcry"],"picked":"SKIP","floor":25.0},{"not_picked":["Berserk","Uppercut","Thunderclap"],"picked":"Clothesline","floor":27.0},{"not_picked":["Fiend Fire","Exhume","Impervious"],"picked":"Reaper","floor":33},{"not_picked":["Thunderclap","Perfected Strike+1","Cleave"],"picked":"Shockwave","floor":35},{"not_picked":["Dramatic Entrance","Blind","Good Instincts"],"picked":"Finesse","floor":37},{"not_picked":["Trip","Blind","Impatience"],"picked":"Thinking Ahead","floor":37},{"not_picked":["Second Wind","Sword Boomerang","Body Slam","Perfected Strike"],"picked":"SKIP","floor":39},{"not_picked":["Iron Wave","Sword Boomerang+1","True Grit","Intimidate"],"picked":"SKIP","floor":40},{"not_picked":["Perfected Strike","Iron Wave","Reckless Charge","Body Slam"],"picked":"SKIP","floor":42},{"not_picked":["Corruption","Dual Wield","Heavy Blade+1"],"picked":"Power Through+1","floor":45},{"not_picked":["Body Slam","Perfected Strike","Blood for Blood+1"],"picked":"Flame Barrier","floor":46},{"not_picked":["Heavy Blade","Searing Blow","Clothesline"],"picked":"Burning Pact","floor":48},{"not_picked":["Rupture","Heavy Blade","Spot Weakness"],"picked":"Body Slam+1","floor":55}],"player_experience":2932251,"relics_obtained":[{"floor":6.0,"key":"Whetstone"},{"floor":9.0,"key":"Bronze Scales"},{"floor":10.0,"key":"Oddly Smooth Stone"},{"floor":13.0,"key":"Toy Ornithopter"},{"floor":20.0,"key":"Vajra"},{"floor":23.0,"key":"Happy Flower"},{"floor":26.0,"key":"Question Card"},{"floor":27.0,"key":"CeramicFish"},{"floor":40,"key":"Pantograph"},{"floor":42,"key":"Gremlin Horn"},{"floor":45,"key":"Lizard Tail"},{"floor":48,"key":"Bird Faced Urn"},{"floor":55,"key":"Charon\u0027s Ashes"}],"event_choices":[{"damage_healed":0.0,"max_hp_gain":0.0,"max_hp_loss":0.0,"gold_gain":0.0,"event_name":"Living Wall","player_choice":"Grow","floor":4.0,"gold_loss":0.0,"damage_taken":0.0,"cards_upgraded":["Bash"]},{"damage_healed":0.0,"max_hp_gain":0.0,"max_hp_loss":0.0,"gold_gain":0.0,"event_name":"Liars Game","player_choice":"Ignored","floor":5.0,"gold_loss":0.0,"damage_taken":0.0},{"damage_healed":0.0,"max_hp_gain":0.0,"max_hp_loss":0.0,"gold_gain":75.0,"event_name":"World of Goop","player_choice":"Gather Gold","floor":14.0,"gold_loss":0.0,"damage_taken":11.0},{"damage_healed":0.0,"max_hp_gain":0.0,"max_hp_loss":0.0,"gold_gain":0.0,"event_name":"Wheel of Change","player_choice":"Relic","floor":20.0,"gold_loss":0.0,"damage_taken":0.0},{"damage_healed":0.0,"max_hp_gain":0.0,"max_hp_loss":0.0,"gold_gain":0.0,"event_name":"Back to Basics","player_choice":"Simplicity","floor":28.0,"gold_loss":0.0,"damage_taken":0.0,"cards_upgraded":["Strike_R","Strike_R","Strike_R","Strike_R","Defend_R","Defend_R","Defend_R","Defend_R"]},{"damage_healed":0,"gold_gain":50,"player_choice":"Stole From Cult","damage_taken":0,"max_hp_gain":0,"max_hp_loss":0,"event_name":"Nest","floor":30,"gold_loss":0},{"damage_healed":0,"gold_gain":0,"player_choice":"Memory 3","damage_taken":10,"max_hp_gain":0,"max_hp_loss":0,"event_name":"SensoryStone","floor":37,"gold_loss":0},{"cards_removed":["Dark Embrace"],"damage_healed":0,"gold_gain":0,"player_choice":"Purged","damage_taken":0,"max_hp_gain":0,"max_hp_loss":0,"event_name":"Purifier","floor":38,"gold_loss":0},{"damage_healed":0,"gold_gain":0,"player_choice":"0 cards matched","damage_taken":0,"max_hp_gain":0,"max_hp_loss":0,"event_name":"Match and Keep!","floor":47,"gold_loss":0,"cards_obtained":[]}],"is_beta":true,"boss_relics":[{"not_picked":["Tiny House","Ectoplasm"],"picked":"Philosopher\u0027s Stone"},{"not_picked":["Runic Dome","SacredBark"],"picked":"Cursed Key"}],"items_purged_floors":[54],"is_endless":false,"potions_floor_spawned":[3,6,13,21,22,23,39,40,48,55],"killed_by":"The Heart","ascension_level":20}