{"gold_per_floor":[219,238,238,257,38,38,54,84,156,172,172,202,202,230,230,305,305,322,338,358,377,394,394,394],"floor_reached":24,"playtime":3129,"items_purged":["Strike_R"],"score":590,"play_id":"cd4e662a-0c23-4fb9-8037-dca1136b5837","local_time":"20201122145638","is_ascension_mode":true,"campfire_choices":[{"data":"Pommel Strike","floor":6.0,"key":"SMITH"},{"data":"Immolate","floor":11.0,"key":"SMITH"},{"floor":13.0,"key":"REST"},{"data":"Perfected Strike","floor":15.0,"key":"SMITH"},{"floor":23,"key":"REST"}],"neow_cost":"NONE","seed_source_timestamp":910514129761000,"circlet_count":0,"master_deck":["AscendersBane","Strike_R","Strike_R","Strike_R","Strike_R","Defend_R","Defend_R","Defend_R","Defend_R","Bash+1","Pommel Strike+1","Pommel Strike","Power Through","Evolve","Perfected Strike+1","Immolate+1","Shrug It Off","Reaper","Dark Embrace+1"],"special_seed":0,"relics":["Burning Blood","Ice Cream","Sundial","Ancient Tea Set","Dream Catcher","Sozu"],"potions_floor_usage":[24],"damage_taken":[{"damage":7.0,"enemies":"Cultist","floor":1.0,"turns":4.0},{"damage":4.0,"enemies":"Jaw Worm","floor":2.0,"turns":4.0},{"damage":10.0,"enemies":"Small Slimes","floor":4.0,"turns":4.0},{"damage":1.0,"enemies":"2 Fungi Beasts","floor":7.0,"turns":4.0},{"damage":29.0,"enemies":"Lagavulin","floor":8.0,"turns":8.0},{"damage":17.0,"enemies":"Exordium Thugs","floor":10.0,"turns":2.0},{"damage":32.0,"enemies":"Gremlin Nob","floor":12.0,"turns":4.0},{"damage":0.0,"enemies":"3 Sentries","floor":14.0,"turns":3.0},{"damage":0.0,"enemies":"Slime Boss","floor":16.0,"turns":6.0},{"damage":0.0,"enemies":"Spheric Guardian","floor":18.0,"turns":3.0},{"damage":24.0,"enemies":"Chosen","floor":19.0,"turns":4.0},{"damage":7.0,"enemies":"Centurion and Healer","floor":20.0,"turns":8.0},{"damage":18.0,"enemies":"Cultist and Chosen","floor":21.0,"turns":5.0},{"damage":48,"enemies":"Shelled Parasite and Fungi","floor":22,"turns":5},{"damage":56,"enemies":"Book of Stabbing","floor":24,"turns":4}],"seed_played":"6835497112293658530","potions_obtained":[{"floor":7.0,"key":"Fruit Juice"},{"floor":12.0,"key":"LiquidMemories"},{"floor":14.0,"key":"SteroidPotion"}],"is_trial":false,"path_per_floor":["M","M","?","M","$","R","M","E","T","M","R","E","R","E","R","B",null,"M","M","M","M","M","R","E"],"character_chosen":"IRONCLAD","items_purchased":["Evolve","Energy Potion"],"campfire_rested":2,"item_purchase_floors":[5,5],"current_hp_per_floor":[67,69,69,65,65,65,70,47,47,36,36,15,39,45,45,51,73,79,62,65,57,19,43,0],"gold":394,"neow_bonus":"HUNDRED_GOLD","is_prod":false,"is_daily":false,"chose_seed":false,"campfire_upgraded":3,"win_rate":0,"timestamp":1606085798,"path_taken":["M","M","?","M","$","R","M","E","T","M","R","E","R","E","R","BOSS","M","M","M","M","M","R","E"],"build_version":"2020-11-17","purchased_purges":1,"victory":false,"max_hp_per_floor":[75,75,75,75,75,75,75,75,75,75,75,80,80,80,80,80,80,80,80,80,80,80,80,80],"card_choices":[{"not_picked":["Havoc","Armaments"],"picked":"Pommel Strike","floor":1.0},{"not_picked":["Perfected Strike","Clash"],"picked":"Pommel Strike","floor":2.0},{"not_picked":["True Grit","Headbutt"],"picked":"Power Through","floor":4.0},{"not_picked":["Entrench","Metallicize"],"picked":"Perfected Strike","floor":7.0},{"not_picked":["Battle Trance","Rage"],"picked":"Immolate","floor":8.0},{"not_picked":["Dual Wield","Anger"],"picked":"Shrug It Off","floor":10.0},{"not_picked":["Sword Boomerang","Headbutt","Perfected Strike"],"picked":"SKIP","floor":12.0},{"not_picked":["Blood for Blood","Iron Wave","Headbutt"],"picked":"SKIP","floor":14.0},{"not_picked":["Double Tap","Corruption"],"picked":"Reaper","floor":16.0},{"not_picked":["Pommel Strike","Havoc","Sword Boomerang+1"],"picked":"SKIP","floor":18.0},{"not_picked":["Clash","Headbutt","Dual Wield"],"picked":"SKIP","floor":19.0},{"not_picked":["True Grit","Intimidate","Iron Wave"],"picked":"SKIP","floor":20.0},{"not_picked":["Thunderclap","Wild Strike","Combust"],"picked":"SKIP","floor":21.0},{"not_picked":["Combust","True Grit"],"picked":"Dark Embrace+1","floor":22}],"player_experience":2908425,"relics_obtained":[{"floor":8.0,"key":"Ice Cream"},{"floor":9.0,"key":"Sundial"},{"floor":12.0,"key":"Ancient Tea Set"},{"floor":14.0,"key":"Dream Catcher"}],"event_choices":[{"damage_healed":0.0,"max_hp_gain":0.0,"max_hp_loss":0.0,"gold_gain":0.0,"event_name":"Living Wall","player_choice":"Grow","floor":3.0,"gold_loss":0.0,"damage_taken":0.0,"cards_upgraded":["Bash"]}],"is_beta":true,"boss_relics":[{"not_picked":["Black Blood","Runic Dome"],"picked":"Sozu"}],"items_purged_floors":[5],"is_endless":false,"potions_floor_spawned":[7,12,14,19,21,22],"killed_by":"Book of Stabbing","ascension_level":20}