{"gold_per_floor":[118,118,134,161,180,205,205,234,234,234,252,271,271,291,291,367,367,377,377,377,5,20,20],"floor_reached":23,"playtime":922,"items_purged":["Decay"],"score":402,"play_id":"288f7c7e-3b50-45ee-b1cd-1fefba95b3d9","local_time":"20201122002543","is_ascension_mode":true,"campfire_choices":[{"data":"Armaments","floor":7,"key":"SMITH"},{"data":"Pommel Strike","floor":10,"key":"SMITH"},{"data":"Fire Breathing","floor":15,"key":"SMITH"}],"neow_cost":"NONE","seed_source_timestamp":860705883086300,"circlet_count":0,"master_deck":["AscendersBane","Strike_R","Strike_R","Strike_R","Strike_R","Strike_R","Defend_R","Defend_R","Defend_R","Defend_R","Bash","Perfected Strike+1","Thunderclap","Pommel Strike+1","Armaments+1","Reaper","Fire Breathing+1","Juggernaut","Impervious","Inflame","Apotheosis","Shrug It Off"],"relics":["Burning Blood","NeowsBlessing","Bag of Marbles","InkBottle","Sundial","Fusion Hammer"],"potions_floor_usage":[8,16,22,23],"damage_taken":[{"damage":0,"enemies":"2 Louse","floor":1,"turns":1},{"damage":0,"enemies":"Cultist","floor":3,"turns":1},{"damage":0,"enemies":"Small Slimes","floor":5,"turns":1},{"damage":35,"enemies":"3 Sentries","floor":6,"turns":7},{"damage":24,"enemies":"Gremlin Nob","floor":8,"turns":4},{"damage":0,"enemies":"Looter","floor":11,"turns":2},{"damage":1,"enemies":"Exordium Wildlife","floor":12,"turns":3},{"damage":8,"enemies":"Blue Slaver","floor":14,"turns":2},{"damage":50,"enemies":"Hexaghost","floor":16,"turns":9},{"damage":28,"enemies":"Shell Parasite","floor":18,"turns":5},{"damage":21,"enemies":"3 Byrds","floor":22,"turns":6},{"damage":35,"enemies":"Book of Stabbing","floor":23,"turns":3}],"seed_played":"-3990520092261440970","potions_obtained":[{"floor":5,"key":"Weak Potion"},{"floor":8,"key":"Strength Potion"},{"floor":12,"key":"GamblersBrew"},{"floor":18,"key":"GamblersBrew"}],"is_trial":false,"path_per_floor":["M","?","M","T","M","E","R","E","T","R","M","M","?","M","R","B",null,"M","?","?","$","M","E"],"character_chosen":"IRONCLAD","items_purchased":["Apotheosis","Fire Potion","Shrug It Off"],"campfire_rested":0,"item_purchase_floors":[21,21,21],"current_hp_per_floor":[74,74,75,75,75,46,46,28,28,28,34,44,49,47,47,9,62,40,40,40,40,34,0],"gold":20,"neow_bonus":"THREE_ENEMY_KILL","is_prod":false,"is_daily":false,"chose_seed":false,"campfire_upgraded":3,"win_rate":0,"timestamp":1606033543,"path_taken":["M","?","?","?","M","E","R","E","T","R","?","M","?","M","R","BOSS","M","?","?","$","M","E"],"build_version":"2020-11-17","purchased_purges":1,"victory":false,"max_hp_per_floor":[75,75,75,75,75,75,75,75,75,75,75,75,80,80,80,80,80,80,80,80,80,80,80],"card_choices":[{"not_picked":["Armaments","Rage"],"picked":"Perfected Strike","floor":1},{"not_picked":["Cleave","Carnage"],"picked":"Thunderclap","floor":3},{"not_picked":["Perfected Strike","Entrench"],"picked":"Pommel Strike","floor":5},{"not_picked":["Hemokinesis","Rage"],"picked":"Armaments","floor":6},{"not_picked":["Reckless Charge","Perfected Strike"],"picked":"Reaper","floor":8},{"not_picked":["Flex","Wild Strike"],"picked":"Fire Breathing","floor":11},{"not_picked":["Anger","Heavy Blade","Cleave"],"picked":"SKIP","floor":12},{"not_picked":["Body Slam","Anger"],"picked":"Juggernaut","floor":14},{"not_picked":["Exhume","Limit Break"],"picked":"Impervious","floor":16},{"not_picked":["Iron Wave","True Grit","Heavy Blade"],"picked":"SKIP","floor":18},{"not_picked":["Perfected Strike","Headbutt","Fire Breathing"],"picked":"SKIP","floor":22}],"player_experience":2896986,"relics_obtained":[{"floor":4,"key":"Bag of Marbles"},{"floor":6,"key":"InkBottle"},{"floor":8,"key":"Sundial"}],"event_choices":[{"damage_healed":0,"gold_gain":0,"player_choice":"Upgraded","damage_taken":0,"max_hp_gain":0,"max_hp_loss":0,"event_name":"Upgrade Shrine","floor":2,"gold_loss":0,"cards_upgraded":["Perfected Strike"]},{"damage_healed":0,"gold_gain":0,"player_choice":"Donut","damage_taken":0,"max_hp_gain":5,"max_hp_loss":0,"event_name":"Big Fish","floor":13,"gold_loss":0},{"damage_healed":0,"gold_gain":0,"player_choice":"Smashed Altar","damage_taken":0,"max_hp_gain":0,"max_hp_loss":0,"event_name":"Forgotten Altar","floor":19,"gold_loss":0,"cards_obtained":["Decay"]},{"damage_healed":0,"gold_gain":0,"player_choice":"Read","damage_taken":0,"max_hp_gain":0,"max_hp_loss":0,"event_name":"The Library","floor":20,"gold_loss":0,"cards_obtained":["Inflame"]}],"is_beta":true,"boss_relics":[{"not_picked":["Ectoplasm","Runic Pyramid"],"picked":"Fusion Hammer"}],"items_purged_floors":[21],"is_endless":false,"potions_floor_spawned":[5,8,12,18],"killed_by":"Book of Stabbing","ascension_level":20}