{"gold_per_floor":[112,112,24,24,24,76,76,100,145,145,164,164,193,243,243,243],"floor_reached":16,"playtime":573,"items_purged":[],"score":266,"play_id":"48902a19-b1c3-418c-a97a-39ec534c3a1c","local_time":"20201126152217","is_ascension_mode":true,"campfire_choices":[{"data":"Bash","floor":7,"key":"SMITH"},{"floor":12,"key":"REST"},{"data":"Bludgeon","floor":15,"key":"SMITH"}],"neow_cost":"NONE","seed_source_timestamp":1260452113660400,"circlet_count":0,"master_deck":["AscendersBane","Strike_R","Strike_R","Strike_R","Strike_R","Strike_R","Defend_R","Defend_R","Defend_R","Defend_R+1","Bash+1","Headbutt","Inflame+1","Rampage","Limit Break","Bludgeon+1"],"relics":["Burning Blood","NeowsBlessing","Golden Idol","CeramicFish","Pen Nib"],"potions_floor_usage":[14,16],"damage_taken":[{"damage":0,"enemies":"Jaw Worm","floor":1,"turns":1},{"damage":0,"enemies":"Lagavulin","floor":6,"turns":1},{"damage":0,"enemies":"Small Slimes","floor":8,"turns":2},{"damage":4,"enemies":"2 Louse","floor":11,"turns":3},{"damage":0,"enemies":"Large Slime","floor":13,"turns":4},{"damage":33,"enemies":"Gremlin Nob","floor":14,"turns":4},{"damage":30,"enemies":"Hexaghost","floor":16,"turns":7}],"seed_played":"3427294392778947489","potions_obtained":[{"floor":6,"key":"EssenceOfSteel"},{"floor":8,"key":"Strength Potion"},{"floor":14,"key":"LiquidMemories"}],"is_trial":false,"path_per_floor":["M","?","$","?","?","E","R","M","T","?","M","R","M","E","R","B"],"character_chosen":"IRONCLAD","items_purchased":["Inflame"],"campfire_rested":1,"item_purchase_floors":[3],"current_hp_per_floor":[74,48,48,25,30,36,36,42,42,24,26,50,56,29,29,0],"gold":243,"neow_bonus":"THREE_ENEMY_KILL","is_prod":false,"is_daily":false,"chose_seed":false,"campfire_upgraded":2,"win_rate":0,"timestamp":1606432937,"path_taken":["M","?","$","?","?","E","R","M","T","?","M","R","M","E","R","BOSS"],"build_version":"2020-11-17","purchased_purges":0,"victory":false,"max_hp_per_floor":[75,75,75,75,80,80,80,80,80,80,80,80,80,80,80,80],"card_choices":[{"not_picked":["Cleave","Entrench"],"picked":"Headbutt","floor":1},{"not_picked":["Bloodletting","Power Through"],"picked":"Rampage","floor":6},{"not_picked":["Wild Strike","Rampage","Iron Wave"],"picked":"SKIP","floor":8},{"not_picked":["Anger","Blood for Blood","Headbutt"],"picked":"SKIP","floor":11},{"not_picked":["Pummel","Armaments"],"picked":"Limit Break","floor":13},{"not_picked":["Feel No Pain","Reckless Charge"],"picked":"Bludgeon","floor":14}],"player_experience":2964349,"relics_obtained":[{"floor":6,"key":"CeramicFish"},{"floor":14,"key":"Pen Nib"}],"event_choices":[{"damage_healed":0,"gold_gain":0,"player_choice":"Take Damage","damage_taken":26,"relics_obtained":["Golden Idol"],"max_hp_gain":0,"max_hp_loss":0,"event_name":"Golden Idol","floor":2,"gold_loss":0},{"damage_healed":0,"gold_gain":0,"player_choice":"Entered Light","damage_taken":23,"max_hp_gain":0,"max_hp_loss":0,"event_name":"Shining Light","floor":4,"gold_loss":0,"cards_upgraded":["Inflame","Defend_R"]},{"damage_healed":0,"gold_gain":0,"player_choice":"Donut","damage_taken":0,"max_hp_gain":5,"max_hp_loss":0,"event_name":"Big Fish","floor":5,"gold_loss":0},{"damage_healed":0,"gold_gain":0,"player_choice":"Fled","damage_taken":18,"max_hp_gain":0,"max_hp_loss":0,"event_name":"Scrap Ooze","floor":10,"gold_loss":0}],"is_beta":true,"boss_relics":[],"items_purged_floors":[],"is_endless":false,"potions_floor_spawned":[6,8,14],"killed_by":"Hexaghost","ascension_level":20}