{"gold_per_floor":[115,115,135,115,130,130,155,155,155,155,170,170,185,30,30,30],"floor_reached":16,"playtime":731,"items_purged":["Strike_R"],"score":200,"play_id":"20e38681-81b8-4bce-89ed-0808f1912190","local_time":"20201126214659","is_ascension_mode":true,"campfire_choices":[{"data":"Bash","floor":6,"key":"SMITH"},{"data":"Clothesline","floor":8,"key":"SMITH"},{"data":"Reckless Charge","floor":10,"key":"SMITH"},{"data":"Offering","floor":12,"key":"SMITH"},{"data":"Inflame","floor":15,"key":"SMITH"}],"neow_cost":"TEN_PERCENT_HP_LOSS","seed_source_timestamp":1283375475582500,"circlet_count":0,"master_deck":["AscendersBane","Strike_R","Strike_R","Strike_R","Defend_R","Defend_R","Defend_R","Bash+1","Battle Trance","Reckless Charge+1","Clothesline+1","Metallicize","Offering+1","Feel No Pain","Inflame+1","Dark Embrace"],"relics":["Burning Blood","Strawberry","Ornamental Fan"],"potions_floor_usage":[16,16],"damage_taken":[{"damage":2,"enemies":"2 Louse","floor":1,"turns":3},{"damage":7,"enemies":"Jaw Worm","floor":3,"turns":3},{"damage":1,"enemies":"Cultist","floor":5,"turns":3},{"damage":23,"enemies":"Lagavulin","floor":7,"turns":6},{"damage":15,"enemies":"Gremlin Gang","floor":11,"turns":4},{"damage":6,"enemies":"Blue Slaver","floor":13,"turns":3},{"damage":52,"enemies":"Slime Boss","floor":16,"turns":10}],"seed_played":"395725085106748468","potions_obtained":[{"floor":1,"key":"Energy Potion"},{"floor":3,"key":"DuplicationPotion"},{"floor":11,"key":"SteroidPotion"}],"is_trial":false,"path_per_floor":["M","?","M","?","M","R","E","R","T","R","M","R","M","$","R","B"],"character_chosen":"IRONCLAD","items_purchased":["Dark Embrace"],"campfire_rested":0,"item_purchase_floors":[14],"current_hp_per_floor":[68,68,67,67,68,68,58,58,58,58,49,49,49,49,49,0],"gold":30,"neow_bonus":"TRANSFORM_TWO_CARDS","is_prod":false,"is_daily":false,"chose_seed":false,"campfire_upgraded":5,"win_rate":0,"timestamp":1606456019,"path_taken":["M","?","M","?","M","R","E","R","T","R","M","R","?","$","R","BOSS"],"build_version":"2020-11-17","purchased_purges":1,"victory":false,"max_hp_per_floor":[68,68,68,68,68,68,75,75,75,75,75,75,75,75,75,75],"card_choices":[{"not_picked":["Disarm","Burning Pact","Perfected Strike"],"picked":"SKIP","floor":1},{"not_picked":["Armaments","Whirlwind"],"picked":"Clothesline","floor":3},{"not_picked":["Clash","Armaments"],"picked":"Metallicize","floor":5},{"not_picked":["Heavy Blade","Dual Wield"],"picked":"Offering","floor":7},{"not_picked":["Bloodletting","Shrug It Off"],"picked":"Feel No Pain","floor":11},{"not_picked":["Wild Strike","Sword Boomerang"],"picked":"Inflame","floor":13}],"player_experience":2965753,"relics_obtained":[{"floor":7,"key":"Strawberry"},{"floor":9,"key":"Ornamental Fan"}],"event_choices":[{"damage_healed":0,"gold_gain":0,"player_choice":"Ignored","damage_taken":0,"max_hp_gain":0,"max_hp_loss":0,"event_name":"Liars Game","floor":2,"gold_loss":0},{"damage_healed":0,"gold_gain":0,"player_choice":"Bought 1 Potion","damage_taken":0,"max_hp_gain":0,"max_hp_loss":0,"event_name":"The Woman in Blue","floor":4,"gold_loss":0}],"is_beta":true,"boss_relics":[],"items_purged_floors":[14],"is_endless":false,"potions_floor_spawned":[1,3,11],"killed_by":"Slime Boss","ascension_level":20}