{"gold_per_floor":[115,115,179,198,174,202,202,252,305,305,2,36,36,86,86,181,181,205,34,84,59,77,77],"floor_reached":23,"playtime":1529,"items_purged":[],"score":394,"play_id":"d317698b-84e0-4c34-ba20-2dba51b52fe3","local_time":"20201126221527","is_ascension_mode":true,"campfire_choices":[{"data":"Juggernaut","floor":7,"key":"SMITH"},{"floor":10,"key":"REST"},{"data":"Cleave","floor":13,"key":"SMITH"},{"data":"Bash","floor":15,"key":"SMITH"}],"neow_cost":"TEN_PERCENT_HP_LOSS","seed_source_timestamp":1284283932005400,"circlet_count":0,"master_deck":["AscendersBane","Bash+1","Anger","True Grit","Metallicize","Juggernaut+1","Feel No Pain","Hemokinesis+1","Spot Weakness","Dark Shackles","Cleave+1","Fiend Fire","Power Through","Second Wind","Flame Barrier","Hemokinesis","Sword Boomerang","Intimidate","Ghostly Armor","Shrug It Off+1","Shrug It Off","Entrench"],"relics":["Burning Blood","Calipers","SsserpentHead","Blue Candle","Golden Idol","War Paint","Anchor","Pandora\u0027s Box","Happy Flower"],"potions_floor_usage":[6,16,23,23],"damage_taken":[{"damage":9,"enemies":"Jaw Worm","floor":1,"turns":6},{"damage":1,"enemies":"Cultist","floor":3,"turns":3},{"damage":1,"enemies":"2 Louse","floor":4,"turns":3},{"damage":25,"enemies":"Exordium Thugs","floor":5,"turns":4},{"damage":31,"enemies":"Lagavulin","floor":6,"turns":8},{"damage":9,"enemies":"3 Sentries","floor":12,"turns":6},{"damage":20,"enemies":"Slime Boss","floor":16,"turns":9},{"damage":11,"enemies":"2 Thieves","floor":18,"turns":4},{"damage":20,"enemies":"Spheric Guardian","floor":22,"turns":5},{"damage":38,"enemies":"Book of Stabbing","floor":23,"turns":4}],"seed_played":"-2973706025717673220","potions_obtained":[{"floor":1,"key":"SpeedPotion"},{"floor":5,"key":"Swift Potion"},{"floor":16,"key":"GamblersBrew"},{"floor":22,"key":"Weak Potion"}],"is_trial":false,"path_per_floor":["M","?","M","M","M","E","R","?","T","R","$","E","R","?","R","B",null,"M","$","?","?","M","E"],"character_chosen":"IRONCLAD","items_purchased":["Feel No Pain","Hemokinesis","Spot Weakness","Fire Potion","Dark Shackles","Happy Flower"],"campfire_rested":1,"item_purchase_floors":[11,11,11,11,11,19],"current_hp_per_floor":[65,65,68,68,49,24,24,24,24,42,42,39,39,39,39,25,53,48,48,48,48,34,0],"gold":77,"neow_bonus":"ONE_RARE_RELIC","is_prod":false,"is_daily":false,"chose_seed":false,"campfire_upgraded":3,"win_rate":0,"timestamp":1606457727,"path_taken":["M","?","?","M","M","E","R","?","T","R","?","E","R","?","R","BOSS","M","$","?","?","M","E"],"build_version":"2020-11-17","purchased_purges":0,"victory":false,"max_hp_per_floor":[68,68,68,68,68,68,68,62,62,62,62,62,62,62,62,62,62,62,62,62,62,62,62],"card_choices":[{"not_picked":["Ghostly Armor","Armaments"],"picked":"Anger","floor":1},{"not_picked":["Clash","Body Slam"],"picked":"True Grit","floor":3},{"not_picked":["Flex","Infernal Blade","Searing Blow"],"picked":"SKIP","floor":4},{"not_picked":["Iron Wave","Flex"],"picked":"Metallicize","floor":5},{"not_picked":["Twin Strike","Armaments"],"picked":"Juggernaut","floor":6},{"not_picked":["Wild Strike","Limit Break"],"picked":"Cleave","floor":12},{"not_picked":["Limit Break","Double Tap"],"picked":"Fiend Fire","floor":16},{"not_picked":["Flex","Spot Weakness"],"picked":"Shrug It Off+1","floor":18},{"not_picked":["Flex","Pommel Strike"],"picked":"Entrench","floor":22}],"player_experience":2966484,"relics_obtained":[{"floor":6,"key":"Blue Candle"},{"floor":9,"key":"War Paint"},{"floor":12,"key":"Anchor"}],"event_choices":[{"damage_healed":0,"gold_gain":0,"player_choice":"Trade","damage_taken":0,"relics_obtained":["SsserpentHead"],"max_hp_gain":0,"max_hp_loss":0,"event_name":"FaceTrader","floor":2,"gold_loss":0},{"damage_healed":0,"gold_gain":0,"player_choice":"Lose Max HP","damage_taken":0,"relics_obtained":["Golden Idol"],"max_hp_gain":0,"max_hp_loss":6,"event_name":"Golden Idol","floor":8,"gold_loss":0},{"damage_healed":0,"gold_gain":0,"player_choice":"Upgraded","damage_taken":0,"max_hp_gain":0,"max_hp_loss":0,"event_name":"Upgrade Shrine","floor":14,"gold_loss":0,"cards_upgraded":["Hemokinesis"]},{"damage_healed":0,"gold_gain":0,"cards_transformed":["Anger","Dropkick"],"player_choice":"Became Test Subject","damage_taken":0,"max_hp_gain":0,"max_hp_loss":0,"event_name":"Drug Dealer","floor":20,"gold_loss":0,"cards_obtained":["Shrug It Off","Searing Blow"]},{"cards_removed":["Searing Blow"],"damage_healed":0,"gold_gain":0,"player_choice":"Gave Gold","damage_taken":0,"max_hp_gain":0,"max_hp_loss":0,"event_name":"Beggar","floor":21,"gold_loss":75}],"is_beta":true,"boss_relics":[{"not_picked":["Runic Cube","Sozu"],"picked":"Pandora\u0027s Box"}],"items_purged_floors":[],"is_endless":false,"potions_floor_spawned":[1,5,16,22],"killed_by":"Book of Stabbing","ascension_level":20}