{"gold_per_floor":[417,382,394,1,1,39,39,82,135,155,168,168,196,236,236,326,326,342,342,257,257,100,140,140,181,181,181],"floor_reached":27,"playtime":2405,"items_purged":["Strike_R","Strike_R"],"score":530,"play_id":"fcf7be48-08e3-4a78-b365-cf0e59f267f2","local_time":"20201123204327","is_ascension_mode":true,"campfire_choices":[{"data":"Pommel Strike","floor":7.0,"key":"SMITH"},{"floor":12.0,"key":"REST"},{"data":"Immolate","floor":15.0,"key":"SMITH"},{"data":"Shockwave","floor":24,"key":"SMITH"}],"neow_cost":"PERCENT_DAMAGE","seed_source_timestamp":0,"circlet_count":0,"master_deck":["AscendersBane","Strike_R","Strike_R","Strike_R","Defend_R","Defend_R","Defend_R","Defend_R","Bash","Pommel Strike+1","Thunderclap","Shockwave+1","True Grit","Clothesline","Fire Breathing","Immolate+1","Offering","Power Through"],"special_seed":0,"relics":["Burning Blood","Old Coin","Mercury Hourglass","Golden Idol","Art of War","MealTicket","Juzu Bracelet","Odd Mushroom","Potion Belt","SacredBark","Turnip","Pen Nib","Pear","Gremlin Horn"],"potions_floor_usage":[23,25,27],"damage_taken":[{"damage":21.0,"enemies":"Jaw Worm","floor":1.0,"turns":7.0},{"damage":4.0,"enemies":"Small Slimes","floor":3.0,"turns":4.0},{"damage":31.0,"enemies":"Gremlin Nob","floor":6.0,"turns":4.0},{"damage":30.0,"enemies":"3 Sentries","floor":8.0,"turns":6.0},{"damage":0.0,"enemies":"2 Louse","floor":10.0,"turns":2.0},{"damage":10.0,"enemies":"Looter","floor":11.0,"turns":3.0},{"damage":10.0,"enemies":"The Mushroom Lair","floor":13.0,"turns":3.0},{"damage":36.0,"enemies":"Gremlin Nob","floor":14.0,"turns":5.0},{"damage":23.0,"enemies":"Slime Boss","floor":16.0,"turns":6.0},{"damage":6,"enemies":"3 Byrds","floor":18,"turns":3},{"damage":14,"enemies":"Book of Stabbing","floor":23,"turns":5},{"damage":85,"enemies":"Gremlin Leader","floor":25,"turns":5},{"damage":19,"enemies":"Book of Stabbing","floor":27,"turns":3}],"seed_played":"3073871475625344505","potions_obtained":[{"floor":6.0,"key":"ElixirPotion"},{"floor":8.0,"key":"HeartOfIron"},{"floor":10.0,"key":"FairyPotion"},{"floor":16,"key":"Swift Potion"},{"floor":23,"key":"BloodPotion"}],"is_trial":false,"path_per_floor":["M","?","M","$","?","E","R","E","T","M","M","R","?","E","R","B",null,"M","?","?","?","$","E","R","E","T","E"],"character_chosen":"IRONCLAD","items_purchased":["Mercury Hourglass","BloodPotion","FearPotion"],"campfire_rested":1,"item_purchase_floors":[4,4,22],"current_hp_per_floor":[35,53,55,55,55,30,30,19,19,25,21,41,37,7,7,26,58,58,58,58,58,68,60,60,18,18,0],"gold":181,"neow_bonus":"ONE_RARE_RELIC","is_prod":false,"is_daily":false,"chose_seed":false,"campfire_upgraded":3,"win_rate":0,"timestamp":1606193007,"path_taken":["M","?","M","$","?","E","R","E","T","M","M","R","?","E","R","BOSS","BOSS","M","?","?","?","$","E","R","E","T","E"],"build_version":"2020-11-17","purchased_purges":2,"victory":false,"max_hp_per_floor":[75,75,75,75,68,68,68,68,68,68,68,68,68,68,68,68,68,68,68,68,68,68,68,68,78,78,78],"card_choices":[{"not_picked":["Armaments","Havoc"],"picked":"Pommel Strike","floor":1.0},{"not_picked":["Dropkick","Body Slam","Warcry"],"picked":"SKIP","floor":3.0},{"not_picked":["Dark Embrace","Blood for Blood"],"picked":"Thunderclap","floor":6.0},{"not_picked":["True Grit","Double Tap"],"picked":"Shockwave","floor":8.0},{"not_picked":["Flex","Pommel Strike"],"picked":"True Grit","floor":10.0},{"not_picked":["True Grit","Blood for Blood"],"picked":"Clothesline","floor":11.0},{"not_picked":["Infernal Blade","Entrench"],"picked":"Fire Breathing","floor":13.0},{"not_picked":["Twin Strike","Rampage"],"picked":"Immolate","floor":14.0},{"not_picked":["Barricade","Immolate"],"picked":"Offering","floor":16},{"not_picked":["Cleave","Sword Boomerang","Iron Wave"],"picked":"SKIP","floor":18},{"not_picked":["Dark Embrace","Clothesline","True Grit"],"picked":"SKIP","floor":23},{"not_picked":["Anger","Sever Soul"],"picked":"Power Through","floor":25}],"player_experience":2913718,"relics_obtained":[{"floor":6.0,"key":"Art of War"},{"floor":8.0,"key":"MealTicket"},{"floor":9.0,"key":"Juzu Bracelet"},{"floor":13.0,"key":"Odd Mushroom"},{"floor":14.0,"key":"Potion Belt"},{"floor":23,"key":"Pen Nib"},{"floor":25,"key":"Pear"},{"floor":26,"key":"Gremlin Horn"}],"event_choices":[{"damage_healed":18.0,"max_hp_gain":0.0,"max_hp_loss":0.0,"gold_gain":0.0,"event_name":"The Cleric","player_choice":"Healed","floor":2.0,"gold_loss":35.0,"damage_taken":0.0},{"damage_healed":0.0,"max_hp_gain":0.0,"max_hp_loss":7.0,"gold_gain":0.0,"event_name":"Golden Idol","player_choice":"Lose Max HP","floor":5.0,"gold_loss":0.0,"damage_taken":0.0,"relics_obtained":["Golden Idol"]},{"damage_healed":0.0,"max_hp_gain":0.0,"max_hp_loss":0.0,"gold_gain":0.0,"event_name":"Mushrooms","player_choice":"Fought Mushrooms","floor":13.0,"gold_loss":0.0,"damage_taken":0.0},{"damage_healed":0,"gold_gain":0,"player_choice":"Ignored","damage_taken":0,"max_hp_gain":0,"max_hp_loss":0,"event_name":"Beggar","floor":19,"gold_loss":0},{"damage_healed":0,"gold_gain":0,"player_choice":"Obtained Relic","damage_taken":0,"relics_obtained":["Turnip"],"max_hp_gain":0,"max_hp_loss":0,"event_name":"Addict","floor":20,"gold_loss":85},{"damage_healed":0,"gold_gain":0,"player_choice":"Ignored","damage_taken":0,"max_hp_gain":0,"max_hp_loss":0,"event_name":"Vampires","floor":21,"gold_loss":0}],"is_beta":true,"boss_relics":[{"not_picked":["Runic Dome","Empty Cage"],"picked":"SacredBark"}],"items_purged_floors":[4,22],"is_endless":false,"potions_floor_spawned":[6,8,10,16,23],"killed_by":"Book of Stabbing","ascension_level":20}