{"gold_per_floor":[115,129,129,129,148,179,179,204,230,240,240,267,280,292,292,367,367,385,385,417,99,170,170,195,195,195,195,215,235,268,183,183,258,258,275,300,14,31,46,72,72,294,321,331,362,373,373,387,387,387,387,387,387,8,41,41],"floor_reached":57,"playtime":3923,"items_purged":["Strike_R+1"],"score":2715,"play_id":"d8d47046-09d5-405b-8862-17960f89129b","local_time":"20201127233644","is_ascension_mode":true,"campfire_choices":[{"data":"Carnage","floor":7,"key":"SMITH"},{"floor":11,"key":"REST"},{"data":"Inflame","floor":15,"key":"SMITH"},{"data":"Clothesline","floor":23,"key":"SMITH"},{"data":"Pommel Strike","floor":25,"key":"SMITH"},{"data":"Acrobatics","floor":32,"key":"SMITH"},{"floor":41,"key":"RECALL"},{"data":"Perfected Strike","floor":47,"key":"SMITH"},{"data":"Pommel Strike","floor":49,"key":"SMITH"},{"floor":53,"key":"REST"}],"neow_cost":"NONE","seed_source_timestamp":1373147996422700,"circlet_count":0,"master_deck":["AscendersBane","Strike_R+1","Strike_R+1","Strike_R+1","Strike_R+1","Defend_R+1","Defend_R+1","Defend_R+1","Defend_R+1","Bash","Pommel Strike+1","Pommel Strike+1","Carnage+1","Thunderclap","Inflame+1","Reaper","Clothesline+1","Uppercut+1","Acrobatics+1","Doubt","Perfected Strike+1","Dodge and Roll+1","Exhume"],"relics":["Runic Dome","Bag of Preparation","Strawberry","HornCleat","Akabeko","CaptainsWheel","Snecko Eye","Red Mask","PrismaticShard","Pen Nib","The Courier","Boot","Shuriken","Centennial Puzzle","Sundial","Cursed Key","Charon\u0027s Ashes","Self Forming Clay","Vajra","Calipers","Art of War","Paper Frog","Orichalcum"],"potions_floor_usage":[6,16,39,40,50,56],"damage_taken":[{"damage":2,"enemies":"Jaw Worm","floor":1,"turns":3},{"damage":5,"enemies":"2 Louse","floor":2,"turns":3},{"damage":5,"enemies":"Small Slimes","floor":5,"turns":3},{"damage":15,"enemies":"Lagavulin","floor":6,"turns":5},{"damage":15,"enemies":"3 Sentries","floor":8,"turns":5},{"damage":4,"enemies":"3 Louse","floor":10,"turns":3},{"damage":11,"enemies":"Lagavulin","floor":12,"turns":4},{"damage":0,"enemies":"Large Slime","floor":13,"turns":2},{"damage":0,"enemies":"Exordium Thugs","floor":14,"turns":1},{"damage":36,"enemies":"The Guardian","floor":16,"turns":7},{"damage":0,"enemies":"Chosen","floor":18,"turns":2},{"damage":4,"enemies":"Masked Bandits","floor":20,"turns":3},{"damage":6,"enemies":"Slavers","floor":24,"turns":3},{"damage":0,"enemies":"Spheric Guardian","floor":28,"turns":2},{"damage":0,"enemies":"Centurion and Healer","floor":29,"turns":4},{"damage":10,"enemies":"Book of Stabbing","floor":30,"turns":2},{"damage":2,"enemies":"Automaton","floor":33,"turns":6},{"damage":8,"enemies":"3 Darklings","floor":35,"turns":3},{"damage":0,"enemies":"Mind Bloom Boss Battle","floor":36,"turns":4},{"damage":0,"enemies":"3 Shapes","floor":38,"turns":2},{"damage":9,"enemies":"Jaw Worm Horde","floor":39,"turns":2},{"damage":28,"enemies":"Giant Head","floor":40,"turns":6},{"damage":3,"enemies":"Spire Growth","floor":44,"turns":3},{"damage":15,"enemies":"Nemesis","floor":45,"turns":5},{"damage":0,"enemies":"3 Darklings","floor":46,"turns":4},{"damage":4,"enemies":"Jaw Worm Horde","floor":48,"turns":2},{"damage":42,"enemies":"Awakened One","floor":50,"turns":12},{"damage":33,"enemies":"Time Eater","floor":51,"turns":7},{"damage":33,"enemies":"Shield and Spear","floor":55,"turns":5},{"damage":104,"enemies":"The Heart","floor":56,"turns":8}],"seed_played":"2384711271264612099","potions_obtained":[{"floor":1,"key":"Ancient Potion"},{"floor":5,"key":"Energy Potion"},{"floor":10,"key":"Strength Potion"},{"floor":16,"key":"BlessingOfTheForge"},{"floor":29,"key":"SneckoOil"},{"floor":33,"key":"PowerPotion"},{"floor":39,"key":"Dexterity Potion"},{"floor":45,"key":"Fire Potion"}],"is_trial":false,"path_per_floor":["M","M","?","?","M","E","R","E","T","M","R","E","M","M","R","B",null,"M","?","?","$","T","R","E","R","T","?","M","M","E","?","R","B",null,"M","?","$","M","M","E","R","?","T","M","E","M","R","M","R","B","B",null,"R","$","E","B",null],"character_chosen":"IRONCLAD","items_purchased":["PrismaticShard","Pen Nib","Self Forming Clay","Art of War","Paper Frog","BloodPotion"],"campfire_rested":2,"item_purchase_floors":[21,21,37,54,54,54],"current_hp_per_floor":[66,61,61,56,51,43,43,28,28,24,48,37,37,37,37,1,62,74,74,70,70,70,70,78,78,78,78,78,82,72,72,72,80,82,74,82,82,82,82,70,70,70,70,79,64,82,82,78,78,58,49,74,82,82,63,14],"gold":41,"neow_bonus":"BOSS_RELIC","is_prod":false,"is_daily":false,"chose_seed":false,"campfire_upgraded":7,"win_rate":0,"timestamp":1606549004,"path_taken":["M","M","?","?","M","E","R","E","T","M","R","E","M","M","R","BOSS","M","?","?","$","?","R","E","R","T","?","M","M","E","?","R","BOSS","M","?","$","M","M","E","R","?","T","?","E","M","R","M","R","BOSS","BOSS","R","$","E","BOSS"],"build_version":"2020-11-27","purchased_purges":1,"victory":true,"max_hp_per_floor":[75,75,75,75,75,82,82,82,82,82,82,82,82,82,82,82,82,82,82,82,82,82,82,82,82,82,82,82,82,82,82,82,82,82,82,82,82,82,82,82,82,82,82,82,82,82,82,82,82,82,82,82,82,82,82,82],"card_choices":[{"not_picked":["Entrench","Whirlwind"],"picked":"Pommel Strike","floor":1},{"not_picked":["Pummel","True Grit"],"picked":"Pommel Strike","floor":2},{"not_picked":["True Grit","Second Wind"],"picked":"Carnage","floor":5},{"not_picked":["Infernal Blade","Havoc"],"picked":"Thunderclap","floor":8},{"not_picked":["Rupture","Metallicize","Brutality"],"picked":"SKIP","floor":10},{"not_picked":["Havoc","Carnage"],"picked":"Inflame","floor":12},{"not_picked":["Twin Strike","Sword Boomerang","Headbutt"],"picked":"SKIP","floor":13},{"not_picked":["Carnage","Iron Wave","Havoc"],"picked":"SKIP","floor":14},{"not_picked":["Demon Form","Impervious"],"picked":"Reaper","floor":16},{"not_picked":["True Grit","Cleave","Sentinel"],"picked":"SKIP","floor":18},{"not_picked":["Combust","Flex"],"picked":"Clothesline","floor":20},{"not_picked":["Masterful Stab","Violence","Judgement"],"picked":"SKIP","floor":24},{"not_picked":["Body Slam","Consecrate"],"picked":"Uppercut+1","floor":28},{"not_picked":["Rage","Cloak And Dagger"],"picked":"Acrobatics","floor":29},{"not_picked":["InnerPeace","Sweeping Beam","Undo"],"picked":"SKIP","floor":30},{"not_picked":["Go for the Eyes+1","True Grit","FlurryOfBlows"],"picked":"SKIP","floor":35},{"not_picked":["CrushJoints","Prepared","Dagger Spray"],"picked":"SKIP","floor":38},{"not_picked":["Halt","ThirdEye","Backflip"],"picked":"SKIP","floor":39},{"not_picked":["Turbo+1","Acrobatics+1","Forethought"],"picked":"SKIP","floor":40},{"not_picked":["Auto Shields","Brilliance","Sucker Punch"],"picked":"SKIP","floor":44},{"not_picked":["Halt","Dramatic Entrance"],"picked":"Perfected Strike","floor":45},{"not_picked":["Beam Cell","Pray+1","Deep Breath"],"picked":"SKIP","floor":46},{"not_picked":["Beam Cell","Pray+1","Deep Breath"],"picked":"SKIP","floor":46},{"not_picked":["Headbutt","Evaluate"],"picked":"Dodge and Roll+1","floor":48},{"not_picked":["Panacea","Reflex"],"picked":"Exhume","floor":55}],"player_experience":2982672,"relics_obtained":[{"floor":6,"key":"Strawberry"},{"floor":8,"key":"HornCleat"},{"floor":9,"key":"Akabeko"},{"floor":12,"key":"CaptainsWheel"},{"floor":20,"key":"Red Mask"},{"floor":22,"key":"The Courier"},{"floor":24,"key":"Boot"},{"floor":26,"key":"Shuriken"},{"floor":30,"key":"Centennial Puzzle"},{"floor":36,"key":"Charon\u0027s Ashes"},{"floor":40,"key":"Vajra"},{"floor":45,"key":"Calipers"},{"floor":55,"key":"Orichalcum"}],"event_choices":[{"damage_healed":0,"gold_gain":0,"player_choice":"Ignored","damage_taken":0,"max_hp_gain":0,"max_hp_loss":0,"event_name":"Liars Game","floor":3,"gold_loss":0},{"damage_healed":0,"gold_gain":0,"player_choice":"Success","damage_taken":5,"relics_obtained":["Bag of Preparation"],"max_hp_gain":0,"max_hp_loss":0,"event_name":"Scrap Ooze","floor":4,"gold_loss":0},{"damage_healed":0,"gold_gain":0,"player_choice":"Simplicity","damage_taken":0,"max_hp_gain":0,"max_hp_loss":0,"event_name":"Back to Basics","floor":19,"gold_loss":0,"cards_upgraded":["Strike_R","Strike_R","Strike_R","Strike_R","Strike_R","Defend_R","Defend_R","Defend_R","Defend_R"]},{"damage_healed":0,"gold_gain":0,"player_choice":"Fought Bandits","damage_taken":0,"max_hp_gain":0,"max_hp_loss":0,"event_name":"Masked Bandits","floor":20,"gold_loss":0},{"damage_healed":0,"gold_gain":0,"player_choice":"Ignored","damage_taken":0,"max_hp_gain":0,"max_hp_loss":0,"event_name":"Vampires","floor":27,"gold_loss":0},{"damage_healed":0,"gold_gain":0,"player_choice":"Obtained Relic","damage_taken":0,"relics_obtained":["Sundial"],"max_hp_gain":0,"max_hp_loss":0,"event_name":"Addict","floor":31,"gold_loss":85},{"damage_healed":0,"gold_gain":0,"player_choice":"Fight","damage_taken":0,"max_hp_gain":0,"max_hp_loss":0,"event_name":"MindBloom","floor":36,"gold_loss":0},{"damage_healed":0,"gold_gain":222,"player_choice":"Wore Mask","damage_taken":0,"max_hp_gain":0,"max_hp_loss":0,"event_name":"Tomb of Lord Red Mask","floor":42,"gold_loss":0}],"is_beta":true,"boss_relics":[{"not_picked":["Velvet Choker","Empty Cage"],"picked":"Snecko Eye"},{"not_picked":["Sozu","Tiny House"],"picked":"Cursed Key"}],"items_purged_floors":[37],"is_endless":false,"potions_floor_spawned":[1,5,10,13,16,29,30,33,35,36,39,45],"ascension_level":20}