{"gold_per_floor":[115,126,43,63,63,88,88,88,169,199,214,214,232,232,232,325,325,346,369,369,47,65,65,65,65,65,65],"floor_reached":27,"playtime":4778,"items_purged":[],"score":442,"play_id":"8c920330-56f7-441c-9548-909cb300e78f","local_time":"20201124160320","is_ascension_mode":true,"campfire_choices":[{"floor":8,"key":"REST"},{"data":"Combust","floor":12,"key":"SMITH"},{"floor":15,"key":"REST"},{"floor":23,"key":"REST"}],"neow_cost":"NONE","seed_source_timestamp":1085907654737700,"circlet_count":0,"master_deck":["AscendersBane","Strike_R+1","Strike_R+1","Strike_R+1","Strike_R+1","Defend_R+1","Defend_R+1","Defend_R+1","Defend_R+1","Bash","Armaments","Pommel Strike+1","Combust+1","Sword Boomerang","Shrug It Off","Clothesline","Limit Break","Flex","Impervious","Inflame","Thunderclap","Shrug It Off","Shrug It Off+1","RitualDagger","J.A.X."],"relics":["Burning Blood","NeowsBlessing","Dream Catcher","Sundial","Eternal Feather","Golden Idol","Runic Pyramid","Strawberry","Toxic Egg 2"],"potions_floor_usage":[19,22,22,22,27,27],"damage_taken":[{"damage":0,"enemies":"Cultist","floor":1,"turns":1},{"damage":0,"enemies":"2 Louse","floor":2,"turns":1},{"damage":0,"enemies":"Small Slimes","floor":4,"turns":1},{"damage":30,"enemies":"3 Sentries","floor":6,"turns":5},{"damage":25,"enemies":"Gremlin Nob","floor":10,"turns":4},{"damage":2,"enemies":"Looter","floor":11,"turns":4},{"damage":2,"enemies":"Large Slime","floor":13,"turns":4},{"damage":60,"enemies":"The Guardian","floor":16,"turns":12},{"damage":25,"enemies":"Spheric Guardian","floor":18,"turns":6},{"damage":25,"enemies":"Chosen","floor":19,"turns":5},{"damage":45,"enemies":"Shelled Parasite and Fungi","floor":22,"turns":5},{"damage":41,"enemies":"Slavers","floor":27,"turns":5}],"seed_played":"-450627840368572660","potions_obtained":[{"floor":2,"key":"BloodPotion"},{"floor":16,"key":"EntropicBrew"},{"floor":19,"key":"BloodPotion"},{"floor":22,"key":"LiquidMemories"}],"is_trial":false,"path_per_floor":["M","M","$","M","?","E","?","R","T","E","M","R","M","?","R","B",null,"M","M","?","$","M","R","?","?","T","E"],"character_chosen":"IRONCLAD","items_purchased":["Combust","Inflame","Strawberry","Thunderclap","Shrug It Off"],"campfire_rested":3,"item_purchase_floors":[3,21,21,21,21],"current_hp_per_floor":[74,75,75,75,68,44,21,43,43,24,28,37,41,41,68,14,55,36,30,30,37,13,47,41,41,41,0],"gold":65,"neow_bonus":"THREE_ENEMY_KILL","is_prod":false,"is_daily":false,"chose_seed":false,"campfire_upgraded":1,"win_rate":0,"timestamp":1606262600,"path_taken":["M","M","$","?","?","E","?","R","T","E","M","R","M","?","R","BOSS","M","M","?","$","M","R","?","?","T","E"],"build_version":"2020-11-17","purchased_purges":0,"victory":false,"max_hp_per_floor":[75,75,75,75,75,75,75,75,75,75,75,75,75,68,68,68,68,68,68,68,75,75,75,75,75,75,75],"card_choices":[{"not_picked":["Clash","True Grit"],"picked":"Armaments","floor":1},{"not_picked":["Evolve","Wild Strike"],"picked":"Pommel Strike","floor":2},{"not_picked":["Heavy Blade","Thunderclap"],"picked":"Sword Boomerang","floor":4},{"not_picked":["Thunderclap","Anger"],"picked":"Shrug It Off","floor":6},{"not_picked":["Blood for Blood","Warcry"],"picked":"Clothesline","floor":8},{"not_picked":["Flex","Sever Soul"],"picked":"Limit Break","floor":10},{"not_picked":["Warcry","Clothesline","Heavy Blade"],"picked":"SKIP","floor":11},{"not_picked":["Sever Soul","Headbutt","Sentinel"],"picked":"SKIP","floor":13},{"not_picked":["Body Slam","Cleave"],"picked":"Flex","floor":15},{"not_picked":["Limit Break","Corruption"],"picked":"Impervious","floor":16},{"not_picked":["Body Slam","Armaments","Shrug It Off"],"picked":"SKIP","floor":18},{"not_picked":["Pommel Strike+1","Warcry","Sever Soul"],"picked":"SKIP","floor":19},{"not_picked":["Clash","Dropkick","Armaments"],"picked":"SKIP","floor":22},{"not_picked":["Iron Wave","Sentinel"],"picked":"Shrug It Off+1","floor":23}],"player_experience":2927473,"relics_obtained":[{"floor":6,"key":"Dream Catcher"},{"floor":9,"key":"Sundial"},{"floor":10,"key":"Eternal Feather"},{"floor":26,"key":"Toxic Egg 2"}],"event_choices":[{"cards_removed":["Strike_R"],"damage_healed":0,"gold_gain":0,"player_choice":"Card Removal","damage_taken":7,"max_hp_gain":0,"max_hp_loss":0,"event_name":"Golden Wing","floor":5,"gold_loss":0},{"damage_healed":0,"gold_gain":0,"player_choice":"Entered Light","damage_taken":23,"max_hp_gain":0,"max_hp_loss":0,"event_name":"Shining Light","floor":7,"gold_loss":0,"cards_upgraded":["Defend_R","Pommel Strike"]},{"damage_healed":0,"gold_gain":0,"player_choice":"Lose Max HP","damage_taken":0,"relics_obtained":["Golden Idol"],"max_hp_gain":0,"max_hp_loss":7,"event_name":"Golden Idol","floor":14,"gold_loss":0},{"damage_healed":0,"gold_gain":0,"player_choice":"Simplicity","damage_taken":0,"max_hp_gain":0,"max_hp_loss":0,"event_name":"Back to Basics","floor":20,"gold_loss":0,"cards_upgraded":["Strike_R","Strike_R","Strike_R","Strike_R","Defend_R","Defend_R","Defend_R"]},{"damage_healed":0,"gold_gain":0,"player_choice":"Joined the Cult","damage_taken":6,"max_hp_gain":0,"max_hp_loss":0,"event_name":"Nest","floor":24,"gold_loss":0,"cards_obtained":["RitualDagger"]},{"damage_healed":0,"gold_gain":0,"player_choice":"Obtain J.A.X.","damage_taken":0,"max_hp_gain":0,"max_hp_loss":0,"event_name":"Drug Dealer","floor":25,"gold_loss":0,"cards_obtained":["J.A.X."]}],"is_beta":true,"boss_relics":[{"not_picked":["Sozu","Ectoplasm"],"picked":"Runic Pyramid"}],"items_purged_floors":[],"is_endless":false,"potions_floor_spawned":[2,16,19,22],"killed_by":"Slavers","ascension_level":20}