{"gold_per_floor":[210,32,90,100,119,119,147,147,147,15,43,43,55,74,74,74],"floor_reached":16,"playtime":2438,"items_purged":["Strike_R"],"score":220,"play_id":"3b951e8b-8475-4d74-bca2-d29274edfe87","local_time":"20201123214111","is_ascension_mode":true,"campfire_choices":[{"data":"Thunderclap","floor":6.0,"key":"SMITH"},{"data":"Cleave","floor":8.0,"key":"SMITH"},{"floor":15,"key":"REST"}],"neow_cost":"NONE","seed_source_timestamp":1022055674340300,"circlet_count":0,"master_deck":["AscendersBane","Strike_R","Strike_R","Strike_R+1","Strike_R","Defend_R","Defend_R","Defend_R","Defend_R","Bash","Headbutt","Feed+1","Shrug It Off","Thunderclap+1","Cleave+1","Clothesline","Offering"],"special_seed":0,"relics":["Burning Blood","Blood Vial","Kunai","Oddly Smooth Stone"],"potions_floor_usage":[13,16],"damage_taken":[{"damage":4.0,"enemies":"Jaw Worm","floor":1.0,"turns":5.0},{"damage":12.0,"enemies":"Small Slimes","floor":4.0,"turns":3.0},{"damage":0.0,"enemies":"2 Louse","floor":5.0,"turns":3.0},{"damage":25.0,"enemies":"Lagavulin","floor":7.0,"turns":6.0},{"damage":32.0,"enemies":"Gremlin Nob","floor":11.0,"turns":4.0},{"damage":3,"enemies":"Large Slime","floor":13,"turns":6},{"damage":12,"enemies":"Exordium Wildlife","floor":14,"turns":4},{"damage":54,"enemies":"Slime Boss","floor":16,"turns":7}],"seed_played":"3244781473445346844","potions_obtained":[{"floor":5.0,"key":"PowerPotion"},{"floor":11.0,"key":"FearPotion"},{"floor":14,"key":"SkillPotion"}],"is_trial":false,"path_per_floor":["M","$","?","M","M","R","E","R","T","$","E","?","M","M","R","B"],"character_chosen":"IRONCLAD","items_purchased":["Feed","Fire Potion"],"campfire_rested":1,"item_purchase_floors":[2,10],"current_hp_per_floor":[70,70,70,67,76,76,60,60,60,60,36,11,16,16,42,0],"gold":74,"neow_bonus":"HUNDRED_GOLD","is_prod":false,"is_daily":false,"chose_seed":false,"campfire_upgraded":2,"win_rate":0,"timestamp":1606196471,"path_taken":["M","$","?","M","M","R","E","R","T","$","E","?","M","?","R","BOSS"],"build_version":"2020-11-17","purchased_purges":1,"victory":false,"max_hp_per_floor":[75,75,75,78,81,81,84,84,84,84,84,84,84,88,88,88],"card_choices":[{"not_picked":["Iron Wave","Sword Boomerang"],"picked":"Headbutt","floor":1.0},{"not_picked":["Body Slam","Burning Pact"],"picked":"Shrug It Off","floor":4.0},{"not_picked":["Sword Boomerang","Warcry"],"picked":"Thunderclap","floor":5.0},{"not_picked":["Infernal Blade","Brutality"],"picked":"Cleave","floor":7.0},{"not_picked":["Bloodletting","Searing Blow"],"picked":"Clothesline","floor":11.0},{"not_picked":["Rage","Clothesline","Wild Strike"],"picked":"SKIP","floor":13},{"not_picked":["Wild Strike","Shrug It Off"],"picked":"Offering","floor":14}],"player_experience":2916123,"relics_obtained":[{"floor":7.0,"key":"Blood Vial"},{"floor":9.0,"key":"Kunai"},{"floor":11.0,"key":"Oddly Smooth Stone"}],"event_choices":[{"damage_healed":0.0,"max_hp_gain":0.0,"max_hp_loss":0.0,"gold_gain":58.0,"event_name":"Golden Wing","player_choice":"Gained Gold","floor":3.0,"gold_loss":0.0,"damage_taken":0.0},{"damage_healed":0.0,"max_hp_gain":0.0,"max_hp_loss":0.0,"gold_gain":0.0,"event_name":"Shining Light","player_choice":"Entered Light","floor":12.0,"gold_loss":0.0,"damage_taken":25.0,"cards_upgraded":["Strike_R","Feed"]}],"is_beta":true,"boss_relics":[],"items_purged_floors":[10],"is_endless":false,"potions_floor_spawned":[5,11,14],"killed_by":"Slime Boss","ascension_level":20}