{"gold_per_floor":[369,369,384,404,122,151,151,185,185,185,201,225,225,241,241,318,318,328,328,328,5,23,23,58,74,74,74,86,86,86,102,102,176,176,192,24,43,43,59,90,90,122,176,210,210,229,229,242,242,242,242,242,242,11,43,43],"floor_reached":57,"playtime":10376,"items_purged":["Strike_R","Strike_R","Strike_R"],"score":2990,"play_id":"e600b74f-d108-4925-9f0c-510b157799ff","local_time":"20201125201039","is_ascension_mode":true,"campfire_choices":[{"data":"Fiend Fire","floor":7.0,"key":"SMITH"},{"data":"Uppercut","floor":10.0,"key":"SMITH"},{"data":"Combust","floor":15.0,"key":"SMITH"},{"data":"Shockwave","floor":23.0,"key":"SMITH"},{"data":"Barricade","floor":30.0,"key":"SMITH"},{"data":"Juggernaut","floor":32.0,"key":"SMITH"},{"data":"Offering","floor":41.0,"key":"SMITH"},{"floor":47.0,"key":"RECALL"},{"data":"Juggernaut","floor":49.0,"key":"SMITH"},{"data":"Shrug It Off","floor":53.0,"key":"SMITH"}],"neow_cost":"PERCENT_DAMAGE","seed_source_timestamp":1181438784621300,"circlet_count":0,"master_deck":["AscendersBane","Strike_R","Defend_R","Defend_R","Defend_R","Defend_R","Bash","Armaments+1","Flame Barrier","Combust+1","Uppercut+1","Fiend Fire+1","Shockwave+1","Battle Trance","Offering+1","Shrug It Off+1","Entrench+1","Barricade+1","Juggernaut+1","Juggernaut+1","Shrug It Off","Feel No Pain","Warcry","Entrench+1","Headbutt+1","Burning Pact+1","Body Slam","Good Instincts+1","Shrug It Off+1"],"special_seed":0,"relics":["Burning Blood","PreservedInsect","Pear","Singing Bowl","Eternal Feather","Odd Mushroom","Coffee Dripper","Pen Nib","Bag of Marbles","Meat on the Bone","SlaversCollar","Bottled Lightning","CaptainsWheel","Lantern","Toxic Egg 2","Kunai"],"potions_floor_usage":[56,56],"damage_taken":[{"damage":6.0,"enemies":"2 Louse","floor":1.0,"turns":4.0},{"damage":8.0,"enemies":"Small Slimes","floor":3.0,"turns":4.0},{"damage":2.0,"enemies":"Jaw Worm","floor":4.0,"turns":6.0},{"damage":26.0,"enemies":"Lagavulin","floor":6.0,"turns":8.0},{"damage":0.0,"enemies":"Gremlin Nob","floor":8.0,"turns":2.0},{"damage":4.0,"enemies":"2 Fungi Beasts","floor":11.0,"turns":3.0},{"damage":10.0,"enemies":"The Mushroom Lair","floor":12.0,"turns":3.0},{"damage":10.0,"enemies":"Exordium Thugs","floor":14.0,"turns":5.0},{"damage":37.0,"enemies":"The Guardian","floor":16.0,"turns":12.0},{"damage":21.0,"enemies":"Shell Parasite","floor":18.0,"turns":5.0},{"damage":11.0,"enemies":"2 Thieves","floor":22.0,"turns":4.0},{"damage":22.0,"enemies":"Book of Stabbing","floor":24.0,"turns":5.0},{"damage":17.0,"enemies":"Centurion and Healer","floor":25.0,"turns":5.0},{"damage":6.0,"enemies":"Snake Plant","floor":28.0,"turns":2.0},{"damage":9.0,"enemies":"Chosen and Byrds","floor":31.0,"turns":4.0},{"damage":23.0,"enemies":"Automaton","floor":33.0,"turns":11.0},{"damage":7.0,"enemies":"3 Shapes","floor":35.0,"turns":7.0},{"damage":39.0,"enemies":"3 Darklings","floor":37.0,"turns":6.0},{"damage":22.0,"enemies":"4 Shapes","floor":39.0,"turns":9.0},{"damage":6.0,"enemies":"Giant Head","floor":40.0,"turns":7.0},{"damage":6.0,"enemies":"Nemesis","floor":42.0,"turns":7.0},{"damage":39.0,"enemies":"Reptomancer","floor":44.0,"turns":7.0},{"damage":23.0,"enemies":"Jaw Worm Horde","floor":46.0,"turns":7.0},{"damage":6.0,"enemies":"Writhing Mass","floor":48.0,"turns":6.0},{"damage":6.0,"enemies":"Time Eater","floor":50.0,"turns":15.0},{"damage":47.0,"enemies":"Awakened One","floor":51.0,"turns":17.0},{"damage":47.0,"enemies":"Shield and Spear","floor":55.0,"turns":8.0},{"damage":38,"enemies":"The Heart","floor":56,"turns":10}],"seed_played":"4210112528670612693","potions_obtained":[{"floor":4.0,"key":"Swift Potion"},{"floor":8.0,"key":"Ancient Potion"},{"floor":12.0,"key":"ColorlessPotion"},{"floor":14.0,"key":"Swift Potion"},{"floor":22.0,"key":"Fruit Juice"},{"floor":25.0,"key":"GamblersBrew"},{"floor":37.0,"key":"BloodPotion"},{"floor":40.0,"key":"BloodPotion"},{"floor":42.0,"key":"Weak Potion"}],"is_trial":false,"path_per_floor":["M","?","M","M","$","E","R","E","T","R","M","?","?","M","R","B",null,"M","?","?","$","M","R","E","M","T","$","M","?","R","M","R","B",null,"M","$","M","?","M","E","R","E","T","E","T","M","R","M","R","B","B",null,"R","$","E","B",null],"character_chosen":"IRONCLAD","items_purchased":["PreservedInsect","Uppercut","Shrug It Off","Pen Nib","Feel No Pain","Body Slam","Ancient Potion","Good Instincts+1"],"campfire_rested":0,"item_purchase_floors":[5,5,21,21,36,54,54,54],"current_hp_per_floor":[50,50,48,52,52,42,42,50,50,59,63,59,64,60,69,38,80,67,67,67,67,64,73,59,53,53,53,67,67,79,76,88,71,98,97,97,66,66,62,64,76,98,98,67,67,64,79,79,94,94,65,103,115,115,74,65],"gold":43,"neow_bonus":"TWO_FIFTY_GOLD","is_prod":false,"is_daily":false,"chose_seed":false,"campfire_upgraded":9,"win_rate":0,"timestamp":1606363839,"path_taken":["M","?","M","M","$","E","R","E","T","R","M","?","?","M","R","BOSS","M","?","?","$","M","R","E","M","T","?","M","?","R","?","R","BOSS","M","$","M","?","?","E","R","E","T","E","?","M","R","M","R","BOSS","BOSS","R","$","E","BOSS"],"build_version":"2020-11-17","purchased_purges":3,"victory":true,"max_hp_per_floor":[75,75,75,75,75,85,85,87,87,87,89,89,94,94,94,94,94,96,96,96,96,98,98,100,105,105,105,107,107,107,107,107,107,107,107,107,109,109,109,111,111,111,111,113,113,115,115,115,115,115,115,115,115,115,115,115],"card_choices":[{"not_picked":["Wild Strike","Heavy Blade"],"picked":"Armaments","floor":1.0},{"not_picked":["Whirlwind","Armaments"],"picked":"Flame Barrier","floor":3.0},{"not_picked":["Headbutt","Fire Breathing"],"picked":"Combust","floor":4.0},{"not_picked":["Inflame","Flex"],"picked":"Fiend Fire","floor":6.0},{"not_picked":["Headbutt","Wild Strike","Carnage"],"picked":"Singing Bowl","floor":8.0},{"not_picked":["Perfected Strike","True Grit","Clothesline"],"picked":"Singing Bowl","floor":11.0},{"not_picked":["Shrug It Off","Dark Embrace"],"picked":"Shockwave","floor":12.0},{"not_picked":["Reaper","Heavy Blade"],"picked":"Battle Trance","floor":14.0},{"not_picked":["Fiend Fire","Feed"],"picked":"Offering","floor":16.0},{"not_picked":["Wild Strike","Havoc","Whirlwind"],"picked":"Singing Bowl","floor":18.0},{"not_picked":["Bloodletting","Heavy Blade","Twin Strike"],"picked":"Singing Bowl","floor":22.0},{"not_picked":["Shockwave","Dual Wield","Heavy Blade"],"picked":"Singing Bowl","floor":24.0},{"not_picked":["Anger","Infernal Blade"],"picked":"Entrench+1","floor":25.0},{"not_picked":["Sword Boomerang","Heavy Blade","Pommel Strike"],"picked":"Singing Bowl","floor":28.0},{"not_picked":["Reckless Charge","Carnage"],"picked":"Juggernaut","floor":31.0},{"not_picked":["Reaper","Impervious"],"picked":"Juggernaut","floor":33.0},{"not_picked":["Dual Wield","Perfected Strike"],"picked":"Shrug It Off","floor":35.0},{"not_picked":["Pommel Strike","Clothesline","Anger"],"picked":"Singing Bowl","floor":37.0},{"not_picked":["Second Wind","Fire Breathing"],"picked":"Entrench+1","floor":39.0},{"not_picked":["Ghostly Armor","Heavy Blade","Sword Boomerang"],"picked":"Singing Bowl","floor":40.0},{"not_picked":["Bludgeon","Power Through"],"picked":"Headbutt+1","floor":42.0},{"not_picked":["Entrench+1","Inflame","Warcry"],"picked":"Singing Bowl","floor":44.0},{"not_picked":["Sword Boomerang","Havoc+1","Headbutt"],"picked":"Singing Bowl","floor":46.0},{"not_picked":["Hemokinesis+1","Cleave"],"picked":"Burning Pact+1","floor":48.0},{"not_picked":["Warcry+1","Sword Boomerang+1"],"picked":"Shrug It Off+1","floor":55.0}],"player_experience":2941033,"relics_obtained":[{"floor":6.0,"key":"Pear"},{"floor":8.0,"key":"Singing Bowl"},{"floor":9.0,"key":"Eternal Feather"},{"floor":12.0,"key":"Odd Mushroom"},{"floor":24.0,"key":"Bag of Marbles"},{"floor":26.0,"key":"Meat on the Bone"},{"floor":40.0,"key":"Bottled Lightning"},{"floor":42.0,"key":"CaptainsWheel"},{"floor":44.0,"key":"Lantern"},{"floor":45.0,"key":"Toxic Egg 2"},{"floor":55.0,"key":"Kunai"}],"event_choices":[{"damage_healed":0.0,"max_hp_gain":0.0,"max_hp_loss":0.0,"gold_gain":0.0,"event_name":"Living Wall","player_choice":"Grow","floor":2.0,"gold_loss":0.0,"damage_taken":0.0,"cards_upgraded":["Armaments"]},{"damage_healed":0.0,"max_hp_gain":0.0,"max_hp_loss":0.0,"gold_gain":0.0,"event_name":"Mushrooms","player_choice":"Fought Mushrooms","floor":12.0,"gold_loss":0.0,"damage_taken":0.0},{"damage_healed":0.0,"max_hp_gain":5.0,"max_hp_loss":0.0,"gold_gain":0.0,"event_name":"Big Fish","player_choice":"Donut","floor":13.0,"gold_loss":0.0,"damage_taken":0.0},{"damage_healed":0.0,"max_hp_gain":0.0,"max_hp_loss":0.0,"gold_gain":0.0,"event_name":"The Mausoleum","player_choice":"Ignored","floor":20.0,"gold_loss":0.0,"damage_taken":0.0},{"damage_healed":0.0,"max_hp_gain":0.0,"max_hp_loss":0.0,"gold_gain":0.0,"event_name":"Match and Keep!","player_choice":"1 cards matched","floor":29.0,"gold_loss":0.0,"damage_taken":0.0,"cards_obtained":["Barricade"]},{"damage_healed":0.0,"max_hp_gain":0.0,"max_hp_loss":0.0,"gold_gain":0.0,"cards_transformed":["Strike_R"],"event_name":"Transmorgrifier","player_choice":"Transformed","floor":38.0,"gold_loss":0.0,"damage_taken":0.0,"cards_obtained":["Warcry"]}],"is_beta":true,"boss_relics":[{"not_picked":["Astrolabe","Velvet Choker"],"picked":"Coffee Dripper"},{"not_picked":["Runic Cube","Busted Crown"],"picked":"SlaversCollar"}],"items_purged_floors":[5,21,36],"is_endless":false,"potions_floor_spawned":[4,8,12,14,22,25,37,40,42,55],"ascension_level":20}