{"gold_per_floor":[116,116,131,131,151,151,194,269,344,388,45,45,65,65],"floor_reached":14,"playtime":685,"items_purged":[],"score":196,"play_id":"b5b40a3d-fc63-46a4-b2d8-d061ab6289ea","local_time":"20201125214345","is_ascension_mode":true,"campfire_choices":[{"data":"Hemokinesis","floor":6,"key":"SMITH"},{"data":"Flame Barrier","floor":12,"key":"SMITH"}],"neow_cost":"NONE","seed_source_timestamp":1196826710893100,"circlet_count":0,"master_deck":["AscendersBane","Strike_R","Strike_R","Strike_R","Strike_R","Defend_R","Defend_R","Defend_R","Defend_R","Bash","Perfected Strike","Rampage","Hemokinesis+1","Flame Barrier+1","Armaments"],"relics":["Burning Blood","Golden Idol","Bag of Preparation","Pantograph","MealTicket","Meat on the Bone"],"potions_floor_usage":[10,14,14],"damage_taken":[{"damage":6,"enemies":"Small Slimes","floor":1,"turns":4},{"damage":8,"enemies":"2 Louse","floor":3,"turns":3},{"damage":11,"enemies":"Jaw Worm","floor":5,"turns":6},{"damage":29,"enemies":"Lagavulin","floor":7,"turns":6},{"damage":27,"enemies":"3 Sentries","floor":10,"turns":8},{"damage":23,"enemies":"Exordium Thugs","floor":13,"turns":5},{"damage":42,"enemies":"Lagavulin","floor":14,"turns":7}],"seed_played":"7912570871886855958","potions_obtained":[{"floor":3,"key":"Swift Potion"},{"floor":7,"key":"Explosive Potion"},{"floor":10,"key":"Fire Potion"}],"is_trial":false,"path_per_floor":["M","?","M","?","M","R","E","?","T","E","$","R","M","E"],"character_chosen":"IRONCLAD","items_purchased":["Meat on the Bone","Flame Barrier"],"campfire_rested":0,"item_purchase_floors":[11,11],"current_hp_per_floor":[68,73,71,71,66,66,43,32,32,11,26,26,21,0],"gold":65,"neow_bonus":"REMOVE_CARD","is_prod":false,"is_daily":false,"chose_seed":false,"campfire_upgraded":2,"win_rate":0,"timestamp":1606369425,"path_taken":["M","?","M","?","M","R","E","?","T","E","$","R","?","E"],"build_version":"2020-11-17","purchased_purges":0,"victory":false,"max_hp_per_floor":[75,80,80,72,72,72,72,72,72,72,72,72,72,72],"card_choices":[{"not_picked":["Anger","Ghostly Armor"],"picked":"Perfected Strike","floor":1},{"not_picked":["Shrug It Off","Flex"],"picked":"Rampage","floor":3},{"not_picked":["Burning Pact","Clothesline"],"picked":"Hemokinesis","floor":5},{"not_picked":["Body Slam","Clash","Blood for Blood"],"picked":"SKIP","floor":7},{"not_picked":["Cleave","Reckless Charge","Heavy Blade"],"picked":"SKIP","floor":10},{"not_picked":["Whirlwind","Iron Wave"],"picked":"Armaments","floor":13}],"player_experience":2951409,"relics_obtained":[{"floor":7,"key":"Bag of Preparation"},{"floor":9,"key":"Pantograph"},{"floor":10,"key":"MealTicket"}],"event_choices":[{"damage_healed":0,"gold_gain":0,"player_choice":"Donut","damage_taken":0,"max_hp_gain":5,"max_hp_loss":0,"event_name":"Big Fish","floor":2,"gold_loss":0},{"damage_healed":0,"gold_gain":0,"player_choice":"Lose Max HP","damage_taken":0,"relics_obtained":["Golden Idol"],"max_hp_gain":0,"max_hp_loss":8,"event_name":"Golden Idol","floor":4,"gold_loss":0},{"damage_healed":0,"gold_gain":75,"player_choice":"Gather Gold","damage_taken":11,"max_hp_gain":0,"max_hp_loss":0,"event_name":"World of Goop","floor":8,"gold_loss":0}],"is_beta":true,"boss_relics":[],"items_purged_floors":[],"is_endless":false,"potions_floor_spawned":[3,7,10],"killed_by":"Lagavulin","ascension_level":20}