{"gold_per_floor":[113,113,133,150,150,178,178,196,196,196,211,244,21,54,54,130,130,144,12,12,12,23,23,56,56,80,111,130,165,180,180,180,255,255,275,275,236,254,274,274],"floor_reached":40,"playtime":3777,"items_purged":["Strike_R"],"score":928,"play_id":"d5d187ed-628c-45e3-aec3-61e4fe1a6f64","local_time":"20201127115513","is_ascension_mode":true,"campfire_choices":[{"data":"Bash","floor":7,"key":"SMITH"},{"data":"Armaments","floor":10,"key":"SMITH"},{"data":"Evolve","floor":15,"key":"SMITH"},{"floor":23,"key":"REST"},{"data":"Blood for Blood","floor":25,"key":"SMITH"},{"floor":32,"key":"REST"}],"neow_cost":"NONE","seed_source_timestamp":1331221016587600,"circlet_count":0,"master_deck":["AscendersBane","Strike_R","Strike_R","Defend_R","Defend_R","Defend_R","Defend_R","Bash+1","Blood for Blood+1","Headbutt","Pommel Strike","Evolve+1","Armaments+1","Shrug It Off","Corruption+1","Fire Breathing+1","Shrug It Off","Impervious","CurseOfTheBell","Entrench+1","Writhe","Power Through","Whirlwind+1","Combust+1","Immolate","Thunderclap+1","Juggernaut+1","Feel No Pain+1"],"relics":["Burning Blood","Dream Catcher","Ornamental Fan","Frozen Egg 2","Darkstone Periapt","Calling Bell","PreservedInsect","Blue Candle","Incense Burner","Centennial Puzzle","Vajra","Nunchaku","Bag of Preparation","SlaversCollar"],"potions_floor_usage":[6,6,11,14,16,29,33,35,35,39],"damage_taken":[{"damage":12,"enemies":"Cultist","floor":1,"turns":4},{"damage":7,"enemies":"Small Slimes","floor":3,"turns":4},{"damage":5,"enemies":"2 Louse","floor":4,"turns":3},{"damage":6,"enemies":"Gremlin Nob","floor":6,"turns":3},{"damage":9,"enemies":"2 Fungi Beasts","floor":8,"turns":4},{"damage":13,"enemies":"Red Slaver","floor":11,"turns":3},{"damage":33,"enemies":"Lagavulin","floor":12,"turns":9},{"damage":12,"enemies":"3 Sentries","floor":14,"turns":5},{"damage":10,"enemies":"Hexaghost","floor":16,"turns":8},{"damage":30,"enemies":"2 Thieves","floor":18,"turns":4},{"damage":22,"enemies":"Spheric Guardian","floor":22,"turns":6},{"damage":13,"enemies":"Slavers","floor":24,"turns":4},{"damage":3,"enemies":"Gremlin Leader","floor":27,"turns":5},{"damage":11,"enemies":"Snake Plant","floor":28,"turns":4},{"damage":3,"enemies":"Book of Stabbing","floor":29,"turns":2},{"damage":16,"enemies":"Centurion and Healer","floor":30,"turns":5},{"damage":56,"enemies":"Collector","floor":33,"turns":11},{"damage":4,"enemies":"3 Darklings","floor":35,"turns":6},{"damage":15,"enemies":"Orb Walker","floor":38,"turns":4},{"damage":18,"enemies":"Sphere and 2 Shapes","floor":39,"turns":6},{"damage":56,"enemies":"Reptomancer","floor":40,"turns":5}],"seed_played":"-3280021169925994146","potions_obtained":[{"floor":1,"key":"BlessingOfTheForge"},{"floor":3,"key":"FearPotion"},{"floor":6,"key":"LiquidMemories"},{"floor":11,"key":"PowerPotion"},{"floor":16,"key":"DuplicationPotion"},{"floor":27,"key":"LiquidMemories"},{"floor":29,"key":"SneckoOil"},{"floor":30,"key":"Fire Potion"},{"floor":33,"key":"DistilledChaos"},{"floor":35,"key":"Block Potion"}],"is_trial":false,"path_per_floor":["M","?","M","M","?","E","R","M","T","R","M","E","$","E","R","B",null,"M","$","?","?","M","R","E","R","T","E","M","E","M","?","R","B",null,"M","?","$","M","M","E"],"character_chosen":"IRONCLAD","items_purchased":["Fire Breathing+1","Shrug It Off","Regen Potion","Swift Potion","Feel No Pain+1"],"campfire_rested":2,"item_purchase_floors":[13,13,13,19,37],"current_hp_per_floor":[62,67,66,67,63,63,63,60,60,60,53,26,26,34,34,30,74,50,50,56,50,34,61,54,54,54,57,52,55,45,45,72,22,75,77,77,77,68,56,0],"gold":274,"neow_bonus":"TRANSFORM_CARD","is_prod":false,"is_daily":false,"chose_seed":false,"campfire_upgraded":4,"win_rate":0,"timestamp":1606506913,"path_taken":["M","?","M","M","?","E","R","M","T","R","?","E","$","E","R","BOSS","M","$","?","?","M","R","E","R","T","E","M","E","?","?","R","BOSS","M","?","$","M","M","E"],"build_version":"2020-11-17","purchased_purges":1,"victory":false,"max_hp_per_floor":[75,80,80,80,80,80,80,80,80,80,80,80,80,80,80,80,86,86,86,92,92,92,92,92,92,92,92,92,92,92,92,92,92,92,92,92,92,92,92,92],"card_choices":[{"not_picked":["Evolve","Flex","Burning Pact"],"picked":"SKIP","floor":1},{"not_picked":["Power Through","Rage"],"picked":"Headbutt","floor":3},{"not_picked":["Shockwave","Intimidate"],"picked":"Pommel Strike","floor":4},{"not_picked":["Thunderclap","Anger"],"picked":"Evolve","floor":6},{"not_picked":["Dual Wield","Sword Boomerang"],"picked":"Armaments","floor":8},{"not_picked":["Clash","Warcry"],"picked":"Shrug It Off","floor":11},{"not_picked":["True Grit","Cleave"],"picked":"Corruption+1","floor":12},{"not_picked":["Rupture+1","Rage","Thunderclap"],"picked":"SKIP","floor":14},{"not_picked":["Reaper","Bludgeon"],"picked":"Impervious","floor":16},{"not_picked":["True Grit","Headbutt"],"picked":"Entrench+1","floor":18},{"not_picked":["Perfected Strike","Iron Wave","True Grit"],"picked":"SKIP","floor":22},{"not_picked":["Spot Weakness+1","Twin Strike"],"picked":"Power Through","floor":23},{"not_picked":["Thunderclap","Evolve+1"],"picked":"Whirlwind+1","floor":24},{"not_picked":["True Grit","Clothesline"],"picked":"Combust+1","floor":27},{"not_picked":["Infernal Blade","Clothesline"],"picked":"Immolate","floor":28},{"not_picked":["Sever Soul","Flex+1","Seeing Red"],"picked":"SKIP","floor":29},{"not_picked":["Armaments","Evolve+1"],"picked":"Thunderclap+1","floor":30},{"not_picked":["Impervious","Fiend Fire"],"picked":"Juggernaut+1","floor":33},{"not_picked":["Thunderclap+1","Wild Strike","Pommel Strike+1"],"picked":"SKIP","floor":35},{"not_picked":["Inflame+1","Perfected Strike","Entrench"],"picked":"SKIP","floor":38},{"not_picked":["Blood for Blood","Cleave","Flex+1"],"picked":"SKIP","floor":39}],"player_experience":2972232,"relics_obtained":[{"floor":6,"key":"Dream Catcher"},{"floor":9,"key":"Ornamental Fan"},{"floor":12,"key":"Frozen Egg 2"},{"floor":14,"key":"Darkstone Periapt"},{"floor":17,"key":"PreservedInsect"},{"floor":17,"key":"Blue Candle"},{"floor":17,"key":"Incense Burner"},{"floor":26,"key":"Vajra"},{"floor":27,"key":"Nunchaku"},{"floor":29,"key":"Bag of Preparation"}],"event_choices":[{"damage_healed":0,"gold_gain":0,"player_choice":"Donut","damage_taken":0,"max_hp_gain":5,"max_hp_loss":0,"event_name":"Big Fish","floor":2,"gold_loss":0},{"damage_healed":0,"gold_gain":0,"player_choice":"Bought 0 Potions","damage_taken":0,"max_hp_gain":0,"max_hp_loss":0,"event_name":"The Woman in Blue","floor":5,"gold_loss":0},{"damage_healed":0,"gold_gain":0,"player_choice":"Opened","damage_taken":0,"relics_obtained":["Centennial Puzzle"],"max_hp_gain":0,"max_hp_loss":0,"event_name":"The Mausoleum","floor":20,"gold_loss":0,"cards_obtained":["Writhe"]},{"damage_healed":0,"gold_gain":0,"player_choice":"","damage_taken":6,"max_hp_gain":0,"max_hp_loss":0,"event_name":"Knowing Skull","floor":21,"potions_obtained":[],"gold_loss":0,"cards_obtained":[]},{"damage_healed":0,"gold_gain":0,"player_choice":"Ignored","damage_taken":0,"max_hp_gain":0,"max_hp_loss":0,"event_name":"Vampires","floor":31,"gold_loss":0},{"cards_removed":["Strike_R"],"damage_healed":0,"gold_gain":0,"player_choice":"Purged","damage_taken":0,"max_hp_gain":0,"max_hp_loss":0,"event_name":"Purifier","floor":36,"gold_loss":0}],"is_beta":true,"boss_relics":[{"not_picked":["Cursed Key","Black Blood"],"picked":"Calling Bell"},{"not_picked":["SacredBark","Busted Crown"],"picked":"SlaversCollar"}],"items_purged_floors":[19],"is_endless":false,"potions_floor_spawned":[1,3,6,11,16,27,29,30,33,35],"killed_by":"Reptomancer","ascension_level":20}