{"gold_per_floor":[113,213,228,241,241,269,70,155,155,155],"floor_reached":10,"playtime":1508,"items_purged":[],"score":152,"play_id":"7235d447-3135-43db-96da-5e30c98c3cb1","local_time":"20201124130811","is_ascension_mode":true,"campfire_choices":[],"neow_cost":"NONE","seed_source_timestamp":1078669911171100,"circlet_count":0,"master_deck":["AscendersBane","Strike_R","Strike_R","Strike_R+1","Strike_R+1","Strike_R","Defend_R","Defend_R","Defend_R","Defend_R","Bash","Pommel Strike","Feel No Pain","Headbutt","Flame Barrier","HandOfGreed","Intimidate"],"relics":["Burning Blood","NeowsBlessing","Pear","Happy Flower","Sundial"],"potions_floor_usage":[6],"damage_taken":[{"damage":0,"enemies":"Small Slimes","floor":1,"turns":1},{"damage":0,"enemies":"Cultist","floor":3,"turns":1},{"damage":0,"enemies":"Jaw Worm","floor":4,"turns":1},{"damage":31,"enemies":"Gremlin Nob","floor":6,"turns":4},{"damage":19,"enemies":"3 Sentries","floor":8,"turns":12},{"damage":24,"enemies":"Gremlin Nob","floor":10,"turns":3}],"seed_played":"3163260920454991270","potions_obtained":[{"floor":4,"key":"FearPotion"}],"is_trial":false,"path_per_floor":["M","?","M","M","?","E","$","E","T","E"],"character_chosen":"IRONCLAD","items_purchased":["HandOfGreed"],"campfire_rested":0,"item_purchase_floors":[7],"current_hp_per_floor":[74,74,75,75,52,37,37,24,24,0],"gold":155,"neow_bonus":"THREE_ENEMY_KILL","is_prod":false,"is_daily":false,"chose_seed":false,"campfire_upgraded":0,"win_rate":0,"timestamp":1606252091,"path_taken":["M","?","M","?","?","E","$","E","T","E"],"build_version":"2020-11-17","purchased_purges":0,"victory":false,"max_hp_per_floor":[75,75,75,75,75,85,85,85,85,85],"card_choices":[{"not_picked":["Flex","Iron Wave"],"picked":"Pommel Strike","floor":1},{"not_picked":["Dark Embrace","Blood for Blood"],"picked":"Feel No Pain","floor":3},{"not_picked":["Havoc","Rupture"],"picked":"Headbutt","floor":4},{"not_picked":["Berserk","Cleave"],"picked":"Flame Barrier","floor":6},{"not_picked":["Blood for Blood","Rupture"],"picked":"Intimidate","floor":8}],"player_experience":2925965,"relics_obtained":[{"floor":6,"key":"Pear"},{"floor":8,"key":"Happy Flower"},{"floor":9,"key":"Sundial"}],"event_choices":[{"damage_healed":0,"gold_gain":100,"player_choice":"Gold","damage_taken":0,"max_hp_gain":0,"max_hp_loss":0,"event_name":"Wheel of Change","floor":2,"gold_loss":0},{"damage_healed":0,"gold_gain":0,"player_choice":"Entered Light","damage_taken":23,"max_hp_gain":0,"max_hp_loss":0,"event_name":"Shining Light","floor":5,"gold_loss":0,"cards_upgraded":["Strike_R","Strike_R"]}],"is_beta":true,"boss_relics":[],"items_purged_floors":[],"is_endless":false,"potions_floor_spawned":[4],"killed_by":"Gremlin Nob","ascension_level":20}