{"gold_per_floor":[112,112,128,139,139,139,156,156,156,156,181,198,198,233,233,233],"floor_reached":16,"playtime":574,"items_purged":[],"score":270,"play_id":"9dccb854-b311-4c82-88db-7841ccaf1c6e","local_time":"20201127204101","is_ascension_mode":true,"campfire_choices":[{"data":"Bash","floor":6,"key":"SMITH"},{"data":"Fiend Fire","floor":8,"key":"SMITH"},{"data":"Pommel Strike","floor":10,"key":"SMITH"},{"floor":15,"key":"REST"}],"neow_cost":"PERCENT_DAMAGE","seed_source_timestamp":1365975801990400,"circlet_count":0,"master_deck":["AscendersBane","Strike_R","Strike_R","Strike_R+1","Strike_R+1","Strike_R","Defend_R","Defend_R","Defend_R","Defend_R","Bash+1","Pommel Strike+1","Rage","Rampage","Normality","Twin Strike","Fiend Fire+1","Intimidate","Flame Barrier","Uppercut"],"relics":["Burning Blood","Bird Faced Urn","Eternal Feather","Self Forming Clay","Mummified Hand"],"potions_floor_usage":[7,13,16],"damage_taken":[{"damage":23,"enemies":"Jaw Worm","floor":1,"turns":7},{"damage":1,"enemies":"Cultist","floor":3,"turns":3},{"damage":7,"enemies":"Small Slimes","floor":4,"turns":4},{"damage":19,"enemies":"Gremlin Gang","floor":7,"turns":4},{"damage":20,"enemies":"Lagavulin","floor":11,"turns":4},{"damage":2,"enemies":"Red Slaver","floor":12,"turns":2},{"damage":0,"enemies":"Gremlin Nob","floor":14,"turns":3},{"damage":49,"enemies":"The Guardian","floor":16,"turns":10}],"seed_played":"-8674026694704912729","potions_obtained":[{"floor":3,"key":"GamblersBrew"},{"floor":4,"key":"DistilledChaos"},{"floor":12,"key":"Fruit Juice"}],"is_trial":false,"path_per_floor":["M","?","M","M","?","R","M","R","T","R","E","M","?","E","R","B"],"character_chosen":"IRONCLAD","items_purchased":[],"campfire_rested":1,"item_purchase_floors":[],"current_hp_per_floor":[33,33,38,37,37,37,24,24,24,33,19,23,5,11,47,0],"gold":233,"neow_bonus":"ONE_RARE_RELIC","is_prod":false,"is_daily":false,"chose_seed":false,"campfire_upgraded":3,"win_rate":0,"timestamp":1606538461,"path_taken":["M","?","M","M","?","R","?","R","T","R","E","M","?","E","R","BOSS"],"build_version":"2020-11-17","purchased_purges":0,"victory":false,"max_hp_per_floor":[75,75,75,75,75,75,75,75,75,75,75,75,80,80,80,80],"card_choices":[{"not_picked":["Clash","Sword Boomerang"],"picked":"Pommel Strike","floor":1},{"not_picked":["Thunderclap","Sword Boomerang"],"picked":"Rage","floor":3},{"not_picked":["Pummel","Dropkick"],"picked":"Rampage","floor":4},{"not_picked":["Warcry","Perfected Strike"],"picked":"Fiend Fire","floor":7},{"not_picked":["Pommel Strike","Wild Strike"],"picked":"Intimidate","floor":11},{"not_picked":["Searing Blow","Sentinel"],"picked":"Flame Barrier","floor":12},{"not_picked":["Havoc","Burning Pact"],"picked":"Uppercut","floor":14}],"player_experience":2982098,"relics_obtained":[{"floor":9,"key":"Eternal Feather"},{"floor":11,"key":"Self Forming Clay"},{"floor":14,"key":"Mummified Hand"}],"event_choices":[{"damage_healed":0,"gold_gain":0,"player_choice":"Ignored","damage_taken":0,"max_hp_gain":0,"max_hp_loss":0,"event_name":"Liars Game","floor":2,"gold_loss":0},{"damage_healed":0,"gold_gain":0,"player_choice":"2 cards matched","damage_taken":0,"max_hp_gain":0,"max_hp_loss":0,"event_name":"Match and Keep!","floor":5,"gold_loss":0,"cards_obtained":["Normality","Twin Strike"]},{"damage_healed":0,"gold_gain":0,"player_choice":"Entered Light","damage_taken":23,"max_hp_gain":0,"max_hp_loss":0,"event_name":"Shining Light","floor":13,"gold_loss":0,"cards_upgraded":["Strike_R","Strike_R"]}],"is_beta":true,"boss_relics":[],"items_purged_floors":[],"is_endless":false,"potions_floor_spawned":[3,4,12],"killed_by":"The Guardian","ascension_level":20}