{"gold_per_floor":[118,136,24,24,44,76,76,109,188,59,69,97,147,163,163,240,240,256,256,171,171,57,57,88,88,167,192,192],"floor_reached":28,"playtime":2249,"items_purged":["Strike_R"],"score":594,"play_id":"2412af93-52df-405e-be2a-1fd803d63e85","local_time":"20201122112920","is_ascension_mode":true,"campfire_choices":[{"data":"Hemokinesis","floor":7,"key":"SMITH"},{"data":"Armaments","floor":15,"key":"SMITH"},{"data":"1","floor":25,"key":"LIFT"}],"neow_cost":"NONE","seed_source_timestamp":899195298047900,"circlet_count":0,"master_deck":["AscendersBane","Strike_R","Strike_R","Strike_R","Strike_R","Defend_R","Defend_R","Defend_R","Defend_R","Bash+1","Anger","Cleave","Hemokinesis+1","Fire Breathing","Intimidate","Ghostly Armor","Armaments+1","Immolate","CurseOfTheBell","Rage+1","Battle Trance","Metallicize","Havoc+1"],"relics":["Burning Blood","Mango","Red Skull","Ornamental Fan","HornCleat","Calipers","Calling Bell","Art of War","White Beast Statue","Girya","Darkstone Periapt","Nilry\u0027s Codex","Matryoshka","Juzu Bracelet","Thread and Needle"],"potions_floor_usage":[12,16,24,24,27],"damage_taken":[{"damage":2,"enemies":"2 Louse","floor":1,"turns":3},{"damage":1,"enemies":"Cultist","floor":2,"turns":3},{"damage":5,"enemies":"Small Slimes","floor":5,"turns":3},{"damage":39,"enemies":"3 Sentries","floor":6,"turns":8},{"damage":10,"enemies":"Gremlin Nob","floor":8,"turns":3},{"damage":22,"enemies":"Gremlin Gang","floor":11,"turns":4},{"damage":2,"enemies":"3 Sentries","floor":12,"turns":5},{"damage":0,"enemies":"Looter","floor":14,"turns":4},{"damage":12,"enemies":"Slime Boss","floor":16,"turns":7},{"damage":19,"enemies":"Shell Parasite","floor":18,"turns":6},{"damage":36,"enemies":"Book of Stabbing","floor":24,"turns":6},{"damage":24,"enemies":"Slavers","floor":27,"turns":5},{"damage":20,"enemies":"Colosseum Slavers","floor":28,"turns":1}],"seed_played":"317345074345442001","potions_obtained":[{"floor":8,"key":"Regen Potion"},{"floor":12,"key":"DuplicationPotion"},{"floor":14,"key":"DistilledChaos"},{"floor":16,"key":"PowerPotion"},{"floor":24,"key":"BlessingOfTheForge"},{"floor":27,"key":"Ancient Potion"}],"is_trial":false,"path_per_floor":["M","M","$","?","M","E","R","E","T","$","M","E","?","M","R","B",null,"M","?","?","?","$","?","E","R","T","E","?"],"character_chosen":"IRONCLAD","items_purchased":["Hemokinesis","Shrug It Off","Fire Potion","Battle Trance","Metallicize"],"campfire_rested":0,"item_purchase_floors":[3,3,10,22,22],"current_hp_per_floor":[72,75,75,89,89,56,56,52,52,52,36,54,54,60,60,54,80,67,67,67,46,46,64,34,34,34,16,0],"gold":192,"neow_bonus":"UPGRADE_CARD","is_prod":false,"is_daily":false,"chose_seed":false,"campfire_upgraded":2,"win_rate":0,"timestamp":1606073360,"path_taken":["M","M","$","?","M","E","R","E","T","?","?","E","?","?","R","BOSS","M","?","?","?","$","?","E","R","T","E","?"],"build_version":"2020-11-17","purchased_purges":1,"victory":false,"max_hp_per_floor":[75,75,75,89,89,89,89,89,89,89,89,89,89,89,89,89,89,89,89,89,89,89,89,89,89,89,89,89],"card_choices":[{"not_picked":["True Grit","Blood for Blood"],"picked":"Anger","floor":1},{"not_picked":["Rupture","Iron Wave"],"picked":"Cleave","floor":2},{"not_picked":["Seeing Red","Rage","Perfected Strike"],"picked":"SKIP","floor":5},{"not_picked":["Flex","Body Slam"],"picked":"Fire Breathing","floor":6},{"not_picked":["Infernal Blade","Bloodletting"],"picked":"Intimidate","floor":8},{"not_picked":["Intimidate","Wild Strike"],"picked":"Ghostly Armor","floor":11},{"not_picked":["Cleave","Rupture"],"picked":"Armaments","floor":12},{"not_picked":["Perfected Strike","Blood for Blood","Sever Soul"],"picked":"SKIP","floor":14},{"not_picked":["Brutality","Barricade"],"picked":"Immolate","floor":16},{"not_picked":["Searing Blow","Body Slam"],"picked":"Rage+1","floor":18},{"not_picked":["Clothesline","Headbutt","Pommel Strike"],"picked":"SKIP","floor":24},{"not_picked":["Burning Pact","Clash"],"picked":"Havoc+1","floor":27}],"player_experience":2897908,"relics_obtained":[{"floor":6,"key":"Red Skull"},{"floor":8,"key":"Ornamental Fan"},{"floor":9,"key":"HornCleat"},{"floor":12,"key":"Calipers"},{"floor":17,"key":"Art of War"},{"floor":17,"key":"White Beast Statue"},{"floor":17,"key":"Girya"},{"floor":21,"key":"Nilry\u0027s Codex"},{"floor":24,"key":"Matryoshka"},{"floor":26,"key":"Juzu Bracelet"},{"floor":27,"key":"Thread and Needle"}],"event_choices":[{"cards_removed":["Shrug It Off"],"damage_healed":0,"gold_gain":0,"player_choice":"Gave Card","damage_taken":0,"relics_obtained":["Mango"],"max_hp_gain":0,"max_hp_loss":0,"event_name":"WeMeetAgain","floor":4,"gold_loss":0},{"damage_healed":0,"gold_gain":50,"player_choice":"Pray","damage_taken":0,"max_hp_gain":0,"max_hp_loss":0,"event_name":"Golden Shrine","floor":13,"gold_loss":0},{"damage_healed":0,"gold_gain":0,"player_choice":"Ignored","damage_taken":0,"max_hp_gain":0,"max_hp_loss":0,"event_name":"Beggar","floor":19,"gold_loss":0},{"damage_healed":0,"gold_gain":0,"player_choice":"Obtained Relic","damage_taken":0,"relics_obtained":["Darkstone Periapt"],"max_hp_gain":0,"max_hp_loss":0,"event_name":"Addict","floor":20,"gold_loss":85},{"damage_healed":0,"gold_gain":0,"player_choice":"Obtained Book","damage_taken":21,"max_hp_gain":0,"max_hp_loss":0,"event_name":"Cursed Tome","floor":21,"gold_loss":0},{"damage_healed":18,"gold_gain":0,"player_choice":"Heal","damage_taken":0,"max_hp_gain":0,"max_hp_loss":0,"event_name":"The Library","floor":23,"gold_loss":0},{"damage_healed":0,"gold_gain":0,"player_choice":"Fight","damage_taken":0,"max_hp_gain":0,"max_hp_loss":0,"event_name":"Colosseum","floor":28,"gold_loss":0}],"is_beta":true,"boss_relics":[{"not_picked":["Runic Dome","SacredBark"],"picked":"Calling Bell"}],"items_purged_floors":[10],"is_endless":false,"potions_floor_spawned":[8,11,12,14,16,18,24,27],"killed_by":"Colosseum Slavers","ascension_level":20}