{"gold_per_floor":[109,384,70,81,27,53,53,82,82,82,101,119,131,146,146,220,220,238,248,275,285,185,217,142,142,169,169,204,220,113,124,124,124],"floor_reached":33,"playtime":2164,"items_purged":["Regret","Defend_R"],"score":594,"play_id":"0b7be9ed-e3ce-4482-91d0-c05e9cc0e1f7","local_time":"20201122153455","is_ascension_mode":true,"campfire_choices":[{"data":"Combust","floor":10,"key":"SMITH"},{"data":"Combust","floor":15,"key":"SMITH"},{"data":"Sword Boomerang","floor":25,"key":"SMITH"},{"floor":27,"key":"REST"},{"floor":32,"key":"REST"}],"neow_cost":"NONE","seed_source_timestamp":914016559346600,"circlet_count":0,"master_deck":["AscendersBane","Strike_R","Strike_R","Strike_R","Strike_R","Defend_R","Defend_R","Bash+1","Combust+1","Battle Trance","Clothesline","Evolve","Combust+1","Offering","Berserk","Armaments","Sword Boomerang+1","Feed","Shrug It Off","Shrug It Off"],"relics":["Burning Blood","Orichalcum","TungstenRod","White Beast Statue","Velvet Choker","Red Mask","Vajra","Happy Flower","Girya"],"potions_floor_usage":[6,8,13,19,20,21,23,23,28,29,33],"damage_taken":[{"damage":5,"enemies":"2 Louse","floor":1,"turns":4},{"damage":0,"enemies":"Cultist","floor":4,"turns":3},{"damage":13,"enemies":"3 Sentries","floor":6,"turns":6},{"damage":34,"enemies":"Lagavulin","floor":8,"turns":7},{"damage":0,"enemies":"Small Slimes","floor":11,"turns":2},{"damage":4,"enemies":"Gremlin Gang","floor":12,"turns":3},{"damage":8,"enemies":"Lots of Slimes","floor":13,"turns":3},{"damage":5,"enemies":"Looter","floor":14,"turns":2},{"damage":36,"enemies":"Slime Boss","floor":16,"turns":8},{"damage":9,"enemies":"Chosen","floor":18,"turns":3},{"damage":9,"enemies":"Spheric Guardian","floor":19,"turns":3},{"damage":13,"enemies":"Masked Bandits","floor":20,"turns":3},{"damage":32,"enemies":"Snake Plant","floor":21,"turns":4},{"damage":17,"enemies":"Gremlin Leader","floor":23,"turns":7},{"damage":24,"enemies":"Book of Stabbing","floor":28,"turns":4},{"damage":18,"enemies":"Shelled Parasite and Fungi","floor":29,"turns":3},{"damage":12,"enemies":"Centurion and Healer","floor":31,"turns":5},{"damage":6,"enemies":"Champ","floor":33,"turns":4}],"seed_played":"312464400408064804","potions_obtained":[{"floor":1,"key":"HeartOfIron"},{"floor":11,"key":"Fruit Juice"},{"floor":12,"key":"SpeedPotion"},{"floor":13,"key":"Weak Potion"},{"floor":16,"key":"BlessingOfTheForge"},{"floor":19,"key":"DuplicationPotion"},{"floor":20,"key":"Fruit Juice"},{"floor":21,"key":"Block Potion"},{"floor":23,"key":"PowerPotion"},{"floor":28,"key":"SneckoOil"},{"floor":29,"key":"LiquidMemories"}],"is_trial":false,"path_per_floor":["M","?","$","M","$","E","?","E","T","R","M","M","M","M","R","B",null,"M","M","?","M","$","E","?","R","T","R","E","M","$","M","R","B"],"character_chosen":"IRONCLAD","items_purchased":["Orichalcum","Battle Trance","AttackPotion","Shrug It Off","PowerPotion"],"campfire_rested":2,"item_purchase_floors":[3,3,5,30,30],"current_hp_per_floor":[69,69,69,75,75,68,68,40,40,40,46,48,51,52,52,22,66,63,60,53,32,32,21,21,21,21,46,28,16,16,13,39,33],"gold":124,"neow_bonus":"UPGRADE_CARD","is_prod":false,"is_daily":false,"chose_seed":false,"campfire_upgraded":3,"win_rate":0,"timestamp":1606088095,"path_taken":["M","?","$","M","?","E","?","E","T","R","M","?","?","M","R","BOSS","M","M","?","M","$","E","?","R","T","R","E","M","?","?","R","BOSS"],"build_version":"2020-11-17","purchased_purges":2,"victory":false,"max_hp_per_floor":[75,75,75,75,75,75,75,75,75,75,75,75,80,80,80,80,80,80,80,80,85,85,85,85,85,85,85,85,85,85,88,88,88],"card_choices":[{"not_picked":["Reckless Charge","Havoc"],"picked":"Combust","floor":1},{"not_picked":["Whirlwind","Warcry","Havoc"],"picked":"SKIP","floor":4},{"not_picked":["Cleave","Disarm"],"picked":"Clothesline","floor":6},{"not_picked":["Dropkick","Anger"],"picked":"Evolve","floor":8},{"not_picked":["Iron Wave","Second Wind"],"picked":"Combust","floor":11},{"not_picked":["Sentinel","Wild Strike","Clothesline"],"picked":"SKIP","floor":12},{"not_picked":["Heavy Blade","Warcry"],"picked":"Offering","floor":13},{"not_picked":["Thunderclap","Twin Strike","Headbutt"],"picked":"SKIP","floor":14},{"not_picked":["Exhume","Double Tap"],"picked":"Berserk","floor":16},{"not_picked":["Intimidate","Bloodletting","Thunderclap"],"picked":"SKIP","floor":18},{"not_picked":["Iron Wave","Pommel Strike"],"picked":"Armaments","floor":19},{"not_picked":["Rampage","Iron Wave","Infernal Blade+1"],"picked":"SKIP","floor":21},{"not_picked":["Sentinel","Uppercut"],"picked":"Sword Boomerang","floor":23},{"not_picked":["Twin Strike","Rage"],"picked":"Feed","floor":28},{"not_picked":["Whirlwind","Heavy Blade","Body Slam"],"picked":"SKIP","floor":29},{"not_picked":["Clash","Pommel Strike"],"picked":"Shrug It Off","floor":31}],"player_experience":2911554,"relics_obtained":[{"floor":6,"key":"TungstenRod"},{"floor":8,"key":"White Beast Statue"},{"floor":20,"key":"Red Mask"},{"floor":23,"key":"Vajra"},{"floor":26,"key":"Happy Flower"},{"floor":28,"key":"Girya"}],"event_choices":[{"damage_healed":0,"gold_gain":275,"player_choice":"Desecrate","damage_taken":0,"max_hp_gain":0,"max_hp_loss":0,"event_name":"Golden Shrine","floor":2,"gold_loss":0,"cards_obtained":["Regret"]},{"cards_removed":["Strike_R"],"damage_healed":0,"gold_gain":0,"player_choice":"Offered Basic","damage_taken":0,"max_hp_gain":0,"max_hp_loss":0,"event_name":"Bonfire Elementals","floor":7,"gold_loss":0},{"damage_healed":0,"gold_gain":0,"player_choice":"Fought Bandits","damage_taken":0,"max_hp_gain":0,"max_hp_loss":0,"event_name":"Masked Bandits","floor":20,"gold_loss":0},{"cards_removed":["Defend_R"],"damage_healed":0,"gold_gain":0,"player_choice":"Gave Gold","damage_taken":0,"max_hp_gain":0,"max_hp_loss":0,"event_name":"Beggar","floor":24,"gold_loss":75}],"is_beta":true,"boss_relics":[{"not_picked":["Black Blood","Empty Cage"],"picked":"Velvet Choker"}],"items_purged_floors":[3,22],"is_endless":false,"potions_floor_spawned":[1,11,12,13,14,16,18,19,20,21,23,28,29,31],"killed_by":"Champ","ascension_level":20}