{"gold_per_floor":[109,120,131,143,218,218,218,218,241,42,73,96,96,121,121,219,219,235,235,235,435,218,218,261,284,284,308,342,366,48,82,82,180,180,245,290,290,303,166,166,205,205,229,290,290],"floor_reached":45,"playtime":3366,"items_purged":["Strike_R+1","Strike_R+1","Parasite"],"score":1101,"play_id":"d97d3257-edcc-40ad-b6c8-cf8c28e79a72","local_time":"20201127000045","is_ascension_mode":true,"campfire_choices":[{"data":"Carnage","floor":6,"key":"SMITH"},{"data":"Bash","floor":8,"key":"SMITH"},{"data":"Armaments","floor":13,"key":"SMITH"},{"data":"Uppercut","floor":15,"key":"SMITH"},{"floor":23,"key":"REST"},{"data":"Berserk","floor":32,"key":"SMITH"},{"floor":40,"key":"RECALL"},{"floor":42,"key":"REST"}],"neow_cost":"NONE","seed_source_timestamp":1288765481549200,"circlet_count":0,"master_deck":["AscendersBane","Strike_R+1","Strike_R+1","Strike_R+1","Defend_R+1","Defend_R+1","Defend_R+1","Defend_R+1","Bash+1","Flame Barrier+1","Cleave","Carnage+1","Uppercut+1","Barricade","Armaments+1","Shrug It Off","Berserk+1","Pommel Strike+1","Body Slam","Flame Barrier+1","HandOfGreed","Flame Barrier","Reaper","Metallicize+1","Shrug It Off","Reaper"],"relics":["Burning Blood","Smiling Mask","Golden Idol","Ancient Tea Set","Membership Card","War Paint","Snecko Eye","Nilry\u0027s Codex","Potion Belt","Bottled Lightning","Red Skull","Bronze Scales","Ginger","Mark of Pain","Orrery","Ornamental Fan","Happy Flower"],"potions_floor_usage":[11,16,25,28,28,28,31,31,33,36,41,41,44,45],"damage_taken":[{"damage":6,"enemies":"Cultist","floor":1,"turns":3},{"damage":8,"enemies":"Small Slimes","floor":2,"turns":5},{"damage":3,"enemies":"2 Louse","floor":3,"turns":4},{"damage":11,"enemies":"Looter","floor":4,"turns":2},{"damage":18,"enemies":"Lagavulin","floor":11,"turns":5},{"damage":0,"enemies":"2 Fungi Beasts","floor":12,"turns":3},{"damage":7,"enemies":"Gremlin Gang","floor":14,"turns":5},{"damage":22,"enemies":"Hexaghost","floor":16,"turns":9},{"damage":16,"enemies":"Spheric Guardian","floor":18,"turns":3},{"damage":27,"enemies":"Book of Stabbing","floor":24,"turns":5},{"damage":0,"enemies":"Chosen","floor":25,"turns":3},{"damage":0,"enemies":"Snecko","floor":27,"turns":2},{"damage":1,"enemies":"Gremlin Leader","floor":28,"turns":8},{"damage":0,"enemies":"Centurion and Healer","floor":29,"turns":4},{"damage":10,"enemies":"Shelled Parasite and Fungi","floor":31,"turns":6},{"damage":14,"enemies":"Collector","floor":33,"turns":9},{"damage":8,"enemies":"3 Shapes","floor":35,"turns":10},{"damage":29,"enemies":"3 Darklings","floor":36,"turns":7},{"damage":2,"enemies":"Writhing Mass","floor":38,"turns":5},{"damage":66,"enemies":"Nemesis","floor":41,"turns":11},{"damage":0,"enemies":"Giant Head","floor":44,"turns":8},{"damage":78,"enemies":"Transient","floor":45,"turns":6}],"seed_played":"6423019069747978147","potions_obtained":[{"floor":1,"key":"SkillPotion"},{"floor":2,"key":"FearPotion"},{"floor":4,"key":"DuplicationPotion"},{"floor":14,"key":"Strength Potion"},{"floor":16,"key":"GamblersBrew"},{"floor":18,"key":"Regen Potion"},{"floor":25,"key":"Fire Potion"},{"floor":28,"key":"SkillPotion"},{"floor":29,"key":"EssenceOfSteel"},{"floor":35,"key":"SneckoOil"},{"floor":37,"key":"LiquidMemories"},{"floor":37,"key":"DuplicationPotion"},{"floor":41,"key":"Swift Potion"},{"floor":44,"key":"Block Potion"}],"is_trial":false,"path_per_floor":["M","M","M","M","?","R","?","R","T","$","E","M","R","M","R","B",null,"M","?","?","?","$","R","E","M","T","M","E","M","$","M","R","B",null,"M","M","?","M","$","R","E","R","T","E","M"],"character_chosen":"IRONCLAD","items_purchased":["Membership Card","Uppercut","Potion Belt","Fruit Juice","FearPotion","HandOfGreed","Ginger","Orrery"],"campfire_rested":2,"item_purchase_floors":[10,10,22,22,22,30,30,39],"current_hp_per_floor":[68,66,69,64,53,53,53,53,53,53,41,47,47,46,46,30,59,49,28,28,28,28,48,27,33,33,39,49,55,55,66,66,58,69,73,60,60,64,64,64,10,31,31,70,0],"gold":290,"neow_bonus":"RANDOM_COMMON_RELIC","is_prod":false,"is_daily":false,"chose_seed":false,"campfire_upgraded":5,"win_rate":0,"timestamp":1606464045,"path_taken":["M","M","M","?","?","R","?","R","T","$","E","M","R","M","R","BOSS","M","?","?","?","$","R","E","M","T","M","E","?","?","M","R","BOSS","M","M","?","M","$","R","E","R","T","E","?"],"build_version":"2020-11-17","purchased_purges":3,"victory":false,"max_hp_per_floor":[75,75,75,75,75,75,68,68,68,68,68,68,68,68,68,68,68,68,68,68,68,68,68,68,68,68,68,73,73,73,73,73,73,73,73,73,73,73,70,70,70,70,70,70,70],"card_choices":[{"not_picked":["Anger","Sever Soul"],"picked":"Flame Barrier","floor":1},{"not_picked":["Whirlwind","Entrench"],"picked":"Cleave","floor":2},{"not_picked":["Clothesline","Dual Wield","Iron Wave"],"picked":"SKIP","floor":3},{"not_picked":["Cleave","Thunderclap"],"picked":"Carnage","floor":4},{"not_picked":["Evolve","Armaments"],"picked":"Barricade","floor":11},{"not_picked":["Shockwave","Headbutt"],"picked":"Armaments","floor":12},{"not_picked":["Thunderclap","Heavy Blade"],"picked":"Shrug It Off","floor":14},{"not_picked":["Double Tap","Limit Break"],"picked":"Berserk","floor":16},{"not_picked":["Warcry","Perfected Strike"],"picked":"Pommel Strike+1","floor":18},{"not_picked":["Havoc","Anger+1"],"picked":"Body Slam","floor":24},{"not_picked":["Combust","Sentinel","Sword Boomerang"],"picked":"SKIP","floor":25},{"not_picked":["Combust","Sentinel","Sword Boomerang"],"picked":"SKIP","floor":25},{"not_picked":["Rampage","Thunderclap"],"picked":"Flame Barrier+1","floor":27},{"not_picked":["Flex","Havoc","Body Slam"],"picked":"SKIP","floor":28},{"not_picked":["Seeing Red+1","Twin Strike","Perfected Strike"],"picked":"SKIP","floor":29},{"not_picked":["Dark Embrace+1","Anger"],"picked":"Flame Barrier","floor":31},{"not_picked":["Bludgeon","Feed"],"picked":"Reaper","floor":33},{"not_picked":["Havoc","Cleave","Bloodletting+1"],"picked":"SKIP","floor":35},{"not_picked":["Flex","Headbutt","Battle Trance"],"picked":"SKIP","floor":36},{"not_picked":["Armaments","Twin Strike","Iron Wave"],"picked":"SKIP","floor":38},{"not_picked":["Body Slam","Double Tap"],"picked":"Metallicize+1","floor":39},{"not_picked":["Anger","Disarm"],"picked":"Shrug It Off","floor":39},{"not_picked":["Flex","Battle Trance+1"],"picked":"Reaper","floor":39},{"not_picked":["Feel No Pain","Thunderclap","Twin Strike+1"],"picked":"SKIP","floor":41},{"not_picked":["Iron Wave+1","Cleave","Anger"],"picked":"SKIP","floor":44}],"player_experience":2968866,"relics_obtained":[{"floor":9,"key":"Ancient Tea Set"},{"floor":11,"key":"War Paint"},{"floor":19,"key":"Nilry\u0027s Codex"},{"floor":24,"key":"Bottled Lightning"},{"floor":26,"key":"Red Skull"},{"floor":28,"key":"Bronze Scales"},{"floor":41,"key":"Ornamental Fan"},{"floor":44,"key":"Happy Flower"}],"event_choices":[{"damage_healed":0,"gold_gain":75,"player_choice":"Gather Gold","damage_taken":11,"max_hp_gain":0,"max_hp_loss":0,"event_name":"World of Goop","floor":5,"gold_loss":0},{"damage_healed":0,"gold_gain":0,"player_choice":"Lose Max HP","damage_taken":0,"relics_obtained":["Golden Idol"],"max_hp_gain":0,"max_hp_loss":7,"event_name":"Golden Idol","floor":7,"gold_loss":0},{"damage_healed":0,"gold_gain":0,"player_choice":"Obtained Book","damage_taken":21,"max_hp_gain":0,"max_hp_loss":0,"event_name":"Cursed Tome","floor":19,"gold_loss":0},{"damage_healed":0,"gold_gain":0,"player_choice":"Simplicity","damage_taken":0,"max_hp_gain":0,"max_hp_loss":0,"event_name":"Back to Basics","floor":20,"gold_loss":0,"cards_upgraded":["Strike_R","Strike_R","Strike_R","Strike_R","Strike_R","Defend_R","Defend_R","Defend_R"]},{"damage_healed":0,"gold_gain":250,"player_choice":"Bet on Owner","damage_taken":0,"max_hp_gain":0,"max_hp_loss":0,"event_name":"The Joust","floor":21,"gold_loss":50},{"damage_healed":0,"gold_gain":0,"player_choice":"Got Potions","damage_taken":0,"max_hp_gain":0,"max_hp_loss":0,"event_name":"Lab","floor":37,"gold_loss":0}],"is_beta":true,"boss_relics":[{"not_picked":["SacredBark","Coffee Dripper"],"picked":"Snecko Eye"},{"not_picked":["Pandora\u0027s Box","Tiny House"],"picked":"Mark of Pain"}],"items_purged_floors":[22,30,39],"is_endless":false,"potions_floor_spawned":[1,2,4,14,16,18,25,28,29,35,41,44],"killed_by":"Transient","ascension_level":20}