{"gold_per_floor":[116,136,136,211,211,211,240,240,240,240,271,287,300,65,65,136,136,147,147,158,175,10,10,43,43,43,72,72,102,102,82,82,154,154,165,175,46,57,77,109,109,140,167,177,177,206,219,252,252,252,252,252,252,44,77,77],"floor_reached":56,"playtime":4655,"items_purged":["Strike_R"],"score":2337,"play_id":"6ff33277-578a-4947-8595-e70e2c2738a4","local_time":"20201126010912","is_ascension_mode":true,"campfire_choices":[{"data":"Bash","floor":6.0,"key":"SMITH"},{"data":"Inflame","floor":8.0,"key":"SMITH"},{"floor":10.0,"key":"REST"},{"data":"Apotheosis","floor":15.0,"key":"SMITH"},{"data":"Immolate","floor":23.0,"key":"SMITH"},{"floor":25.0,"key":"REST"},{"data":"Exhume","floor":30.0,"key":"SMITH"},{"floor":32.0,"key":"REST"},{"floor":41.0,"key":"RECALL"},{"data":"Shockwave","floor":45.0,"key":"SMITH"},{"data":"Barricade","floor":49.0,"key":"SMITH"},{"data":"Feel No Pain","floor":53.0,"key":"SMITH"}],"neow_cost":"TEN_PERCENT_HP_LOSS","seed_source_timestamp":1204755580944400,"circlet_count":0,"master_deck":["AscendersBane","Strike_R+1","Strike_R","Strike_R+1","Strike_R","Defend_R","Defend_R","Defend_R","Defend_R","Bash+1","Pommel Strike","Feel No Pain+1","Twin Strike","Perfected Strike+1","Inflame+1","Shrug It Off","Armaments","Apotheosis+1","Shrug It Off","Immolate+1","Offering","Shrug It Off","Exhume+1","Ghostly","Ghostly","Ghostly","Power Through+1","Exhume","Disarm","True Grit+1","Exhume","Spot Weakness","Shockwave+1","Barricade+1","Inflame","Battle Trance","PanicButton","Sword Boomerang+1"],"special_seed":0,"relics":["Burning Blood","Prayer Wheel","Incense Burner","MealTicket","Philosopher\u0027s Stone","PreservedInsect","Whetstone","Paper Frog","Red Skull","TungstenRod","Coffee Dripper","Blood Vial","Pen Nib","Toy Ornithopter","White Beast Statue","Mummified Hand","Vajra"],"potions_floor_usage":[56,56],"damage_taken":[{"damage":9.0,"enemies":"Jaw Worm","floor":1.0,"turns":4.0},{"damage":12.0,"enemies":"2 Louse","floor":2.0,"turns":3.0},{"damage":27.0,"enemies":"3 Sentries","floor":7.0,"turns":11.0},{"damage":36.0,"enemies":"Gremlin Nob","floor":11.0,"turns":4.0},{"damage":0.0,"enemies":"Cultist","floor":12.0,"turns":3.0},{"damage":17.0,"enemies":"Gremlin Gang","floor":13.0,"turns":4.0},{"damage":14.0,"enemies":"The Guardian","floor":16.0,"turns":11.0},{"damage":1.0,"enemies":"Spheric Guardian","floor":18.0,"turns":3.0},{"damage":17.0,"enemies":"2 Thieves","floor":20.0,"turns":3.0},{"damage":7.0,"enemies":"3 Cultists","floor":21.0,"turns":4.0},{"damage":23.0,"enemies":"Book of Stabbing","floor":24.0,"turns":6.0},{"damage":0.0,"enemies":"Gremlin Leader","floor":27.0,"turns":8.0},{"damage":18.0,"enemies":"Slavers","floor":29.0,"turns":6.0},{"damage":31.0,"enemies":"Automaton","floor":33.0,"turns":15.0},{"damage":3.0,"enemies":"Orb Walker","floor":35.0,"turns":2.0},{"damage":0.0,"enemies":"3 Darklings","floor":36.0,"turns":7.0},{"damage":0.0,"enemies":"Transient","floor":38.0,"turns":6.0},{"damage":0.0,"enemies":"Spire Growth","floor":39.0,"turns":6.0},{"damage":15.0,"enemies":"Giant Head","floor":40.0,"turns":8.0},{"damage":9.0,"enemies":"Reptomancer","floor":42.0,"turns":7.0},{"damage":0.0,"enemies":"4 Shapes","floor":44.0,"turns":8.0},{"damage":0.0,"enemies":"Giant Head","floor":46.0,"turns":7.0},{"damage":0.0,"enemies":"Jaw Worm Horde","floor":47.0,"turns":7.0},{"damage":0.0,"enemies":"Reptomancer","floor":48.0,"turns":6.0},{"damage":19.0,"enemies":"Time Eater","floor":50.0,"turns":17.0},{"damage":0.0,"enemies":"Donu and Deca","floor":51.0,"turns":18.0},{"damage":2.0,"enemies":"Shield and Spear","floor":55.0,"turns":12.0},{"damage":43,"enemies":"The Heart","floor":56,"turns":11}],"seed_played":"-7713236154306497461","potions_obtained":[{"floor":2.0,"key":"SpeedPotion"},{"floor":11.0,"key":"DuplicationPotion"},{"floor":13.0,"key":"FearPotion"},{"floor":16.0,"key":"SteroidPotion"},{"floor":24.0,"key":"GamblersBrew"},{"floor":31.0,"key":"Fruit Juice"},{"floor":33.0,"key":"Strength Potion"},{"floor":44.0,"key":"Explosive Potion"},{"floor":46.0,"key":"EntropicBrew"},{"floor":48.0,"key":"DuplicationPotion"},{"floor":55.0,"key":"Regen Potion"}],"is_trial":false,"path_per_floor":["M","M","?","?","?","R","E","R","T","R","E","M","M","$","R","B",null,"M","?","M","M","$","R","E","R","T","E","?","E","R","?","R","B",null,"M","M","$","M","M","E","R","E","T","M","R","E","M","E","R","B","B",null,"R","$","E","B"],"character_chosen":"IRONCLAD","items_purchased":["Apotheosis","Shrug It Off","PreservedInsect","PowerPotion","Inflame","Battle Trance","PanicButton"],"campfire_rested":3,"item_purchase_floors":[14,14,22,37,54,54,54],"current_hp_per_floor":[65,59,59,48,48,48,27,27,27,47,17,23,12,27,27,19,56,61,61,50,49,64,64,47,67,67,68,34,22,22,27,38,13,33,36,39,39,39,39,30,30,29,29,37,37,39,39,39,39,26,34,38,38,39,39,0],"gold":77,"neow_bonus":"ONE_RARE_RELIC","is_prod":false,"is_daily":false,"chose_seed":false,"campfire_upgraded":8,"win_rate":0,"timestamp":1606381752,"path_taken":["M","M","?","?","?","R","E","R","T","R","E","M","M","$","R","BOSS","M","?","M","M","$","R","E","R","T","E","?","E","R","?","R","BOSS","M","?","$","M","M","E","R","E","T","?","R","E","M","E","R","BOSS","BOSS","R","$","E","BOSS"],"build_version":"2020-11-17","purchased_purges":1,"victory":false,"max_hp_per_floor":[68,68,68,68,68,68,68,68,68,68,68,68,68,68,68,68,68,68,68,68,68,68,68,68,68,68,68,34,34,34,39,39,39,39,39,39,39,39,39,39,39,39,39,39,39,39,39,39,39,39,39,39,39,39,39,39],"card_choices":[{"not_picked":["Havoc","Disarm"],"picked":"Pommel Strike","floor":1.0},{"not_picked":["Iron Wave","Clothesline"],"picked":"Feel No Pain","floor":1.0},{"not_picked":["Sentinel","Perfected Strike"],"picked":"Twin Strike","floor":2.0},{"not_picked":["Shrug It Off","Burning Pact"],"picked":"Perfected Strike","floor":2.0},{"not_picked":["Twin Strike","Headbutt"],"picked":"Inflame","floor":7.0},{"not_picked":["True Grit","Battle Trance"],"picked":"Shrug It Off","floor":11.0},{"not_picked":["Headbutt","Sentinel"],"picked":"Armaments","floor":12.0},{"not_picked":["Sword Boomerang","Blood for Blood","Armaments"],"picked":"SKIP","floor":12.0},{"not_picked":["Barricade","Clothesline","True Grit"],"picked":"SKIP","floor":13.0},{"not_picked":["Twin Strike","Pommel Strike","Heavy Blade"],"picked":"SKIP","floor":13.0},{"not_picked":["Offering","Limit Break"],"picked":"Immolate","floor":16.0},{"not_picked":["Headbutt","Body Slam","Pommel Strike"],"picked":"SKIP","floor":18.0},{"not_picked":["Pummel","Flex","Twin Strike"],"picked":"SKIP","floor":18.0},{"not_picked":["Warcry","Sword Boomerang"],"picked":"Offering","floor":20.0},{"not_picked":["Whirlwind","Cleave"],"picked":"Shrug It Off","floor":20.0},{"not_picked":["Thunderclap","Perfected Strike","Evolve"],"picked":"SKIP","floor":21.0},{"not_picked":["Carnage","Warcry","Havoc"],"picked":"SKIP","floor":21.0},{"not_picked":["Rampage","Anger+1"],"picked":"Exhume","floor":24.0},{"not_picked":["Cleave","Perfected Strike+1","Armaments"],"picked":"SKIP","floor":27.0},{"not_picked":["Twin Strike","Armaments"],"picked":"Power Through+1","floor":29.0},{"not_picked":["Double Tap","Berserk"],"picked":"Exhume","floor":33.0},{"not_picked":["Perfected Strike","Iron Wave"],"picked":"Disarm","floor":35.0},{"not_picked":["Twin Strike","Metallicize"],"picked":"True Grit+1","floor":35.0},{"not_picked":["Warcry","Heavy Blade","Iron Wave+1"],"picked":"SKIP","floor":36.0},{"not_picked":["Wild Strike+1","Anger","Twin Strike"],"picked":"SKIP","floor":36.0},{"not_picked":["Dropkick","Clothesline+1","Perfected Strike"],"picked":"SKIP","floor":38.0},{"not_picked":["Clash","Wild Strike","Body Slam"],"picked":"SKIP","floor":38.0},{"not_picked":["Body Slam+1","Searing Blow"],"picked":"Exhume","floor":39.0},{"not_picked":["Anger","Pummel","True Grit+1"],"picked":"SKIP","floor":39.0},{"not_picked":["Exhume","Seeing Red+1"],"picked":"Spot Weakness","floor":40.0},{"not_picked":["Perfected Strike","Ghostly Armor+1"],"picked":"Shockwave","floor":42.0},{"not_picked":["Havoc","Anger","Clash+1"],"picked":"SKIP","floor":44.0},{"not_picked":["Rage","Heavy Blade","Uppercut+1"],"picked":"SKIP","floor":44.0},{"not_picked":["Searing Blow","Wild Strike","Fiend Fire"],"picked":"SKIP","floor":46.0},{"not_picked":["Armaments","Body Slam","True Grit"],"picked":"SKIP","floor":47.0},{"not_picked":["Headbutt+1","Clothesline","Ghostly Armor"],"picked":"SKIP","floor":47.0},{"not_picked":["Dual Wield","Rampage+1"],"picked":"Barricade","floor":48.0},{"not_picked":["Battle Trance","Shockwave"],"picked":"Sword Boomerang+1","floor":55.0}],"player_experience":2958884,"relics_obtained":[{"floor":7.0,"key":"Incense Burner"},{"floor":11.0,"key":"MealTicket"},{"floor":24.0,"key":"Whetstone"},{"floor":26.0,"key":"Paper Frog"},{"floor":27.0,"key":"Red Skull"},{"floor":29.0,"key":"TungstenRod"},{"floor":40.0,"key":"Blood Vial"},{"floor":42.0,"key":"Pen Nib"},{"floor":43.0,"key":"Toy Ornithopter"},{"floor":46.0,"key":"White Beast Statue"},{"floor":48.0,"key":"Mummified Hand"},{"floor":55.0,"key":"Vajra"}],"event_choices":[{"damage_healed":0.0,"max_hp_gain":0.0,"max_hp_loss":0.0,"gold_gain":0.0,"event_name":"Living Wall","player_choice":"Grow","floor":3.0,"gold_loss":0.0,"damage_taken":0.0,"cards_upgraded":["Perfected Strike"]},{"damage_healed":0.0,"max_hp_gain":0.0,"max_hp_loss":0.0,"gold_gain":75.0,"event_name":"World of Goop","player_choice":"Gather Gold","floor":4.0,"gold_loss":0.0,"damage_taken":11.0},{"damage_healed":0.0,"max_hp_gain":0.0,"max_hp_loss":0.0,"gold_gain":0.0,"event_name":"Liars Game","player_choice":"Ignored","floor":5.0,"gold_loss":0.0,"damage_taken":0.0},{"damage_healed":0.0,"max_hp_gain":0.0,"max_hp_loss":0.0,"gold_gain":0.0,"event_name":"The Mausoleum","player_choice":"Ignored","floor":19.0,"gold_loss":0.0,"damage_taken":0.0},{"damage_healed":0.0,"max_hp_gain":0.0,"max_hp_loss":34.0,"gold_gain":0.0,"event_name":"Ghosts","player_choice":"Became a Ghost","floor":28.0,"gold_loss":0.0,"damage_taken":0.0,"cards_obtained":["Ghostly","Ghostly","Ghostly"]},{"damage_healed":0.0,"max_hp_gain":0.0,"max_hp_loss":0.0,"gold_gain":0.0,"event_name":"The Woman in Blue","player_choice":"Bought 1 Potion","floor":31.0,"gold_loss":0.0,"damage_taken":0.0}],"is_beta":true,"boss_relics":[{"not_picked":["Astrolabe","SacredBark"],"picked":"Philosopher\u0027s Stone"},{"not_picked":["SlaversCollar","Calling Bell"],"picked":"Coffee Dripper"}],"items_purged_floors":[37],"is_endless":false,"potions_floor_spawned":[2,11,13,16,18,24,27,33,38,40,44,46,47,48,55],"killed_by":"The Heart","ascension_level":20}