{"gold_per_floor":[118,88,103,120,120,145,145,180,255,266,278,301,301,66,66,139,139,157,157,157,176,196,196],"floor_reached":23,"playtime":7973,"items_purged":["Strike_R"],"score":402,"play_id":"777bcabd-ad53-4144-86c1-079c7d4f0108","local_time":"20201122135655","is_ascension_mode":true,"campfire_choices":[{"data":"Pommel Strike","floor":7.0,"key":"SMITH"},{"floor":15.0,"key":"REST"}],"neow_cost":"NONE","seed_source_timestamp":902210717356300,"circlet_count":0,"master_deck":["AscendersBane","Strike_R","Strike_R+1","Strike_R","Strike_R","Defend_R","Defend_R","Defend_R","Defend_R","Bash+1","Pommel Strike+1","Uppercut+1","Thunderclap","Fiend Fire","Battle Trance","Shrug It Off"],"special_seed":0,"relics":["Burning Blood","NeowsBlessing","Unceasing Top","Orichalcum","InkBottle","Regal Pillow","Centennial Puzzle","Black Star"],"potions_floor_usage":[16,21,21,22],"damage_taken":[{"damage":0.0,"enemies":"2 Louse","floor":1.0,"turns":1.0},{"damage":0.0,"enemies":"Cultist","floor":3.0,"turns":1.0},{"damage":0.0,"enemies":"Jaw Worm","floor":4.0,"turns":1.0},{"damage":24.0,"enemies":"Gremlin Nob","floor":6.0,"turns":4.0},{"damage":27.0,"enemies":"3 Sentries","floor":8.0,"turns":7.0},{"damage":5.0,"enemies":"Looter","floor":10.0,"turns":2.0},{"damage":12.0,"enemies":"3 Louse","floor":11.0,"turns":4.0},{"damage":36,"enemies":"Slime Boss","floor":16,"turns":7},{"damage":9,"enemies":"Shell Parasite","floor":18,"turns":2},{"damage":0,"enemies":"Spheric Guardian","floor":21,"turns":1},{"damage":19,"enemies":"Cultist and Chosen","floor":22,"turns":5},{"damage":46,"enemies":"Book of Stabbing","floor":23,"turns":4}],"seed_played":"2130721450270188861","potions_obtained":[{"floor":2.0,"key":"CultistPotion"},{"floor":2.0,"key":"SneckoOil"},{"floor":3.0,"key":"Strength Potion"},{"floor":11.0,"key":"BlessingOfTheForge"},{"floor":16,"key":"BloodPotion"},{"floor":21,"key":"Fire Potion"}],"is_trial":false,"path_per_floor":["M","?","M","M","?","E","R","E","T","M","M","T","?","$","R","B",null,"M","$","?","M","M","E"],"character_chosen":"IRONCLAD","items_purchased":["Centennial Puzzle"],"campfire_rested":1,"item_purchase_floors":[14],"current_hp_per_floor":[74,74,75,75,75,57,57,36,36,37,31,31,8,8,45,15,60,57,57,36,58,45,0],"gold":196,"neow_bonus":"THREE_ENEMY_KILL","is_prod":false,"is_daily":false,"chose_seed":false,"campfire_upgraded":1,"win_rate":0,"timestamp":1606082215,"path_taken":["M","?","M","?","?","E","R","E","T","M","M","?","?","$","R","BOSS","M","$","?","M","M","E"],"build_version":"2020-11-17","purchased_purges":1,"victory":false,"max_hp_per_floor":[75,75,75,75,75,75,75,75,75,75,75,75,75,75,75,75,75,75,75,80,80,80,80],"card_choices":[{"not_picked":["Shrug It Off","Blood for Blood"],"picked":"Pommel Strike","floor":1.0},{"not_picked":["Havoc","Second Wind"],"picked":"Uppercut","floor":3.0},{"not_picked":["Warcry","Bloodletting"],"picked":"Thunderclap","floor":4.0},{"not_picked":["Perfected Strike","Uppercut","Headbutt"],"picked":"SKIP","floor":6.0},{"not_picked":["Thunderclap","Barricade","Second Wind"],"picked":"SKIP","floor":8.0},{"not_picked":["Bloodletting","True Grit","Flex"],"picked":"SKIP","floor":10.0},{"not_picked":["True Grit","Clash","Searing Blow"],"picked":"SKIP","floor":11.0},{"not_picked":["Offering","Demon Form"],"picked":"Fiend Fire","floor":16},{"not_picked":["Rupture","Heavy Blade"],"picked":"Battle Trance","floor":18},{"not_picked":["Anger","Wild Strike"],"picked":"Shrug It Off","floor":21},{"not_picked":["Twin Strike","Battle Trance","Whirlwind+1"],"picked":"SKIP","floor":22}],"player_experience":2900452,"relics_obtained":[{"floor":6.0,"key":"Unceasing Top"},{"floor":8.0,"key":"Orichalcum"},{"floor":9.0,"key":"InkBottle"},{"floor":12.0,"key":"Regal Pillow"}],"event_choices":[{"damage_healed":0.0,"max_hp_gain":0.0,"max_hp_loss":0.0,"gold_gain":0.0,"event_name":"The Woman in Blue","player_choice":"Bought 2 Potions","floor":2.0,"gold_loss":0.0,"damage_taken":0.0},{"damage_healed":0.0,"max_hp_gain":0.0,"max_hp_loss":0.0,"gold_gain":0.0,"event_name":"Living Wall","player_choice":"Grow","floor":5.0,"gold_loss":0.0,"damage_taken":0.0,"cards_upgraded":["Uppercut"]},{"damage_healed":0.0,"max_hp_gain":0.0,"max_hp_loss":0.0,"gold_gain":0.0,"event_name":"Shining Light","player_choice":"Entered Light","floor":13.0,"gold_loss":0.0,"damage_taken":23.0,"cards_upgraded":["Bash","Strike_R"]},{"damage_healed":0,"gold_gain":0,"player_choice":"Shed Blood","damage_taken":26,"max_hp_gain":5,"max_hp_loss":0,"event_name":"Forgotten Altar","floor":20,"gold_loss":0}],"is_beta":true,"boss_relics":[{"not_picked":["Philosopher\u0027s Stone","Astrolabe"],"picked":"Black Star"}],"items_purged_floors":[14],"is_endless":false,"potions_floor_spawned":[3,4,6,11,16,21],"killed_by":"Book of Stabbing","ascension_level":20}