{"gold_per_floor":[112,124,199,213,213,213,244,244,244,257,288,307,307,341,341,418,418,429,40,40,74,89,114,114,141,141,154,154,182,182,201,201,273,273,293,515,565,579,590,623,623,623,693,221,232,248,279,294,294,294,294,294,294,29,62,62],"floor_reached":57,"playtime":5339,"items_purged":["Strike_R","Strike_R","Strike_R"],"score":2805,"play_id":"95e76990-e30f-45d3-be62-00489ff3369f","local_time":"20201121160645","is_ascension_mode":true,"campfire_choices":[{"data":"Carnage","floor":6.0,"key":"SMITH"},{"data":"Uppercut","floor":8.0,"key":"SMITH"},{"data":"Inflame","floor":15.0,"key":"SMITH"},{"data":"Limit Break","floor":28,"key":"SMITH"},{"floor":30,"key":"REST"},{"data":"Shrug It Off","floor":32,"key":"SMITH"},{"floor":42,"key":"RECALL"},{"data":"Flame Barrier","floor":49,"key":"SMITH"},{"floor":53,"key":"REST"}],"neow_cost":"NONE","seed_source_timestamp":0,"circlet_count":0,"master_deck":["AscendersBane","Strike_R","Strike_R","Defend_R","Defend_R","Defend_R","Defend_R","Bash","Pommel Strike","Carnage+1","Shrug It Off+1","Uppercut+1","Inflame+1","Pommel Strike","Disarm","Cleave","Offering","Limit Break+1","Sword Boomerang+1","Ghostly Armor","Inflame+1","Flame Barrier+1","Limit Break","Shrug It Off+1","Shockwave+1","Limit Break+1","Battle Trance+1","Heavy Blade+1","Shrug It Off"],"special_seed":0,"relics":["Burning Blood","Magic Flower","Ice Cream","FossilizedHelix","Prayer Wheel","Strawberry","Velvet Choker","Oddly Smooth Stone","Nunchaku","Enchiridion","Red Mask","Art of War","Bag of Marbles","Ornamental Fan","Omamori","Snecko Eye","Red Skull","WarpedTongs","Potion Belt","DollysMirror","Vajra","Blood Vial"],"potions_floor_usage":[21,23,25,29,50,51,55,56,56,56],"damage_taken":[{"damage":5.0,"enemies":"2 Louse","floor":1.0,"turns":4.0},{"damage":5.0,"enemies":"Small Slimes","floor":2.0,"turns":3.0},{"damage":7.0,"enemies":"Jaw Worm","floor":4.0,"turns":4.0},{"damage":22.0,"enemies":"3 Sentries","floor":7.0,"turns":7.0},{"damage":0.0,"enemies":"Large Slime","floor":10.0,"turns":2.0},{"damage":0.0,"enemies":"Gremlin Nob","floor":11.0,"turns":3.0},{"damage":14.0,"enemies":"Lots of Slimes","floor":12.0,"turns":4.0},{"damage":15.0,"enemies":"3 Sentries","floor":14.0,"turns":8.0},{"damage":19.0,"enemies":"The Guardian","floor":16.0,"turns":9.0},{"damage":0.0,"enemies":"3 Byrds","floor":18.0,"turns":5.0},{"damage":14,"enemies":"Masked Bandits","floor":21,"turns":2},{"damage":0,"enemies":"Chosen","floor":22,"turns":2},{"damage":24,"enemies":"Book of Stabbing","floor":23,"turns":5},{"damage":18,"enemies":"Gremlin Leader","floor":25,"turns":5},{"damage":0,"enemies":"Snecko","floor":27,"turns":3},{"damage":39,"enemies":"Slavers","floor":29,"turns":4},{"damage":0,"enemies":"Centurion and Healer","floor":31,"turns":5},{"damage":16,"enemies":"Automaton","floor":33,"turns":8},{"damage":6,"enemies":"3 Darklings","floor":35,"turns":3},{"damage":4,"enemies":"3 Shapes","floor":38,"turns":4},{"damage":0,"enemies":"Spire Growth","floor":39,"turns":3},{"damage":11,"enemies":"Giant Head","floor":40,"turns":5},{"damage":0,"enemies":"Maw","floor":45,"turns":5},{"damage":7,"enemies":"Transient","floor":46,"turns":6},{"damage":10,"enemies":"Nemesis","floor":47,"turns":5},{"damage":0,"enemies":"Sphere and 2 Shapes","floor":48,"turns":4},{"damage":95,"enemies":"Donu and Deca","floor":50,"turns":7},{"damage":31,"enemies":"Time Eater","floor":51,"turns":5},{"damage":40,"enemies":"Shield and Spear","floor":55,"turns":6},{"damage":60,"enemies":"The Heart","floor":56,"turns":8}],"seed_played":"-7149259442786497809","potions_obtained":[{"floor":1.0,"key":"Fruit Juice"},{"floor":11.0,"key":"AttackPotion"},{"floor":12.0,"key":"SkillPotion"},{"floor":14.0,"key":"DistilledChaos"},{"floor":21,"key":"Weak Potion"},{"floor":23,"key":"DistilledChaos"},{"floor":27,"key":"Regen Potion"},{"floor":35,"key":"BloodPotion"},{"floor":45,"key":"DuplicationPotion"}],"is_trial":false,"path_per_floor":["M","M","?","M","?","R","E","R","T","M","E","M","?","E","R","B",null,"M","$","?","?","M","E","?","E","T","M","R","E","R","M","R","B",null,"M","?","?","M","M","E","?","R","T","$","M","M","E","M","R","B","B",null,"R","$","E","B",null],"character_chosen":"IRONCLAD","items_purchased":["Oddly Smooth Stone","Nunchaku","Potion Belt","PowerPotion","DollysMirror","Regen Potion","Swift Potion"],"campfire_rested":2,"item_purchase_floors":[19,19,44,44,44,54,54],"current_hp_per_floor":[76,77,66,65,54,54,41,41,41,50,59,59,59,60,60,50,83,92,92,71,66,75,60,60,51,51,60,60,49,77,86,86,79,90,93,93,93,94,94,92,92,92,92,92,94,94,93,94,94,35,13,74,94,94,63,39],"gold":62,"neow_bonus":"TEN_PERCENT_HP_BONUS","is_prod":false,"is_daily":false,"chose_seed":false,"campfire_upgraded":6,"win_rate":0,"timestamp":1606003605,"path_taken":["M","M","?","M","?","R","E","R","T","M","E","M","?","E","R","BOSS","M","$","?","?","M","E","?","E","T","M","R","E","R","?","R","BOSS","M","?","?","?","M","E","?","R","T","$","M","M","E","M","R","BOSS","BOSS","R","$","E","BOSS"],"build_version":"2020-11-17","purchased_purges":3,"victory":true,"max_hp_per_floor":[82,82,82,82,82,82,82,82,82,82,82,87,87,94,94,94,94,94,94,94,94,94,94,94,94,94,94,94,94,94,94,94,94,94,94,94,94,94,94,94,94,94,94,94,94,94,94,94,94,94,94,94,94,94,94,94],"card_choices":[{"not_picked":["Burning Pact","Body Slam"],"picked":"Pommel Strike","floor":1.0},{"not_picked":["Second Wind","Perfected Strike"],"picked":"Carnage","floor":2.0},{"not_picked":["Clash","Sword Boomerang"],"picked":"Shrug It Off","floor":4.0},{"not_picked":["Barricade","Inflame"],"picked":"Uppercut","floor":7.0},{"not_picked":["Cleave","Combust"],"picked":"Inflame","floor":10.0},{"not_picked":["Cleave","Second Wind"],"picked":"Pommel Strike","floor":11.0},{"not_picked":["Anger","Evolve"],"picked":"Disarm","floor":12.0},{"not_picked":["Heavy Blade","Blood for Blood"],"picked":"Cleave","floor":12.0},{"not_picked":["Dropkick","Clash"],"picked":"Offering","floor":14.0},{"not_picked":["Corruption","Exhume"],"picked":"Limit Break","floor":16.0},{"not_picked":["Cleave","Iron Wave"],"picked":"Sword Boomerang+1","floor":18.0},{"not_picked":["Pommel Strike+1","Dark Embrace","Havoc"],"picked":"SKIP","floor":18.0},{"not_picked":["Evolve","Sword Boomerang"],"picked":"Ghostly Armor","floor":22},{"not_picked":["Sword Boomerang","Carnage","Metallicize"],"picked":"SKIP","floor":22},{"not_picked":["Warcry","Juggernaut"],"picked":"Inflame","floor":23},{"not_picked":["Warcry","Anger","Iron Wave+1"],"picked":"SKIP","floor":25},{"not_picked":["Iron Wave","Armaments"],"picked":"Flame Barrier","floor":27},{"not_picked":["Warcry","Armaments","Clothesline"],"picked":"SKIP","floor":27},{"not_picked":["Pommel Strike","Heavy Blade","Reckless Charge"],"picked":"SKIP","floor":29},{"not_picked":["Headbutt+1","Perfected Strike","Cleave"],"picked":"SKIP","floor":31},{"not_picked":["Iron Wave","Body Slam+1","Brutality"],"picked":"SKIP","floor":31},{"not_picked":["Brutality","Barricade"],"picked":"Limit Break","floor":33},{"not_picked":["Infernal Blade","Flex","Anger"],"picked":"SKIP","floor":35},{"not_picked":["Perfected Strike","Rupture+1","Cleave"],"picked":"SKIP","floor":35},{"not_picked":["Dark Embrace","Havoc+1"],"picked":"Shrug It Off+1","floor":38},{"not_picked":["Wild Strike","Clothesline","Armaments"],"picked":"SKIP","floor":38},{"not_picked":["Twin Strike","Pummel+1","Rage+1"],"picked":"SKIP","floor":39},{"not_picked":["Reckless Charge+1","Clash","Flame Barrier"],"picked":"SKIP","floor":39},{"not_picked":["Ghostly Armor","Shrug It Off+1"],"picked":"Shockwave+1","floor":40},{"not_picked":["Wild Strike","Power Through+1","Burning Pact"],"picked":"SKIP","floor":45},{"not_picked":["Evolve","Twin Strike","Pummel"],"picked":"SKIP","floor":45},{"not_picked":["Clash","Rampage"],"picked":"Battle Trance+1","floor":46},{"not_picked":["Carnage","Anger","Armaments+1"],"picked":"SKIP","floor":46},{"not_picked":["Twin Strike","Second Wind","Pommel Strike+1"],"picked":"SKIP","floor":47},{"not_picked":["Berserk","Rage"],"picked":"Heavy Blade+1","floor":48},{"not_picked":["Warcry","True Grit","Entrench+1"],"picked":"SKIP","floor":48},{"not_picked":["Sword Boomerang","Rage"],"picked":"Shrug It Off","floor":55}],"player_experience":2889943,"relics_obtained":[{"floor":7.0,"key":"Ice Cream"},{"floor":9.0,"key":"FossilizedHelix"},{"floor":11.0,"key":"Prayer Wheel"},{"floor":14.0,"key":"Strawberry"},{"floor":20.0,"key":"Enchiridion"},{"floor":21,"key":"Red Mask"},{"floor":23,"key":"Art of War"},{"floor":25,"key":"Bag of Marbles"},{"floor":26,"key":"Ornamental Fan"},{"floor":29,"key":"Omamori"},{"floor":40,"key":"Red Skull"},{"floor":47,"key":"Vajra"},{"floor":55,"key":"Blood Vial"}],"event_choices":[{"damage_healed":0.0,"max_hp_gain":0.0,"max_hp_loss":0.0,"gold_gain":75.0,"event_name":"World of Goop","player_choice":"Gather Gold","floor":3.0,"gold_loss":0.0,"damage_taken":11.0},{"damage_healed":0.0,"max_hp_gain":0.0,"max_hp_loss":0.0,"gold_gain":0.0,"event_name":"Scrap Ooze","player_choice":"Success","floor":5.0,"gold_loss":0.0,"damage_taken":11.0,"relics_obtained":["Magic Flower"]},{"damage_healed":0.0,"max_hp_gain":0.0,"max_hp_loss":0.0,"gold_gain":0.0,"event_name":"Liars Game","player_choice":"Ignored","floor":13.0,"gold_loss":0.0,"damage_taken":0.0},{"damage_healed":0.0,"max_hp_gain":0.0,"max_hp_loss":0.0,"gold_gain":0.0,"event_name":"Cursed Tome","player_choice":"Obtained Book","floor":20.0,"gold_loss":0.0,"damage_taken":21.0},{"damage_healed":0,"gold_gain":0,"player_choice":"Fought Bandits","damage_taken":0,"max_hp_gain":0,"max_hp_loss":0,"event_name":"Masked Bandits","floor":21,"gold_loss":0},{"damage_healed":0,"gold_gain":0,"player_choice":"Upgraded","damage_taken":0,"max_hp_gain":0,"max_hp_loss":0,"event_name":"Upgrade Shrine","floor":24,"gold_loss":0,"cards_upgraded":["Inflame"]},{"damage_healed":0,"gold_gain":222,"player_choice":"Wore Mask","damage_taken":0,"max_hp_gain":0,"max_hp_loss":0,"event_name":"Tomb of Lord Red Mask","floor":36,"gold_loss":0},{"damage_healed":0,"gold_gain":50,"player_choice":"Pray","damage_taken":0,"max_hp_gain":0,"max_hp_loss":0,"event_name":"Golden Shrine","floor":37,"gold_loss":0},{"damage_healed":0,"gold_gain":0,"player_choice":"Rummage","damage_taken":0,"relics_obtained":["WarpedTongs"],"max_hp_gain":0,"max_hp_loss":0,"event_name":"Accursed Blacksmith","floor":41,"gold_loss":0,"cards_obtained":["Pain"]}],"is_beta":true,"boss_relics":[{"not_picked":["Tiny House","Busted Crown"],"picked":"Velvet Choker"},{"not_picked":["Astrolabe","Philosopher\u0027s Stone"],"picked":"Snecko Eye"}],"items_purged_floors":[19,44,54],"is_endless":false,"potions_floor_spawned":[1,11,12,14,21,22,23,27,35,40,45,47,48],"ascension_level":20}