{"gold_per_floor":[115,115,115,127,141,173,187,187,187,187,216,33,33,64,64,155,155,168,168,168,186,201,201,222,255,255,273,309,328,359,65,65,163,163,186,186,206,230,563,63,93,93,120,132,159,169,180,197,197,197,197,197,197,31,65,65],"floor_reached":56,"playtime":6790,"items_purged":["Writhe"],"score":2128,"play_id":"dc3e8bb1-df17-4335-b575-34462e97bd22","local_time":"20201125233929","is_ascension_mode":true,"campfire_choices":[{"data":"Carnage","floor":8.0,"key":"SMITH"},{"data":"Shockwave","floor":10.0,"key":"SMITH"},{"data":"Armaments","floor":15.0,"key":"SMITH"},{"data":"Inflame","floor":23.0,"key":"SMITH"},{"data":"Battle Trance","floor":32,"key":"SMITH"},{"floor":42,"key":"RECALL"},{"floor":49,"key":"REST"},{"data":"Flame Barrier","floor":53,"key":"SMITH"}],"neow_cost":"NONE","seed_source_timestamp":1197625130190500,"circlet_count":0,"master_deck":["AscendersBane","Strike_R","Strike_R","Strike_R","Defend_R","Defend_R","Defend_R","Defend_R","Bash+1","Pommel Strike","Impervious","Thunderclap","Shockwave+1","Carnage+1","Cleave","Inflame+1","Shrug It Off","Battle Trance+1","Armaments+1","Offering","Clothesline","Sever Soul","Sentinel","Whirlwind+1","Shrug It Off","Perfected Strike","Heavy Blade","Disarm+1","Shockwave","Reaper","Reaper","Juggernaut","Flame Barrier+1","Barricade","Entrench","Shrug It Off"],"special_seed":0,"relics":["Burning Blood","Letter Opener","Mercury Hourglass","Blue Candle","Eternal Feather","Snecko Eye","CaptainsWheel","StrikeDummy","HornCleat","Omamori","Strawberry","Potion Belt","Runic Cube","Nunchaku","Boot","Sundial","Akabeko"],"potions_floor_usage":[28,33,45,51,51,55,56,56,56],"damage_taken":[{"damage":7.0,"enemies":"Jaw Worm","floor":1.0,"turns":5.0},{"damage":3.0,"enemies":"2 Louse","floor":4.0,"turns":4.0},{"damage":5.0,"enemies":"Small Slimes","floor":5.0,"turns":3.0},{"damage":32.0,"enemies":"Gremlin Nob","floor":6.0,"turns":4.0},{"damage":20.0,"enemies":"Exordium Wildlife","floor":7.0,"turns":5.0},{"damage":15.0,"enemies":"Lagavulin","floor":11.0,"turns":5.0},{"damage":6.0,"enemies":"Gremlin Nob","floor":14.0,"turns":3.0},{"damage":5.0,"enemies":"Slime Boss","floor":16.0,"turns":8.0},{"damage":18.0,"enemies":"Chosen","floor":18.0,"turns":4.0},{"damage":1.0,"enemies":"Spheric Guardian","floor":21.0,"turns":3.0},{"damage":1.0,"enemies":"Snecko","floor":22.0,"turns":3.0},{"damage":11.0,"enemies":"Cultist and Chosen","floor":24.0,"turns":4.0},{"damage":17.0,"enemies":"Gremlin Leader","floor":25.0,"turns":4.0},{"damage":26.0,"enemies":"Shelled Parasite and Fungi","floor":27.0,"turns":3.0},{"damage":1,"enemies":"Slavers","floor":28,"turns":3},{"damage":1,"enemies":"3 Cultists","floor":29,"turns":3},{"damage":7,"enemies":"Gremlin Leader","floor":30,"turns":3},{"damage":31,"enemies":"Collector","floor":33,"turns":8},{"damage":1,"enemies":"Orb Walker","floor":35,"turns":3},{"damage":3,"enemies":"3 Darklings","floor":37,"turns":3},{"damage":7,"enemies":"Sphere and 2 Shapes","floor":38,"turns":3},{"damage":62,"enemies":"Reptomancer","floor":41,"turns":8},{"damage":1,"enemies":"Maw","floor":44,"turns":8},{"damage":7,"enemies":"Nemesis","floor":45,"turns":7},{"damage":6,"enemies":"Transient","floor":46,"turns":6},{"damage":21,"enemies":"Jaw Worm Horde","floor":47,"turns":5},{"damage":45,"enemies":"Spire Growth","floor":48,"turns":5},{"damage":72,"enemies":"Awakened One","floor":50,"turns":15},{"damage":41,"enemies":"Donu and Deca","floor":51,"turns":18},{"damage":50,"enemies":"Shield and Spear","floor":55,"turns":17},{"damage":103,"enemies":"The Heart","floor":56,"turns":8}],"seed_played":"-3208920089189994955","potions_obtained":[{"floor":4.0,"key":"BlessingOfTheForge"},{"floor":11.0,"key":"LiquidMemories"},{"floor":14.0,"key":"Explosive Potion"},{"floor":21.0,"key":"Dexterity Potion"},{"floor":24.0,"key":"EntropicBrew"},{"floor":29,"key":"DistilledChaos"},{"floor":33,"key":"CultistPotion"},{"floor":37,"key":"SpeedPotion"},{"floor":47,"key":"CultistPotion"}],"is_trial":false,"path_per_floor":["M","?","?","M","M","E","M","R","T","R","E","$","?","E","R","B",null,"M","?","?","M","M","R","M","E","T","M","E","M","E","$","R","B",null,"M","?","M","M","?","$","E","R","T","M","E","M","M","M","R","B","B",null,"R","$","E","B"],"character_chosen":"IRONCLAD","items_purchased":["Inflame","Shrug It Off","Battle Trance","Shockwave","Potion Belt","PowerPotion","Juggernaut","Flame Barrier","Nunchaku","BloodPotion","Shrug It Off","Explosive Potion"],"campfire_rested":1,"item_purchase_floors":[12,12,12,31,31,31,40,40,40,54,54,54],"current_hp_per_floor":[74,79,79,82,83,57,43,43,43,43,34,34,34,34,46,47,71,59,59,59,64,69,79,74,63,63,43,48,53,59,59,77,52,78,86,86,86,86,86,86,51,69,69,85,86,86,71,39,85,38,25,71,86,86,52,0],"gold":65,"neow_bonus":"TEN_PERCENT_HP_BONUS","is_prod":false,"is_daily":false,"chose_seed":false,"campfire_upgraded":6,"win_rate":0,"timestamp":1606376369,"path_taken":["M","?","?","M","M","E","M","R","T","R","E","$","?","E","R","BOSS","M","?","?","M","M","R","M","E","T","M","E","M","E","$","R","BOSS","M","?","?","M","?","$","E","R","T","M","E","M","M","M","R","BOSS","BOSS","R","$","E","BOSS"],"build_version":"2020-11-17","purchased_purges":1,"victory":false,"max_hp_per_floor":[82,87,87,87,87,87,87,87,87,87,87,87,79,79,79,79,79,79,79,79,79,79,79,79,79,79,79,79,79,86,86,86,86,86,86,86,86,86,86,86,86,86,86,86,86,86,86,86,86,86,86,86,86,86,86,86],"card_choices":[{"not_picked":["Body Slam","Cleave"],"picked":"Pommel Strike","floor":1.0},{"not_picked":["Pommel Strike","Armaments"],"picked":"Impervious","floor":4.0},{"not_picked":["Feel No Pain","Pommel Strike"],"picked":"Thunderclap","floor":5.0},{"not_picked":["Flex","Brutality"],"picked":"Shockwave","floor":6.0},{"not_picked":["Body Slam","Headbutt"],"picked":"Carnage","floor":7.0},{"not_picked":["Brutality","Dual Wield"],"picked":"Cleave","floor":11.0},{"not_picked":["Pummel","True Grit"],"picked":"Armaments","floor":14.0},{"not_picked":["Bludgeon","Demon Form"],"picked":"Offering","floor":16.0},{"not_picked":["Entrench","Havoc"],"picked":"Clothesline","floor":18.0},{"not_picked":["Second Wind","Dropkick"],"picked":"Whirlwind+1","floor":21.0},{"not_picked":["Fire Breathing+1","Sentinel","Havoc"],"picked":"SKIP","floor":22.0},{"not_picked":["Body Slam","Fire Breathing+1","Bloodletting"],"picked":"SKIP","floor":24.0},{"not_picked":["Inflame","Twin Strike"],"picked":"Shrug It Off","floor":25.0},{"not_picked":["Pommel Strike","Warcry"],"picked":"Perfected Strike","floor":27.0},{"not_picked":["Rupture","Shrug It Off"],"picked":"Heavy Blade","floor":28},{"not_picked":["Hemokinesis","Flex","Wild Strike"],"picked":"SKIP","floor":29},{"not_picked":["Cleave","Twin Strike"],"picked":"Disarm+1","floor":30},{"not_picked":["Immolate","Juggernaut"],"picked":"Reaper","floor":33},{"not_picked":["Rampage+1","Shrug It Off","Searing Blow"],"picked":"SKIP","floor":35},{"not_picked":["Whirlwind","Sword Boomerang","Shrug It Off"],"picked":"SKIP","floor":37},{"not_picked":["Twin Strike","Cleave+1","Sever Soul"],"picked":"SKIP","floor":38},{"not_picked":["Second Wind","Flame Barrier+1"],"picked":"Barricade","floor":41},{"not_picked":["Headbutt","Cleave+1","Thunderclap"],"picked":"SKIP","floor":44},{"not_picked":["Twin Strike","Rampage"],"picked":"Entrench","floor":45},{"not_picked":["Shockwave","Ghostly Armor","Hemokinesis"],"picked":"SKIP","floor":46},{"not_picked":["Anger+1","Clash","Perfected Strike"],"picked":"SKIP","floor":47},{"not_picked":["Pummel","Power Through","Cleave"],"picked":"SKIP","floor":48},{"not_picked":["Heavy Blade","Sever Soul","Corruption"],"picked":"SKIP","floor":55}],"player_experience":2952094,"relics_obtained":[{"floor":6.0,"key":"Letter Opener"},{"floor":9.0,"key":"Mercury Hourglass"},{"floor":11.0,"key":"Blue Candle"},{"floor":14.0,"key":"Eternal Feather"},{"floor":25.0,"key":"StrikeDummy"},{"floor":26.0,"key":"HornCleat"},{"floor":28,"key":"Omamori"},{"floor":30,"key":"Strawberry"},{"floor":41,"key":"Boot"},{"floor":45,"key":"Sundial"},{"floor":55,"key":"Akabeko"}],"event_choices":[{"damage_healed":0.0,"max_hp_gain":5.0,"max_hp_loss":0.0,"gold_gain":0.0,"event_name":"Big Fish","player_choice":"Donut","floor":2.0,"gold_loss":0.0,"damage_taken":0.0},{"damage_healed":0.0,"max_hp_gain":0.0,"max_hp_loss":0.0,"gold_gain":0.0,"event_name":"Living Wall","player_choice":"Grow","floor":3.0,"gold_loss":0.0,"damage_taken":0.0,"cards_upgraded":["Bash"]},{"damage_healed":0.0,"max_hp_gain":0.0,"max_hp_loss":8.0,"gold_gain":0.0,"event_name":"Golden Idol","player_choice":"Lose Max HP","floor":13.0,"gold_loss":0.0,"damage_taken":0.0,"relics_obtained":["Golden Idol"]},{"damage_healed":0.0,"max_hp_gain":0.0,"max_hp_loss":0.0,"gold_gain":0.0,"event_name":"The Mausoleum","player_choice":"Opened","floor":19.0,"gold_loss":0.0,"damage_taken":0.0,"relics_obtained":["CaptainsWheel"],"cards_obtained":["Writhe"]},{"damage_healed":0.0,"max_hp_gain":0.0,"max_hp_loss":0.0,"gold_gain":0.0,"cards_transformed":["Strike_R","Strike_R"],"event_name":"Drug Dealer","player_choice":"Became Test Subject","floor":20.0,"gold_loss":0.0,"damage_taken":0.0,"cards_obtained":["Sever Soul","Sentinel"]},{"damage_healed":0,"gold_gain":0,"player_choice":"Copied","damage_taken":0,"max_hp_gain":0,"max_hp_loss":0,"event_name":"Duplicator","floor":36,"gold_loss":0,"cards_obtained":["Reaper"]},{"damage_healed":0,"gold_gain":333,"player_choice":"Gave Idol","damage_taken":0,"max_hp_gain":0,"max_hp_loss":0,"event_name":"The Moai Head","floor":39,"relics_lost":["Golden Idol"],"gold_loss":0}],"is_beta":true,"boss_relics":[{"not_picked":["Black Star","Philosopher\u0027s Stone"],"picked":"Snecko Eye"},{"not_picked":["Astrolabe","Velvet Choker"],"picked":"Runic Cube"}],"items_purged_floors":[40],"is_endless":false,"potions_floor_spawned":[4,11,14,21,24,25,29,33,37,38,47],"killed_by":"The Heart","ascension_level":20}