{"gold_per_floor":[114,131,29,42,52,52,80,80,107,107,107,19,19,49,49,120,120,131,131,143,156,171,221,221,249,275,289,289,324,3,3,3,77,77,89,1088,1100,591,611,640,655,701,701,714,167,167,178,210,210,210,210,210,210,45,80,80],"floor_reached":57,"playtime":7404,"items_purged":["Strike_R","Strike_R"],"score":3045,"play_id":"e4c8a684-a080-4f0a-b9fe-675f5cd21ed3","local_time":"20201124112630","is_ascension_mode":true,"campfire_choices":[{"data":"Carnage","floor":6.0,"key":"SMITH"},{"data":"Hemokinesis","floor":8.0,"key":"SMITH"},{"data":"Bash","floor":11.0,"key":"SMITH"},{"data":"True Grit","floor":13.0,"key":"SMITH"},{"data":"Intimidate","floor":15.0,"key":"SMITH"},{"data":"Fiend Fire","floor":24.0,"key":"SMITH"},{"data":"Feel No Pain","floor":28.0,"key":"SMITH"},{"floor":32.0,"key":"REST"},{"floor":46,"key":"RECALL"},{"data":"Second Wind","floor":49,"key":"SMITH"},{"data":"Exhume","floor":53,"key":"SMITH"}],"neow_cost":"PERCENT_DAMAGE","seed_source_timestamp":0,"circlet_count":0,"master_deck":["AscendersBane","Strike_R","Strike_R+1","Strike_R+1","Defend_R","Defend_R","Defend_R","Defend_R","Bash+1","Carnage+1","Hemokinesis+1","Dark Shackles","Spot Weakness","True Grit+1","Intimidate+1","Fiend Fire+1","Feel No Pain+1","True Grit","Burning Pact+1","Shrug It Off","Exhume+1","Second Wind+1","Second Wind+1","Intimidate","Burning Pact","Sentinel+1","Dark Shackles+1","Warcry+1","Sentinel+1","Disarm+1","Shrug It Off+1"],"special_seed":0,"relics":["Black Blood","Dead Branch","Bronze Scales","Happy Flower","Vajra","Sozu","Toy Ornithopter","Omamori","Boot","Question Card","Enchiridion","Paper Frog","Dream Catcher","Whetstone","Thread and Needle","Toxic Egg 2","Nunchaku","OrangePellets","Strawberry"],"potions_floor_usage":[],"damage_taken":[{"damage":6.0,"enemies":"Cultist","floor":1.0,"turns":3.0},{"damage":0.0,"enemies":"Small Slimes","floor":2.0,"turns":4.0},{"damage":0.0,"enemies":"2 Louse","floor":4.0,"turns":2.0},{"damage":3.0,"enemies":"2 Fungi Beasts","floor":5.0,"turns":3.0},{"damage":27.0,"enemies":"Lagavulin","floor":7.0,"turns":6.0},{"damage":10.0,"enemies":"Gremlin Nob","floor":14.0,"turns":3.0},{"damage":34.0,"enemies":"Hexaghost","floor":16.0,"turns":8.0},{"damage":3.0,"enemies":"3 Byrds","floor":18.0,"turns":3.0},{"damage":2.0,"enemies":"Spheric Guardian","floor":20.0,"turns":3.0},{"damage":12.0,"enemies":"Centurion and Healer","floor":21.0,"turns":4.0},{"damage":2.0,"enemies":"Snake Plant","floor":22.0,"turns":2.0},{"damage":22.0,"enemies":"Slavers","floor":25.0,"turns":6.0},{"damage":2.0,"enemies":"3 Cultists","floor":27.0,"turns":4.0},{"damage":8.0,"enemies":"Book of Stabbing","floor":29.0,"turns":3.0},{"damage":65.0,"enemies":"Collector","floor":33.0,"turns":11.0},{"damage":0.0,"enemies":"3 Shapes","floor":35.0,"turns":2.0},{"damage":0.0,"enemies":"Orb Walker","floor":37.0,"turns":3.0},{"damage":9.0,"enemies":"Writhing Mass","floor":39.0,"turns":5.0},{"damage":10.0,"enemies":"Giant Head","floor":40.0,"turns":11.0},{"damage":0.0,"enemies":"Sphere and 2 Shapes","floor":41.0,"turns":6.0},{"damage":29.0,"enemies":"2 Orb Walkers","floor":42.0,"turns":6.0},{"damage":5.0,"enemies":"Jaw Worm Horde","floor":44.0,"turns":3.0},{"damage":2,"enemies":"4 Shapes","floor":47,"turns":7},{"damage":2,"enemies":"Nemesis","floor":48,"turns":5},{"damage":5,"enemies":"Awakened One","floor":50,"turns":3},{"damage":45,"enemies":"Donu and Deca","floor":51,"turns":11},{"damage":4,"enemies":"Shield and Spear","floor":55,"turns":15},{"damage":13,"enemies":"The Heart","floor":56,"turns":11}],"seed_played":"-2197441666631006025","potions_obtained":[{"floor":1.0,"key":"GamblersBrew"},{"floor":14.0,"key":"BloodPotion"},{"floor":16.0,"key":"ColorlessPotion"}],"is_trial":false,"path_per_floor":["M","M","$","M","M","R","E","R","T","?","R","$","R","E","R","B",null,"M","?","M","M","M","?","R","E","T","M","R","E","$","?","R","B",null,"M","?","M","$","M","E","M","?","T","M","$","R","M","E","R","B","B",null,"R","$","E","B",null],"character_chosen":"IRONCLAD","items_purchased":["Dark Shackles","Intimidate","Question Card","Shrug It Off","Paper Frog","Dream Catcher","Toxic Egg 2","Dark Shackles+1","Warcry+1","OrangePellets"],"campfire_rested":1,"item_purchase_floors":[3,12,30,30,38,38,45,45,45,54],"current_hp_per_floor":[50,56,56,62,65,65,44,44,44,49,49,49,49,45,45,17,64,67,67,71,65,69,69,69,53,53,57,57,55,55,34,58,25,66,78,78,80,80,80,80,80,63,63,70,70,70,80,80,80,80,47,72,72,72,87,86],"gold":80,"neow_bonus":"ONE_RARE_RELIC","is_prod":false,"is_daily":false,"chose_seed":false,"campfire_upgraded":9,"win_rate":0,"timestamp":1606245990,"path_taken":["M","M","$","M","?","R","E","R","T","?","R","$","R","E","R","BOSS","M","?","M","M","M","?","R","E","T","M","R","E","$","?","R","BOSS","M","?","M","$","M","E","M","?","T","M","$","R","M","E","R","BOSS","BOSS","R","$","E","BOSS"],"build_version":"2020-11-17","purchased_purges":2,"victory":true,"max_hp_per_floor":[75,75,75,75,75,75,75,75,75,80,80,80,80,80,80,80,80,80,80,80,80,80,80,80,80,80,80,80,80,80,80,80,80,80,80,80,80,80,80,80,80,80,80,80,80,80,80,80,80,80,80,80,80,80,87,87],"card_choices":[{"not_picked":["Infernal Blade","Shrug It Off"],"picked":"Carnage","floor":1.0},{"not_picked":["Sentinel","Rupture"],"picked":"Hemokinesis","floor":2.0},{"not_picked":["Whirlwind","Twin Strike"],"picked":"Spot Weakness","floor":4.0},{"not_picked":["Warcry","Havoc","Thunderclap"],"picked":"SKIP","floor":5.0},{"not_picked":["Ghostly Armor","Thunderclap"],"picked":"True Grit","floor":7.0},{"not_picked":["Burning Pact","Headbutt","Dropkick"],"picked":"SKIP","floor":14.0},{"not_picked":["Juggernaut","Feed"],"picked":"Fiend Fire","floor":16.0},{"not_picked":["Carnage","Blood for Blood","Heavy Blade"],"picked":"SKIP","floor":18.0},{"not_picked":["Warcry","Sentinel","Havoc"],"picked":"SKIP","floor":20.0},{"not_picked":["Metallicize","Burning Pact"],"picked":"True Grit","floor":21.0},{"not_picked":["Carnage","Body Slam","Havoc"],"picked":"SKIP","floor":22.0},{"not_picked":["Body Slam","Armaments","Sever Soul"],"picked":"SKIP","floor":25.0},{"not_picked":["Rampage","Whirlwind","True Grit"],"picked":"SKIP","floor":27.0},{"not_picked":["Immolate","Double Tap"],"picked":"Burning Pact+1","floor":29.0},{"not_picked":["Immolate","Demon Form","Double Tap"],"picked":"Exhume","floor":33.0},{"not_picked":["Anger","Twin Strike","Rampage","Cleave"],"picked":"SKIP","floor":35.0},{"not_picked":["Wild Strike","Perfected Strike+1","Infernal Blade"],"picked":"Second Wind","floor":37.0},{"not_picked":["Headbutt","Rupture","Entrench"],"picked":"Second Wind+1","floor":39.0},{"not_picked":["Headbutt","Inflame","Ghostly Armor"],"picked":"Intimidate","floor":40.0},{"not_picked":["Blood for Blood","Clash","Rage","Wild Strike"],"picked":"SKIP","floor":41.0},{"not_picked":["Iron Wave","Demon Form","Wild Strike"],"picked":"Burning Pact","floor":42.0},{"not_picked":["Armaments","Havoc+1","Clash+1"],"picked":"Sentinel+1","floor":44.0},{"not_picked":["Heavy Blade","Shrug It Off+1","Metallicize"],"picked":"Sentinel+1","floor":47},{"not_picked":["Bloodletting+1","Body Slam","Immolate"],"picked":"Disarm+1","floor":48},{"not_picked":["Heavy Blade","Metallicize+1","Pommel Strike"],"picked":"Shrug It Off+1","floor":55}],"player_experience":2918561,"relics_obtained":[{"floor":7.0,"key":"Bronze Scales"},{"floor":9.0,"key":"Happy Flower"},{"floor":14.0,"key":"Vajra"},{"floor":25.0,"key":"Toy Ornithopter"},{"floor":26.0,"key":"Omamori"},{"floor":29.0,"key":"Boot"},{"floor":31.0,"key":"Enchiridion"},{"floor":40.0,"key":"Whetstone"},{"floor":42.0,"key":"Thread and Needle"},{"floor":48,"key":"Nunchaku"},{"floor":55,"key":"Strawberry"}],"event_choices":[{"damage_healed":0.0,"max_hp_gain":5.0,"max_hp_loss":0.0,"gold_gain":0.0,"event_name":"Big Fish","player_choice":"Donut","floor":10.0,"gold_loss":0.0,"damage_taken":0.0},{"damage_healed":0.0,"max_hp_gain":0.0,"max_hp_loss":0.0,"gold_gain":0.0,"event_name":"The Library","player_choice":"Read","floor":19.0,"gold_loss":0.0,"damage_taken":0.0,"cards_obtained":["Feel No Pain"]},{"damage_healed":0.0,"max_hp_gain":0.0,"max_hp_loss":0.0,"gold_gain":50.0,"event_name":"Nest","player_choice":"Stole From Cult","floor":23.0,"gold_loss":0.0,"damage_taken":0.0},{"damage_healed":0.0,"max_hp_gain":0.0,"max_hp_loss":0.0,"gold_gain":0.0,"event_name":"Cursed Tome","player_choice":"Obtained Book","floor":31.0,"gold_loss":0.0,"damage_taken":21.0},{"damage_healed":0.0,"max_hp_gain":0.0,"max_hp_loss":0.0,"gold_gain":999.0,"event_name":"MindBloom","player_choice":"Gold","floor":36.0,"gold_loss":0.0,"damage_taken":0.0,"cards_obtained":["Normality","Normality"]},{"damage_healed":0.0,"max_hp_gain":0.0,"max_hp_loss":0.0,"gold_gain":0.0,"event_name":"Mysterious Sphere","player_choice":"Fight","floor":42.0,"gold_loss":0.0,"damage_taken":0.0}],"is_beta":true,"boss_relics":[{"not_picked":["Ectoplasm","Empty Cage"],"picked":"Sozu"},{"not_picked":["Snecko Eye","Runic Dome"],"picked":"Black Blood"}],"items_purged_floors":[38,45],"is_endless":false,"potions_floor_spawned":[1,14,16,18,21,29,35,37,39,42,48],"ascension_level":20}