{"gold_per_floor":[110,120,120,145,160,193,193,212,212,212,24,49,49,83,83,154,154,172,293,293,306,189,224,224,259,259,49,69,81,109,119,119,119],"floor_reached":33,"playtime":3273,"items_purged":["Strike_R"],"score":696,"play_id":"64fba74d-6c69-4cec-8676-0314288864e0","local_time":"20201127202218","is_ascension_mode":true,"campfire_choices":[{"floor":7,"key":"REST"},{"data":"Inflame","floor":10,"key":"SMITH"},{"floor":15,"key":"REST"},{"floor":24,"key":"REST"},{"floor":32,"key":"REST"}],"neow_cost":"NONE","seed_source_timestamp":1362148113766300,"circlet_count":0,"master_deck":["AscendersBane","Strike_R","Strike_R+1","Strike_R","Strike_R","Defend_R","Defend_R","Defend_R+1","Defend_R","Bash","Hemokinesis","Metallicize","Shrug It Off","Berserk","Inflame+1","Evolve","Pommel Strike","Twin Strike","Fiend Fire","Disarm","Shockwave","Shrug It Off","Feel No Pain","Twin Strike+1","Flame Barrier"],"relics":["Mark of Pain","Blood Vial","Mercury Hourglass","StrikeDummy","SsserpentHead","Akabeko","Black Star","Singing Bowl","Bronze Scales","TungstenRod","Toy Ornithopter","Sundial","Lee\u0027s Waffle","Vajra","Prayer Wheel"],"potions_floor_usage":[6,12,14,23,25,33],"damage_taken":[{"damage":14,"enemies":"Jaw Worm","floor":1,"turns":5},{"damage":2,"enemies":"Cultist","floor":2,"turns":2},{"damage":1,"enemies":"2 Louse","floor":5,"turns":4},{"damage":26,"enemies":"Gremlin Nob","floor":6,"turns":4},{"damage":9,"enemies":"Red Slaver","floor":8,"turns":3},{"damage":16,"enemies":"3 Sentries","floor":12,"turns":5},{"damage":0,"enemies":"Lagavulin","floor":14,"turns":4},{"damage":17,"enemies":"Hexaghost","floor":16,"turns":8},{"damage":2,"enemies":"Chosen","floor":18,"turns":2},{"damage":5,"enemies":"Spheric Guardian","floor":21,"turns":3},{"damage":59,"enemies":"Gremlin Leader","floor":23,"turns":6},{"damage":20,"enemies":"Slavers","floor":25,"turns":4},{"damage":11,"enemies":"Snecko","floor":28,"turns":4},{"damage":23,"enemies":"Shelled Parasite and Fungi","floor":29,"turns":4},{"damage":44,"enemies":"Book of Stabbing","floor":30,"turns":5},{"damage":5,"enemies":"Cultist and Chosen","floor":31,"turns":5},{"damage":67,"enemies":"Automaton","floor":33,"turns":8}],"seed_played":"1333550014886103614","potions_obtained":[{"floor":5,"key":"Strength Potion"},{"floor":6,"key":"Strength Potion"},{"floor":16,"key":"CultistPotion"},{"floor":21,"key":"Dexterity Potion"},{"floor":31,"key":"BloodPotion"}],"is_trial":false,"path_per_floor":["M","M","?","T","M","E","R","M","T","R","$","E","?","E","R","B",null,"M","T","?","M","$","E","R","E","T","$","M","M","E","M","R","B"],"character_chosen":"IRONCLAD","items_purchased":["Evolve","Pommel Strike","Block Potion","Shockwave","Lee\u0027s Waffle","Feel No Pain"],"campfire_rested":4,"item_purchase_floors":[11,11,11,22,27,27],"current_hp_per_floor":[54,52,29,29,28,2,24,17,17,17,17,3,3,5,27,12,59,59,59,59,58,58,1,24,8,8,86,75,56,16,15,42,0],"gold":119,"neow_bonus":"BOSS_RELIC","is_prod":false,"is_daily":false,"chose_seed":false,"campfire_upgraded":1,"win_rate":0,"timestamp":1606537338,"path_taken":["M","M","?","?","?","E","R","M","T","R","?","E","?","E","R","BOSS","M","?","?","M","$","E","R","E","T","$","M","M","E","M","R","BOSS"],"build_version":"2020-11-17","purchased_purges":1,"victory":false,"max_hp_per_floor":[75,75,75,75,75,75,75,75,75,75,75,75,75,75,75,75,75,75,75,75,77,77,77,77,79,79,86,86,88,90,92,92,92],"card_choices":[{"not_picked":["Anger","Armaments"],"picked":"Hemokinesis","floor":1},{"not_picked":["Warcry","Clash"],"picked":"Metallicize","floor":2},{"not_picked":["Warcry","Reckless Charge"],"picked":"Shrug It Off","floor":5},{"not_picked":["Flex","Entrench"],"picked":"Berserk","floor":6},{"not_picked":["Warcry","Sword Boomerang"],"picked":"Inflame","floor":8},{"not_picked":["Clash","Havoc"],"picked":"Twin Strike","floor":12},{"not_picked":["Headbutt","Evolve","True Grit"],"picked":"SKIP","floor":14},{"not_picked":["Double Tap","Feed"],"picked":"Fiend Fire","floor":16},{"not_picked":["Iron Wave","Havoc"],"picked":"Disarm","floor":18},{"not_picked":["Pummel","Body Slam","Sword Boomerang"],"picked":"Singing Bowl","floor":21},{"not_picked":["Heavy Blade","Evolve"],"picked":"Shrug It Off","floor":23},{"not_picked":["Bloodletting","Warcry","Sever Soul+1"],"picked":"Singing Bowl","floor":25},{"not_picked":["Dual Wield","Intimidate"],"picked":"Twin Strike+1","floor":28},{"not_picked":["Headbutt","Havoc","Iron Wave+1"],"picked":"Singing Bowl","floor":29},{"not_picked":["Dark Embrace","Blood for Blood+1","Havoc"],"picked":"Singing Bowl","floor":30},{"not_picked":["Feel No Pain","Dark Embrace"],"picked":"Flame Barrier","floor":31},{"not_picked":["Heavy Blade","Burning Pact","Iron Wave"],"picked":"Singing Bowl","floor":31}],"player_experience":2978825,"relics_obtained":[{"floor":6,"key":"Blood Vial"},{"floor":9,"key":"Mercury Hourglass"},{"floor":12,"key":"StrikeDummy"},{"floor":14,"key":"Akabeko"},{"floor":19,"key":"Singing Bowl"},{"floor":23,"key":"Bronze Scales"},{"floor":23,"key":"TungstenRod"},{"floor":25,"key":"Toy Ornithopter"},{"floor":26,"key":"Sundial"},{"floor":30,"key":"Vajra"},{"floor":30,"key":"Prayer Wheel"}],"event_choices":[{"damage_healed":0,"gold_gain":0,"player_choice":"Entered Light","damage_taken":23,"max_hp_gain":0,"max_hp_loss":0,"event_name":"Shining Light","floor":3,"gold_loss":0,"cards_upgraded":["Defend_R","Strike_R"]},{"damage_healed":0,"gold_gain":0,"player_choice":"Trade","damage_taken":0,"relics_obtained":["SsserpentHead"],"max_hp_gain":0,"max_hp_loss":0,"event_name":"FaceTrader","floor":13,"gold_loss":0},{"damage_healed":0,"gold_gain":0,"player_choice":"Bet on Owner","damage_taken":0,"max_hp_gain":0,"max_hp_loss":0,"event_name":"The Joust","floor":20,"gold_loss":50}],"is_beta":true,"boss_relics":[{"not_picked":["Ectoplasm","Snecko Eye"],"picked":"Black Star"}],"items_purged_floors":[22],"is_endless":false,"potions_floor_spawned":[5,6,16,21,31],"killed_by":"Automaton","ascension_level":20}