{"gold_per_floor":[218,231,241,70,70,95,95,95,145,178,178,103,103,103,103,103],"floor_reached":16,"playtime":853,"items_purged":["Strike_R"],"score":212,"play_id":"43fb5a1c-e788-4be7-8d16-f95725f52b8c","local_time":"20201126225943","is_ascension_mode":true,"campfire_choices":[{"floor":7,"key":"REST"},{"data":"Armaments","floor":11,"key":"SMITH"},{"data":"Combust","floor":13,"key":"SMITH"},{"data":"Spot Weakness","floor":15,"key":"SMITH"}],"neow_cost":"NONE","seed_source_timestamp":1287616076683200,"circlet_count":0,"master_deck":["AscendersBane","Strike_R","Strike_R","Strike_R+1","Defend_R","Defend_R","Defend_R","Defend_R","Bash","Clothesline","Battle Trance+1","Spot Weakness+1","Combust+1","Armaments+1","Offering"],"relics":["Burning Blood","Regal Pillow","Golden Idol","Juzu Bracelet","PreservedInsect"],"potions_floor_usage":[],"damage_taken":[{"damage":12,"enemies":"Cultist","floor":1,"turns":4},{"damage":4,"enemies":"Jaw Worm","floor":2,"turns":3},{"damage":1,"enemies":"2 Louse","floor":3,"turns":4},{"damage":42,"enemies":"3 Sentries","floor":6,"turns":9},{"damage":34,"enemies":"Lagavulin","floor":10,"turns":6},{"damage":22,"enemies":"Hexaghost","floor":16,"turns":4}],"seed_played":"-4140558920447903498","potions_obtained":[{"floor":3,"key":"ElixirPotion"}],"is_trial":false,"path_per_floor":["M","M","M","$","?","E","R","?","T","E","R","?","R","?","R","B"],"character_chosen":"IRONCLAD","items_purchased":["Combust","SteroidPotion"],"campfire_rested":1,"item_purchase_floors":[4,4],"current_hp_per_floor":[62,64,69,69,46,10,47,47,47,19,19,19,19,19,19,0],"gold":103,"neow_bonus":"HUNDRED_GOLD","is_prod":false,"is_daily":false,"chose_seed":false,"campfire_upgraded":3,"win_rate":0,"timestamp":1606460383,"path_taken":["M","M","M","$","?","E","R","?","T","E","R","?","R","?","R","BOSS"],"build_version":"2020-11-17","purchased_purges":1,"victory":false,"max_hp_per_floor":[75,75,75,75,75,75,75,68,68,68,68,68,68,68,68,68],"card_choices":[{"not_picked":["Iron Wave","Seeing Red"],"picked":"Clothesline","floor":1},{"not_picked":["Sword Boomerang","Warcry"],"picked":"Battle Trance","floor":2},{"not_picked":["Shrug It Off","Searing Blow"],"picked":"Spot Weakness","floor":3},{"not_picked":["Searing Blow","Disarm"],"picked":"Armaments","floor":6},{"not_picked":["Dropkick","Clothesline"],"picked":"Offering","floor":10}],"player_experience":2968013,"relics_obtained":[{"floor":6,"key":"Regal Pillow"},{"floor":9,"key":"Juzu Bracelet"},{"floor":10,"key":"PreservedInsect"}],"event_choices":[{"damage_healed":0,"gold_gain":0,"player_choice":"Entered Light","damage_taken":23,"max_hp_gain":0,"max_hp_loss":0,"event_name":"Shining Light","floor":5,"gold_loss":0,"cards_upgraded":["Strike_R","Battle Trance"]},{"damage_healed":0,"gold_gain":0,"player_choice":"Lose Max HP","damage_taken":0,"relics_obtained":["Golden Idol"],"max_hp_gain":0,"max_hp_loss":7,"event_name":"Golden Idol","floor":8,"gold_loss":0},{"cards_removed":["Strike_R"],"damage_healed":0,"gold_gain":0,"player_choice":"Card Removal","damage_taken":0,"max_hp_gain":0,"max_hp_loss":0,"event_name":"The Cleric","floor":12,"gold_loss":75},{"damage_healed":0,"gold_gain":0,"player_choice":"0 cards matched","damage_taken":0,"max_hp_gain":0,"max_hp_loss":0,"event_name":"Match and Keep!","floor":14,"gold_loss":0,"cards_obtained":[]}],"is_beta":true,"boss_relics":[],"items_purged_floors":[4],"is_endless":false,"potions_floor_spawned":[3,10],"killed_by":"Hexaghost","ascension_level":20}