{"gold_per_floor":[113,125,125,141,160,189,189,219,271,304,32,67,0,14,14,92,92,106,106,106,182,20,20,55,65,65,77,107,120,7,47,47,121,175,197,211,272,295,159,159,174,214,238,259,296,318,330,361,361,361,361,361,361,13,42,42],"floor_reached":57,"playtime":8035,"items_purged":["Strike_R","Pain","Strike_R","Rage","Bash"],"score":3064,"play_id":"cff29dd5-7d8f-4403-8369-63743dc53d52","local_time":"20210220153810","is_ascension_mode":true,"campfire_choices":[{"data":"Armaments","floor":7,"key":"SMITH"},{"data":"Uppercut","floor":15,"key":"SMITH"},{"data":"Flame Barrier","floor":23,"key":"SMITH"},{"data":"Demon Form","floor":32,"key":"SMITH"},{"floor":40,"key":"RECALL"},{"data":"Impervious","floor":49,"key":"SMITH"},{"data":"Offering","floor":53,"key":"SMITH"}],"neow_cost":"NONE","seed_source_timestamp":647918932836900,"circlet_count":0,"master_deck":["AscendersBane","Battle Trance","Headbutt","Uppercut+1","Reaper","Armaments+1","Feel No Pain","Flame Barrier+1","Offering","Shrug It Off","Body Slam","Shrug It Off","Impervious+1","Entrench","Offering+1","Metallicize+1","Dark Embrace","Dark Shackles","Demon Form+1","Double Tap","Cleave","Power Through","Sentinel","Bloodletting","Heavy Blade","Power Through+1","Shrug It Off","Reaper","Reaper","Reaper","Dual Wield+1","Evolve","Shockwave+1"],"relics":["Burning Blood","Self Forming Clay","Dream Catcher","Toy Ornithopter","Membership Card","Oddly Smooth Stone","Tiny Chest","Snecko Eye","WarpedTongs","Question Card","Bag of Preparation","Strawberry","Mercury Hourglass","CeramicFish","Pandora\u0027s Box","Pocketwatch","Orrery","Boot","Smiling Mask","Calipers","Happy Flower","Ice Cream","Pen Nib","Akabeko"],"potions_floor_usage":[8,12,18,28,28,36,37,42,50,56,56],"damage_taken":[{"damage":1,"enemies":"Cultist","floor":1,"turns":3},{"damage":10,"enemies":"Small Slimes","floor":2,"turns":5},{"damage":8,"enemies":"2 Louse","floor":4,"turns":3},{"damage":17,"enemies":"Gremlin Gang","floor":5,"turns":5},{"damage":16,"enemies":"3 Sentries","floor":6,"turns":13},{"damage":29,"enemies":"Gremlin Nob","floor":8,"turns":4},{"damage":6,"enemies":"3 Sentries","floor":10,"turns":10},{"damage":50,"enemies":"Lagavulin","floor":12,"turns":9},{"damage":6,"enemies":"2 Fungi Beasts","floor":14,"turns":4},{"damage":18,"enemies":"The Guardian","floor":16,"turns":12},{"damage":6,"enemies":"Shell Parasite","floor":18,"turns":5},{"damage":16,"enemies":"Book of Stabbing","floor":24,"turns":5},{"damage":19,"enemies":"Spheric Guardian","floor":25,"turns":8},{"damage":6,"enemies":"Chosen and Byrds","floor":27,"turns":6},{"damage":13,"enemies":"Slavers","floor":28,"turns":5},{"damage":8,"enemies":"Centurion and Healer","floor":29,"turns":8},{"damage":20,"enemies":"Book of Stabbing","floor":31,"turns":4},{"damage":56,"enemies":"Automaton","floor":33,"turns":11},{"damage":0,"enemies":"3 Shapes","floor":35,"turns":7},{"damage":61,"enemies":"3 Darklings","floor":36,"turns":10},{"damage":64,"enemies":"2 Orb Walkers","floor":37,"turns":6},{"damage":20,"enemies":"Maw","floor":38,"turns":7},{"damage":4,"enemies":"Spire Growth","floor":41,"turns":5},{"damage":60,"enemies":"Reptomancer","floor":42,"turns":7},{"damage":12,"enemies":"Jaw Worm Horde","floor":44,"turns":4},{"damage":20,"enemies":"Giant Head","floor":45,"turns":7},{"damage":19,"enemies":"Transient","floor":46,"turns":6},{"damage":6,"enemies":"4 Shapes","floor":47,"turns":6},{"damage":6,"enemies":"Nemesis","floor":48,"turns":7},{"damage":15,"enemies":"Donu and Deca","floor":50,"turns":8},{"damage":42,"enemies":"Awakened One","floor":51,"turns":11},{"damage":15,"enemies":"Shield and Spear","floor":55,"turns":5},{"damage":94,"enemies":"The Heart","floor":56,"turns":8}],"seed_played":"-493118534285177834","potions_obtained":[{"floor":5,"key":"Energy Potion"},{"floor":8,"key":"Weak Potion"},{"floor":10,"key":"BloodPotion"},{"floor":12,"key":"Explosive Potion"},{"floor":29,"key":"Fire Potion"},{"floor":33,"key":"AttackPotion"},{"floor":35,"key":"DuplicationPotion"},{"floor":37,"key":"DuplicationPotion"},{"floor":38,"key":"Explosive Potion"},{"floor":42,"key":"LiquidBronze"}],"is_trial":false,"path_per_floor":["M","M","?","M","M","E","R","E","T","E","$","E","$","M","R","B",null,"M","?","?","T","$","R","E","M","T","M","E","M","$","E","R","B",null,"M","M","?","M","$","R","M","E","T","M","E","M","M","E","R","B","B",null,"R","$","E","B",null],"character_chosen":"IRONCLAD","items_purchased":["Membership Card","Shrug It Off","Oddly Smooth Stone","Shrug It Off","Bag of Preparation","PowerPotion","Dark Shackles","Orrery","DuplicationPotion","Ice Cream","Pen Nib"],"campfire_rested":0,"item_purchase_floors":[11,11,11,13,22,22,30,39,54,54,54],"current_hp_per_floor":[73,69,69,73,70,72,72,55,55,65,65,47,47,55,55,47,68,73,73,73,73,73,73,70,57,57,62,73,80,80,71,71,35,70,82,82,45,75,75,75,82,59,59,82,82,82,82,82,82,82,82,82,82,82,82,82],"gold":42,"neow_bonus":"THREE_CARDS","is_prod":false,"is_daily":false,"chose_seed":false,"campfire_upgraded":6,"win_rate":0,"timestamp":1613864290,"path_taken":["M","M","?","M","?","E","R","E","T","E","$","E","?","M","R","BOSS","M","?","?","?","$","R","E","M","T","M","E","M","$","E","R","BOSS","M","M","?","M","$","R","M","E","T","M","E","M","M","E","R","BOSS","BOSS","R","$","E","BOSS"],"build_version":"2020-12-18","purchased_purges":5,"victory":true,"max_hp_per_floor":[75,75,75,75,75,75,75,75,75,75,75,75,75,75,75,75,75,75,75,75,75,75,75,82,82,82,82,82,82,82,82,82,82,82,82,82,82,82,82,82,82,82,82,82,82,82,82,82,82,82,82,82,82,82,82,82],"relic_stats":{"Happy Flower":[10],"counters":[33,223],"Self Forming Clay":[270],"CeramicFish":144,"Pen Nib":[1],"Bag of Preparation":[44],"Question Card":24,"Boot":[35],"Smiling Mask":38,"Burning Blood":129,"WarpedTongs":[143],"Mercury Hourglass":[499],"Dream Catcher":0,"Snecko Eye":[331,335,371,367],"Tiny Chest":1,"Pandora\u0027s Box":["Double Tap","Cleave","Power Through","Sentinel","Rage","Bloodletting"],"obtain_stats":[{"Ice Cream":54,"Calipers":45,"Happy Flower":48,"Self Forming Clay":6,"CeramicFish":31,"Oddly Smooth Stone":11,"Pen Nib":54,"Bag of Preparation":22,"Question Card":21,"Boot":42,"Smiling Mask":43,"Burning Blood":0,"Akabeko":55,"WarpedTongs":20,"Mercury Hourglass":28,"Dream Catcher":9,"Strawberry":24,"Snecko Eye":17,"Orrery":39,"Tiny Chest":12,"Pandora\u0027s Box":34,"Membership Card":11,"Toy Ornithopter":10,"Pocketwatch":37},{"Ice Cream":31,"Calipers":26,"Happy Flower":29,"Self Forming Clay":5,"CeramicFish":17,"Oddly Smooth Stone":7,"Pen Nib":31,"Bag of Preparation":11,"Question Card":11,"Boot":24,"Smiling Mask":24,"Burning Blood":0,"Akabeko":32,"WarpedTongs":11,"Mercury Hourglass":15,"Dream Catcher":6,"Strawberry":12,"Snecko Eye":10,"Orrery":22,"Tiny Chest":8,"Pandora\u0027s Box":18,"Membership Card":7,"Toy Ornithopter":7,"Pocketwatch":21},{"Ice Cream":210,"Calipers":172,"Happy Flower":191,"Self Forming Clay":29,"CeramicFish":109,"Oddly Smooth Stone":43,"Pen Nib":210,"Bag of Preparation":73,"Question Card":73,"Boot":161,"Smiling Mask":161,"Burning Blood":0,"Akabeko":215,"WarpedTongs":73,"Mercury Hourglass":97,"Dream Catcher":33,"Strawberry":78,"Snecko Eye":68,"Orrery":149,"Tiny Chest":52,"Pandora\u0027s Box":120,"Membership Card":43,"Toy Ornithopter":43,"Pocketwatch":142}],"Toy Ornithopter":37,"Pocketwatch":[46]},"card_choices":[{"not_picked":["Fire Breathing","Warcry"],"picked":"Battle Trance","floor":0},{"not_picked":["Clothesline","True Grit"],"picked":"Headbutt","floor":1},{"not_picked":["Metallicize","Thunderclap"],"picked":"Uppercut","floor":2},{"not_picked":["Metallicize","Headbutt"],"picked":"Armaments","floor":4},{"not_picked":["Exhume","Heavy Blade"],"picked":"Feel No Pain","floor":5},{"not_picked":["Anger","Whirlwind","Evolve"],"picked":"SKIP","floor":6},{"not_picked":["Clothesline","Pommel Strike"],"picked":"Flame Barrier","floor":8},{"not_picked":["Ghostly Armor","Pommel Strike"],"picked":"Offering","floor":10},{"not_picked":["Sword Boomerang","Clash"],"picked":"Body Slam","floor":12},{"not_picked":["Body Slam","Clash","Armaments"],"picked":"SKIP","floor":14},{"not_picked":["Fiend Fire","Feed"],"picked":"Impervious","floor":16},{"not_picked":["Twin Strike","Second Wind"],"picked":"Entrench","floor":18},{"not_picked":["Sentinel","Twin Strike","Armaments"],"picked":"Offering","floor":24},{"not_picked":["Heavy Blade","Cleave","Iron Wave+1"],"picked":"Metallicize+1","floor":25},{"not_picked":["Twin Strike+1","Flex","Whirlwind","Combust+1"],"picked":"SKIP","floor":27},{"not_picked":["Cleave","Twin Strike","Headbutt","True Grit"],"picked":"SKIP","floor":28},{"not_picked":["Headbutt","Evolve","Inflame"],"picked":"Dark Embrace","floor":29},{"not_picked":["Armaments","Burning Pact","Clothesline+1"],"picked":"Demon Form","floor":31},{"not_picked":["Havoc","Metallicize+1","Flex"],"picked":"Heavy Blade","floor":35},{"not_picked":["Whirlwind","Twin Strike+1","Clothesline","Wild Strike+1"],"picked":"SKIP","floor":36},{"not_picked":["Intimidate","Sever Soul+1","Cleave"],"picked":"Power Through+1","floor":37},{"not_picked":["Sever Soul","Twin Strike","Pummel"],"picked":"Shrug It Off","floor":38},{"not_picked":["Reckless Charge","Fire Breathing","Warcry"],"picked":"Reaper","floor":39},{"not_picked":["Cleave","Feel No Pain","Headbutt+1"],"picked":"Reaper","floor":39},{"not_picked":["Uppercut","Clothesline","Sword Boomerang","Perfected Strike"],"picked":"SKIP","floor":41},{"not_picked":["Body Slam","Spot Weakness","Iron Wave+1"],"picked":"Reaper","floor":42},{"not_picked":["Disarm","Flame Barrier+1","Whirlwind"],"picked":"Dual Wield+1","floor":44},{"not_picked":["Fire Breathing","Sentinel","Feel No Pain+1"],"picked":"Evolve","floor":45},{"not_picked":["Heavy Blade","Flex","Cleave"],"picked":"Shockwave+1","floor":46},{"not_picked":["Fiend Fire","Body Slam","Battle Trance","Thunderclap"],"picked":"SKIP","floor":47},{"not_picked":["Thunderclap","Perfected Strike","Evolve","Second Wind"],"picked":"SKIP","floor":48},{"not_picked":["Infernal Blade","Warcry+1","Clash","Body Slam"],"picked":"SKIP","floor":55}],"player_experience":3440958,"relics_obtained":[{"floor":6,"key":"Self Forming Clay"},{"floor":9,"key":"Dream Catcher"},{"floor":10,"key":"Toy Ornithopter"},{"floor":12,"key":"Tiny Chest"},{"floor":21,"key":"Question Card"},{"floor":24,"key":"Strawberry"},{"floor":28,"key":"Mercury Hourglass"},{"floor":31,"key":"CeramicFish"},{"floor":37,"key":"Pocketwatch"},{"floor":42,"key":"Boot"},{"floor":43,"key":"Smiling Mask"},{"floor":45,"key":"Calipers"},{"floor":48,"key":"Happy Flower"},{"floor":55,"key":"Akabeko"}],"event_choices":[{"damage_healed":0,"gold_gain":0,"cards_transformed":["Strike_R"],"player_choice":"Transformed","damage_taken":0,"max_hp_gain":0,"max_hp_loss":0,"event_name":"Transmorgrifier","floor":3,"gold_loss":0,"cards_obtained":["Reaper"]},{"damage_healed":0,"gold_gain":0,"player_choice":"Ignored","damage_taken":0,"max_hp_gain":0,"max_hp_loss":0,"event_name":"Vampires","floor":19,"gold_loss":0},{"damage_healed":0,"gold_gain":0,"player_choice":"Rummage","damage_taken":0,"relics_obtained":["WarpedTongs"],"max_hp_gain":0,"max_hp_loss":0,"event_name":"Accursed Blacksmith","floor":20,"gold_loss":0,"cards_obtained":["Pain"]},{"damage_healed":0,"gold_gain":0,"player_choice":"Fight","damage_taken":0,"max_hp_gain":0,"max_hp_loss":0,"event_name":"Mysterious Sphere","floor":37,"gold_loss":0}],"is_beta":true,"boss_relics":[{"not_picked":["Ectoplasm","Philosopher\u0027s Stone"],"picked":"Snecko Eye"},{"not_picked":["Cursed Key","SlaversCollar"],"picked":"Pandora\u0027s Box"}],"items_purged_floors":[13,22,30,39,54],"is_endless":false,"potions_floor_spawned":[5,8,10,12,27,29,33,35,37,38,42,44,46,55],"ascension_level":20}