{"gold_per_floor":[111,111,128,38,54,54,85,85,85,103,126,156,156,176,176,250,250,262,279,179,179,213,213,247,247,247,257,44,44,44,61,61,61],"floor_reached":33,"playtime":2892,"items_purged":["Strike_R"],"score":546,"play_id":"87d4c7d5-5aee-4604-9a36-a607eba9fdf0","local_time":"20210213221329","is_ascension_mode":true,"campfire_choices":[{"data":"Bludgeon","floor":6.0,"key":"SMITH"},{"data":"Bash","floor":8.0,"key":"SMITH"},{"data":"Combust","floor":13.0,"key":"SMITH"},{"data":"Corruption","floor":15.0,"key":"SMITH"},{"data":"Fiend Fire","floor":23,"key":"SMITH"},{"floor":25,"key":"REST"},{"data":"Dark Embrace","floor":30,"key":"SMITH"},{"floor":32,"key":"REST"}],"neow_cost":"NONE","seed_source_timestamp":71937807376100,"circlet_count":0,"master_deck":["AscendersBane","Strike_R","Strike_R","Strike_R","Strike_R","Defend_R","Defend_R","Defend_R","Defend_R","Bash+1","Headbutt","Clothesline","Bludgeon+1","Intimidate","Corruption+1","Combust+1","Feel No Pain","Fiend Fire+1","Shrug It Off","Power Through","Shrug It Off","Evolve","Seeing Red+1","Dark Embrace+1"],"special_seed":0,"relics":["Burning Blood","Nunchaku","TungstenRod","Mango","Odd Mushroom","Ancient Tea Set","Velvet Choker","Nilry\u0027s Codex","Red Mask","Bag of Preparation","PreservedInsect"],"potions_floor_usage":[22,22,31],"damage_taken":[{"damage":4.0,"enemies":"Jaw Worm","floor":1.0,"turns":6.0},{"damage":0.0,"enemies":"Small Slimes","floor":3.0,"turns":2.0},{"damage":6.0,"enemies":"2 Louse","floor":5.0,"turns":2.0},{"damage":30.0,"enemies":"Lagavulin","floor":7.0,"turns":6.0},{"damage":0.0,"enemies":"Large Slime","floor":10.0,"turns":4.0},{"damage":23.0,"enemies":"The Mushroom Lair","floor":11.0,"turns":5.0},{"damage":18.0,"enemies":"Gremlin Nob","floor":12.0,"turns":4.0},{"damage":7.0,"enemies":"2 Fungi Beasts","floor":14.0,"turns":5.0},{"damage":12.0,"enemies":"Slime Boss","floor":16.0,"turns":8.0},{"damage":19.0,"enemies":"Chosen","floor":18.0,"turns":4.0},{"damage":0,"enemies":"3 Byrds","floor":19,"turns":4},{"damage":20,"enemies":"Masked Bandits","floor":22,"turns":4},{"damage":27,"enemies":"Slavers","floor":24,"turns":6},{"damage":7,"enemies":"Snecko","floor":27,"turns":3},{"damage":5,"enemies":"Centurion and Healer","floor":31,"turns":7},{"damage":79,"enemies":"Automaton","floor":33,"turns":12}],"seed_played":"5286613990013841445","potions_obtained":[{"floor":3.0,"key":"SpeedPotion"},{"floor":12.0,"key":"Ancient Potion"},{"floor":14.0,"key":"Block Potion"},{"floor":19,"key":"DistilledChaos"},{"floor":24,"key":"Block Potion"}],"is_trial":false,"path_per_floor":["M","?","M","$","M","R","E","R","T","M","?","E","R","M","R","B",null,"M","M","$","?","?","R","E","R","T","M","$","?","R","M","R","B"],"character_chosen":"IRONCLAD","items_purchased":["Bludgeon","Shrug It Off","Dark Embrace","PreservedInsect"],"campfire_rested":2,"item_purchase_floors":[4,20,28,28],"current_hp_per_floor":[70,70,75,75,75,75,51,51,65,71,54,42,42,41,41,35,76,63,69,69,52,38,38,17,43,43,42,42,42,42,43,69,0],"gold":61,"neow_bonus":"RANDOM_COMMON_RELIC","is_prod":false,"is_daily":false,"chose_seed":false,"campfire_upgraded":6,"win_rate":0,"timestamp":1613283209,"path_taken":["M","?","M","$","M","R","E","R","T","M","?","E","R","M","R","BOSS","M","M","$","?","?","R","E","R","T","M","$","?","R","M","R","BOSS"],"build_version":"2020-12-18","purchased_purges":1,"victory":false,"max_hp_per_floor":[75,75,75,75,75,75,75,75,89,89,89,89,89,89,89,89,89,89,89,89,89,89,89,89,89,89,89,89,89,89,89,89,89],"relic_stats":{"Nunchaku":[12],"counters":[16,82],"PreservedInsect":0,"Bag of Preparation":[6],"obtain_stats":[{"Nunchaku":0,"Nilry\u0027s Codex":21,"Velvet Choker":17,"Mango":9,"PreservedInsect":28,"Red Mask":22,"Bag of Preparation":24,"Odd Mushroom":11,"Ancient Tea Set":12,"Burning Blood":0,"TungstenRod":7},{"Nunchaku":0,"Nilry\u0027s Codex":11,"Velvet Choker":9,"Mango":4,"PreservedInsect":14,"Red Mask":12,"Bag of Preparation":13,"Odd Mushroom":6,"Ancient Tea Set":7,"Burning Blood":0,"TungstenRod":4},{"Nunchaku":0,"Nilry\u0027s Codex":50,"Velvet Choker":42,"Mango":16,"PreservedInsect":63,"Red Mask":54,"Bag of Preparation":60,"Odd Mushroom":25,"Ancient Tea Set":29,"Burning Blood":0,"TungstenRod":16}],"Burning Blood":89,"TungstenRod":81},"card_choices":[{"not_picked":["Wild Strike","Reckless Charge"],"picked":"Headbutt","floor":1.0},{"not_picked":["Flex","Heavy Blade"],"picked":"Clothesline","floor":3.0},{"not_picked":["Body Slam","Wild Strike"],"picked":"Intimidate","floor":5.0},{"not_picked":["Entrench","Headbutt"],"picked":"Corruption","floor":7.0},{"not_picked":["Power Through","Headbutt"],"picked":"Combust","floor":10.0},{"not_picked":["Havoc","Sentinel"],"picked":"Feel No Pain","floor":11.0},{"not_picked":["Blood for Blood","Warcry","Fire Breathing"],"picked":"SKIP","floor":12.0},{"not_picked":["Clothesline","Blood for Blood","True Grit"],"picked":"SKIP","floor":14.0},{"not_picked":["Barricade","Reaper"],"picked":"Fiend Fire","floor":16.0},{"not_picked":["Clash","Burning Pact"],"picked":"Shrug It Off","floor":18.0},{"not_picked":["Anger","Warcry"],"picked":"Power Through","floor":19},{"not_picked":["Infernal Blade","Wild Strike+1"],"picked":"Evolve","floor":22},{"not_picked":["Iron Wave","Anger","Inflame"],"picked":"SKIP","floor":24},{"not_picked":["Disarm","Intimidate+1"],"picked":"Seeing Red+1","floor":27},{"not_picked":["Blood for Blood","Heavy Blade","Metallicize"],"picked":"SKIP","floor":31}],"player_experience":3326585,"relics_obtained":[{"floor":7.0,"key":"TungstenRod"},{"floor":9.0,"key":"Mango"},{"floor":11.0,"key":"Odd Mushroom"},{"floor":12.0,"key":"Ancient Tea Set"},{"floor":21,"key":"Nilry\u0027s Codex"},{"floor":22,"key":"Red Mask"},{"floor":24,"key":"Bag of Preparation"}],"event_choices":[{"damage_healed":0.0,"max_hp_gain":0.0,"max_hp_loss":0.0,"gold_gain":0.0,"event_name":"The Cleric","player_choice":"Leave","floor":2.0,"gold_loss":0.0,"damage_taken":0.0},{"damage_healed":0.0,"max_hp_gain":0.0,"max_hp_loss":0.0,"gold_gain":0.0,"event_name":"Mushrooms","player_choice":"Fought Mushrooms","floor":11.0,"gold_loss":0.0,"damage_taken":0.0},{"damage_healed":0,"gold_gain":0,"player_choice":"Obtained Book","damage_taken":21,"max_hp_gain":0,"max_hp_loss":0,"event_name":"Cursed Tome","floor":21,"gold_loss":0},{"damage_healed":0,"gold_gain":0,"player_choice":"Fought Bandits","damage_taken":0,"max_hp_gain":0,"max_hp_loss":0,"event_name":"Masked Bandits","floor":22,"gold_loss":0}],"is_beta":true,"boss_relics":[{"not_picked":["Coffee Dripper","Ectoplasm"],"picked":"Velvet Choker"}],"items_purged_floors":[20],"is_endless":false,"potions_floor_spawned":[3,12,14,19,24],"killed_by":"Automaton","ascension_level":20}