{"gold_per_floor":[115,125,139,56,56,56,67,94,94,94,106,125,150,163,163,239,239,251,251,262,18,18,28,60,92,92,126,126,140,55,69,69,143,143,158,169,169,185,185,213,213,248,248,275,285,285,297,297],"floor_reached":48,"playtime":7288,"items_purged":[],"score":1148,"play_id":"79125569-1f75-4270-adbc-06a9a1eda5c5","local_time":"20210212202335","is_ascension_mode":true,"campfire_choices":[{"data":"Clothesline","floor":6.0,"key":"SMITH"},{"data":"Fire Breathing","floor":10.0,"key":"SMITH"},{"data":"Evolve","floor":15.0,"key":"SMITH"},{"floor":28,"key":"REST"},{"data":"Flame Barrier","floor":32,"key":"SMITH"},{"floor":41,"key":"REST"},{"data":"Disarm","floor":46,"key":"SMITH"}],"neow_cost":"PERCENT_DAMAGE","seed_source_timestamp":148933780870700,"circlet_count":0,"master_deck":["AscendersBane","Strike_R","Defend_R","Defend_R","Defend_R","Bash+1","Clothesline+1","Evolve+1","Pommel Strike","Feel No Pain","Power Through","Fire Breathing+1","Hemokinesis","Offering","Flame Barrier+1","Dark Embrace","Metallicize","Havoc+1","Reckless Charge+1","Exhume","Power Through+1","Dark Embrace+1","Immolate","Disarm+1"],"special_seed":0,"relics":["Burning Blood","Oddly Smooth Stone","Bird Faced Urn","Velvet Choker","Toolbox","Nilry\u0027s Codex","Regal Pillow","Red Mask","Pear","Pantograph","StrikeDummy","Empty Cage","Girya","Toy Ornithopter","Shuriken","Eternal Feather"],"potions_floor_usage":[40,40,42,44],"damage_taken":[{"damage":0.0,"enemies":"Cultist","floor":1.0,"turns":4.0},{"damage":7.0,"enemies":"Small Slimes","floor":2.0,"turns":3.0},{"damage":1.0,"enemies":"2 Louse","floor":3.0,"turns":4.0},{"damage":17.0,"enemies":"Exordium Thugs","floor":7.0,"turns":6.0},{"damage":19.0,"enemies":"Lagavulin","floor":8.0,"turns":8.0},{"damage":2.0,"enemies":"2 Fungi Beasts","floor":11.0,"turns":3.0},{"damage":10.0,"enemies":"Large Slime","floor":12.0,"turns":5.0},{"damage":27.0,"enemies":"3 Sentries","floor":13.0,"turns":5.0},{"damage":2.0,"enemies":"Looter","floor":14.0,"turns":3.0},{"damage":12.0,"enemies":"Hexaghost","floor":16.0,"turns":8.0},{"damage":28.0,"enemies":"3 Byrds","floor":18.0,"turns":6.0},{"damage":27.0,"enemies":"2 Thieves","floor":20.0,"turns":5.0},{"damage":18.0,"enemies":"Snake Plant","floor":23.0,"turns":37.0},{"damage":46.0,"enemies":"Slavers","floor":24.0,"turns":5.0},{"damage":44.0,"enemies":"Masked Bandits","floor":25.0,"turns":5.0},{"damage":18,"enemies":"Book of Stabbing","floor":27,"turns":6},{"damage":25,"enemies":"Shelled Parasite and Fungi","floor":29,"turns":8},{"damage":9,"enemies":"3 Cultists","floor":31,"turns":4},{"damage":43,"enemies":"Collector","floor":33,"turns":12},{"damage":15,"enemies":"Orb Walker","floor":35,"turns":4},{"damage":7,"enemies":"3 Shapes","floor":36,"turns":3},{"damage":30,"enemies":"Jaw Worm Horde","floor":38,"turns":6},{"damage":88,"enemies":"Reptomancer","floor":40,"turns":6},{"damage":43,"enemies":"Giant Head","floor":42,"turns":8},{"damage":9,"enemies":"Nemesis","floor":44,"turns":7},{"damage":15,"enemies":"Writhing Mass","floor":45,"turns":8},{"damage":56,"enemies":"Spire Growth","floor":47,"turns":7},{"damage":64,"enemies":"Giant Head","floor":48,"turns":8}],"seed_played":"-7754697642114928756","potions_obtained":[{"floor":7.0,"key":"Energy Potion"},{"floor":11.0,"key":"Weak Potion"},{"floor":14.0,"key":"ColorlessPotion"},{"floor":16.0,"key":"DuplicationPotion"},{"floor":18.0,"key":"DuplicationPotion"},{"floor":24.0,"key":"EssenceOfSteel"},{"floor":33,"key":"BloodPotion"},{"floor":35,"key":"Ancient Potion"},{"floor":38,"key":"SkillPotion"},{"floor":40,"key":"ColorlessPotion"},{"floor":42,"key":"Regen Potion"}],"is_trial":false,"path_per_floor":["M","M","M","$","?","R","M","E","T","R","M","M","E","M","R","B",null,"M","?","M","$","?","M","E","?","T","E","R","M","?","M","R","B",null,"M","M","?","M","?","E","R","E","T","E","M","R","M","E"],"character_chosen":"IRONCLAD","items_purchased":["DuplicationPotion","Metallicize","Toolbox"],"campfire_rested":2,"item_purchase_floors":[4,21,21],"current_hp_per_floor":[56,55,60,60,60,60,49,36,36,36,40,36,15,19,19,19,61,45,75,56,56,35,73,41,13,23,21,61,54,54,59,59,58,78,79,85,81,65,65,11,50,29,29,56,65,77,39,0],"gold":297,"neow_bonus":"TRANSFORM_TWO_CARDS","is_prod":false,"is_daily":false,"chose_seed":false,"campfire_upgraded":5,"win_rate":0,"timestamp":1613190215,"path_taken":["M","M","?","$","?","R","M","E","T","R","?","M","E","M","R","BOSS","M","?","?","$","?","M","E","?","T","E","R","M","?","M","R","BOSS","M","M","?","M","?","E","R","E","T","E","?","R","?","E"],"build_version":"2020-12-18","purchased_purges":0,"victory":false,"max_hp_per_floor":[75,75,75,75,75,75,75,75,75,75,75,75,75,75,75,75,75,75,75,75,75,75,75,75,75,85,85,85,85,85,85,85,85,85,85,85,81,81,81,81,81,81,81,81,81,81,81,81],"relic_stats":{"Regal Pillow":30,"counters":[28,194],"Shuriken":[2],"Bird Faced Urn":[232],"Pantograph":25,"Eternal Feather":12,"obtain_stats":[{"Girya":40,"Regal Pillow":24,"Pear":26,"Nilry\u0027s Codex":22,"Oddly Smooth Stone":8,"Velvet Choker":17,"Eternal Feather":44,"Empty Cage":34,"Burning Blood":0,"Shuriken":43,"Bird Faced Urn":13,"Pantograph":27,"Toolbox":21,"Red Mask":25,"StrikeDummy":30,"Toy Ornithopter":42},{"Girya":23,"Regal Pillow":14,"Pear":15,"Nilry\u0027s Codex":12,"Oddly Smooth Stone":5,"Velvet Choker":10,"Eternal Feather":25,"Empty Cage":19,"Burning Blood":0,"Shuriken":24,"Bird Faced Urn":8,"Pantograph":16,"Toolbox":12,"Red Mask":15,"StrikeDummy":17,"Toy Ornithopter":24},{"Girya":156,"Regal Pillow":102,"Pear":107,"Nilry\u0027s Codex":60,"Oddly Smooth Stone":25,"Velvet Choker":49,"Eternal Feather":171,"Empty Cage":137,"Burning Blood":0,"Shuriken":164,"Bird Faced Urn":38,"Pantograph":113,"Toolbox":60,"Red Mask":107,"StrikeDummy":121,"Toy Ornithopter":164}],"Burning Blood":162,"Toy Ornithopter":5},"card_choices":[{"not_picked":["Clash","Anger"],"picked":"Pommel Strike","floor":1.0},{"not_picked":["Flex","Iron Wave"],"picked":"Feel No Pain","floor":2.0},{"not_picked":["Pommel Strike","Cleave"],"picked":"Power Through","floor":3.0},{"not_picked":["Ghostly Armor","Sentinel"],"picked":"Fire Breathing","floor":7.0},{"not_picked":["Wild Strike","Clash"],"picked":"Hemokinesis","floor":8.0},{"not_picked":["Uppercut","Entrench","Cleave"],"picked":"SKIP","floor":11.0},{"not_picked":["Inflame","Clash","Iron Wave"],"picked":"SKIP","floor":12.0},{"not_picked":["Demon Form","Thunderclap","Blood for Blood"],"picked":"SKIP","floor":13.0},{"not_picked":["Body Slam","Twin Strike","Clash"],"picked":"SKIP","floor":14.0},{"not_picked":["Berserk","Reaper"],"picked":"Offering","floor":16.0},{"not_picked":["Sword Boomerang","Dark Embrace"],"picked":"Flame Barrier","floor":18.0},{"not_picked":["Flex","Flame Barrier"],"picked":"Dark Embrace","floor":20.0},{"not_picked":["Warcry","Sword Boomerang"],"picked":"Havoc+1","floor":23.0},{"not_picked":["Headbutt","Havoc","Clash"],"picked":"SKIP","floor":24.0},{"not_picked":["Pommel Strike","Sever Soul"],"picked":"Reckless Charge+1","floor":27},{"not_picked":["True Grit","Perfected Strike","Brutality"],"picked":"SKIP","floor":29},{"not_picked":["Cleave+1","Twin Strike","Uppercut"],"picked":"SKIP","floor":31},{"not_picked":["Double Tap","Corruption"],"picked":"Exhume","floor":33},{"not_picked":["Body Slam","Sever Soul+1","Heavy Blade+1"],"picked":"SKIP","floor":35},{"not_picked":["Clothesline+1","Heavy Blade"],"picked":"Power Through+1","floor":36},{"not_picked":["Clash","Flex+1"],"picked":"Dark Embrace+1","floor":38},{"not_picked":["Corruption","Pommel Strike"],"picked":"Immolate","floor":40},{"not_picked":["Headbutt","Sever Soul","Cleave"],"picked":"SKIP","floor":42},{"not_picked":["Wild Strike+1","True Grit"],"picked":"Disarm","floor":44},{"not_picked":["Spot Weakness+1","Feel No Pain","Body Slam"],"picked":"SKIP","floor":45},{"not_picked":["Blood for Blood","Sentinel","Thunderclap+1"],"picked":"SKIP","floor":47}],"player_experience":3297964,"relics_obtained":[{"floor":8.0,"key":"Oddly Smooth Stone"},{"floor":13.0,"key":"Bird Faced Urn"},{"floor":22.0,"key":"Nilry\u0027s Codex"},{"floor":24.0,"key":"Regal Pillow"},{"floor":25.0,"key":"Red Mask"},{"floor":26.0,"key":"Pear"},{"floor":27,"key":"Pantograph"},{"floor":40,"key":"Girya"},{"floor":42,"key":"Toy Ornithopter"},{"floor":43,"key":"Shuriken"},{"floor":44,"key":"Eternal Feather"}],"event_choices":[{"damage_healed":0.0,"max_hp_gain":0.0,"max_hp_loss":0.0,"gold_gain":0.0,"event_name":"Upgrade Shrine","player_choice":"Upgraded","floor":5.0,"gold_loss":0.0,"damage_taken":0.0,"cards_upgraded":["Bash"]},{"damage_healed":30.0,"max_hp_gain":0.0,"max_hp_loss":0.0,"gold_gain":0.0,"event_name":"Wheel of Change","player_choice":"Full Heal","floor":19.0,"gold_loss":0.0,"damage_taken":0.0},{"damage_healed":0.0,"max_hp_gain":0.0,"max_hp_loss":0.0,"gold_gain":0.0,"event_name":"Cursed Tome","player_choice":"Obtained Book","floor":22.0,"gold_loss":0.0,"damage_taken":21.0},{"damage_healed":0.0,"max_hp_gain":0.0,"max_hp_loss":0.0,"gold_gain":0.0,"event_name":"Masked Bandits","player_choice":"Fought Bandits","floor":25.0,"gold_loss":0.0,"damage_taken":0.0},{"damage_healed":0,"gold_gain":0,"player_choice":"Obtained Relic","damage_taken":0,"relics_obtained":["StrikeDummy"],"max_hp_gain":0,"max_hp_loss":0,"event_name":"Addict","floor":30,"gold_loss":85},{"damage_healed":0,"gold_gain":0,"player_choice":"Max HP","damage_taken":0,"max_hp_gain":0,"max_hp_loss":4,"event_name":"Winding Halls","floor":37,"gold_loss":0},{"cards_removed":["Defend_R"],"damage_healed":0,"gold_gain":0,"player_choice":"Removed Skill","damage_taken":0,"max_hp_gain":0,"max_hp_loss":0,"event_name":"Falling","floor":39,"gold_loss":0}],"is_beta":true,"boss_relics":[{"not_picked":["Fusion Hammer","Runic Pyramid"],"picked":"Velvet Choker"},{"not_picked":["Busted Crown","SacredBark"],"picked":"Empty Cage"}],"items_purged_floors":[],"is_endless":false,"potions_floor_spawned":[7,11,14,16,18,24,33,35,38,40,42],"killed_by":"Giant Head","ascension_level":20}