{"gold_per_floor":[111,125,135,105,116,116,131,159,159,159,73,73,103,120,120,199,199,219,239,257,277,277,277,309,4,29,29,54,54,64,64],"floor_reached":31,"playtime":2147,"items_purged":[],"score":574,"play_id":"485fdc50-dee9-4d7b-b2fe-8fae6ae6b769","local_time":"20210219230438","is_ascension_mode":true,"campfire_choices":[{"data":"Bash","floor":6,"key":"SMITH"},{"data":"Whirlwind","floor":10,"key":"SMITH"},{"data":"Combust","floor":12,"key":"SMITH"},{"data":"Fiend Fire","floor":15,"key":"SMITH"},{"data":"Rupture","floor":23,"key":"SMITH"},{"floor":27,"key":"REST"}],"neow_cost":"NONE","seed_source_timestamp":594231356111300,"circlet_count":0,"master_deck":["AscendersBane","Strike_R","Strike_R","Strike_R","Strike_R","Defend_R","Defend_R","Defend_R","Bash+1","Flame Barrier","Pommel Strike","Whirlwind+1","Combust+1","Fiend Fire+1","Anger","Impervious","Rupture+1","Inflame","Sword Boomerang","Spot Weakness+1"],"relics":["Burning Blood","Orichalcum","Mummified Hand","Blood Vial","Empty Cage","Question Card","ClockworkSouvenir","Omamori","Gremlin Horn"],"potions_floor_usage":[7,8,8,21,24,31,31],"damage_taken":[{"damage":0,"enemies":"Cultist","floor":1,"turns":3},{"damage":5,"enemies":"Jaw Worm","floor":2,"turns":5},{"damage":1,"enemies":"2 Louse","floor":3,"turns":4},{"damage":27,"enemies":"Gremlin Gang","floor":5,"turns":7},{"damage":5,"enemies":"Looter","floor":7,"turns":2},{"damage":12,"enemies":"Gremlin Nob","floor":8,"turns":4},{"damage":19,"enemies":"3 Sentries","floor":13,"turns":5},{"damage":7,"enemies":"Red Slaver","floor":14,"turns":3},{"damage":38,"enemies":"Slime Boss","floor":16,"turns":7},{"damage":5,"enemies":"Spheric Guardian","floor":18,"turns":4},{"damage":15,"enemies":"Chosen","floor":19,"turns":4},{"damage":18,"enemies":"3 Cultists","floor":20,"turns":4},{"damage":8,"enemies":"Snake Plant","floor":21,"turns":2},{"damage":14,"enemies":"Gremlin Leader","floor":24,"turns":4},{"damage":46,"enemies":"Slavers","floor":28,"turns":4},{"damage":8,"enemies":"Centurion and Healer","floor":30,"turns":5},{"damage":33,"enemies":"Book of Stabbing","floor":31,"turns":3}],"seed_played":"2465254027765656252","potions_obtained":[{"floor":1,"key":"BloodPotion"},{"floor":2,"key":"Block Potion"},{"floor":4,"key":"PowerPotion"},{"floor":7,"key":"Weak Potion"},{"floor":8,"key":"Dexterity Potion"},{"floor":16,"key":"SmokeBomb"},{"floor":19,"key":"SkillPotion"},{"floor":28,"key":"PowerPotion"},{"floor":29,"key":"Fire Potion"}],"is_trial":false,"path_per_floor":["M","M","M","?","M","R","M","E","T","R","$","R","E","M","R","B",null,"M","M","M","M","?","R","E","$","T","R","E","?","M","E"],"character_chosen":"IRONCLAD","items_purchased":["Combust","Inflame","ClockworkSouvenir","Explosive Potion"],"campfire_rested":1,"item_purchase_floors":[11,25,25,25],"current_hp_per_floor":[74,75,75,75,54,54,70,64,64,64,64,64,51,52,52,22,62,65,58,48,48,48,48,42,42,42,64,26,26,26,0],"gold":64,"neow_bonus":"RANDOM_COMMON_RELIC","is_prod":false,"is_daily":false,"chose_seed":false,"campfire_upgraded":5,"win_rate":0,"timestamp":1613804678,"path_taken":["M","M","?","?","M","R","M","E","T","R","$","R","E","M","R","BOSS","M","?","M","M","?","R","E","$","T","R","E","?","?","E"],"build_version":"2020-12-18","purchased_purges":0,"victory":false,"max_hp_per_floor":[75,75,75,75,75,75,75,75,75,75,75,75,75,75,75,75,75,75,75,75,75,75,75,75,75,75,75,75,75,75,75],"relic_stats":{"Blood Vial":20,"Gremlin Horn":[1,1],"counters":[17,70],"Mummified Hand":[24],"Orichalcum":[204],"Question Card":2,"obtain_stats":[{"Blood Vial":13,"Gremlin Horn":28,"Mummified Hand":8,"Omamori":26,"Orichalcum":0,"Empty Cage":17,"Question Card":24,"Burning Blood":0,"ClockworkSouvenir":25},{"Blood Vial":7,"Gremlin Horn":15,"Mummified Hand":6,"Omamori":14,"Orichalcum":0,"Empty Cage":9,"Question Card":14,"Burning Blood":0,"ClockworkSouvenir":14},{"Blood Vial":30,"Gremlin Horn":62,"Mummified Hand":25,"Omamori":58,"Orichalcum":0,"Empty Cage":40,"Question Card":58,"Burning Blood":0,"ClockworkSouvenir":58}],"Burning Blood":91},"card_choices":[{"not_picked":["Shrug It Off","Sentinel"],"picked":"Flame Barrier","floor":1},{"not_picked":["Havoc","Sentinel","Sword Boomerang"],"picked":"SKIP","floor":2},{"not_picked":["Entrench","Iron Wave","Spot Weakness"],"picked":"SKIP","floor":3},{"not_picked":["Spot Weakness","True Grit"],"picked":"Pommel Strike","floor":5},{"not_picked":["True Grit","Disarm","Body Slam"],"picked":"SKIP","floor":7},{"not_picked":["Second Wind","Reckless Charge"],"picked":"Whirlwind","floor":8},{"not_picked":["Dropkick","Clothesline"],"picked":"Fiend Fire","floor":13},{"not_picked":["Dropkick","Power Through"],"picked":"Anger","floor":14},{"not_picked":["Reaper","Fiend Fire"],"picked":"Impervious","floor":16},{"not_picked":["Havoc","Anger","Cleave"],"picked":"SKIP","floor":18},{"not_picked":["Clothesline","Heavy Blade","Infernal Blade"],"picked":"SKIP","floor":19},{"not_picked":["Iron Wave","Warcry","Anger"],"picked":"SKIP","floor":20},{"not_picked":["Second Wind","Hemokinesis"],"picked":"Rupture","floor":21},{"not_picked":["Clothesline","Heavy Blade","Flex"],"picked":"SKIP","floor":24},{"not_picked":["Rupture","Warcry","Thunderclap"],"picked":"Sword Boomerang","floor":28},{"not_picked":["Sentinel+1","Headbutt","Body Slam"],"picked":"Spot Weakness+1","floor":30}],"player_experience":3422975,"relics_obtained":[{"floor":8,"key":"Mummified Hand"},{"floor":13,"key":"Blood Vial"},{"floor":24,"key":"Question Card"},{"floor":26,"key":"Omamori"},{"floor":28,"key":"Gremlin Horn"}],"event_choices":[{"damage_healed":0,"gold_gain":0,"player_choice":"Bought 2 Potions","damage_taken":0,"max_hp_gain":0,"max_hp_loss":0,"event_name":"The Woman in Blue","floor":4,"gold_loss":0},{"damage_healed":0,"gold_gain":0,"player_choice":"Got Potions","damage_taken":0,"max_hp_gain":0,"max_hp_loss":0,"event_name":"Lab","floor":29,"gold_loss":0}],"is_beta":true,"boss_relics":[{"not_picked":["Runic Dome","Runic Cube"],"picked":"Empty Cage"}],"items_purged_floors":[],"is_endless":false,"potions_floor_spawned":[1,2,7,8,16,19,20,28],"killed_by":"Book of Stabbing","ascension_level":20}