{"gold_per_floor":[109,109,55,75,128,128,163,163,163,179,205,205,236,236,236,311,311,322,357,67,77,77,110,10,345,393,424,424,438,458,483,483,554,554,566,582,582,582,595,621,621,646,700,700,727,738,748,165,165,165,165],"floor_reached":51,"playtime":4485,"items_purged":["Strike_R","Strike_R","Clumsy"],"score":1783,"play_id":"260de66d-d42a-473f-ae25-8a13255cb63e","local_time":"20210217232511","is_ascension_mode":true,"campfire_choices":[{"data":"Perfected Strike","floor":6,"key":"SMITH"},{"data":"Hemokinesis","floor":8,"key":"SMITH"},{"data":"Armaments","floor":12,"key":"SMITH"},{"data":"Bash","floor":15,"key":"SMITH"},{"floor":28,"key":"REST"},{"floor":32,"key":"REST"},{"floor":41,"key":"RECALL"},{"data":"True Grit","floor":44,"key":"SMITH"},{"data":"PanicButton","floor":49,"key":"SMITH"}],"neow_cost":"NONE","seed_source_timestamp":420328262037500,"circlet_count":0,"master_deck":["AscendersBane","Strike_R","Strike_R","Strike_R","Defend_R","Defend_R","Defend_R","Defend_R","Bash+1","Perfected Strike+1","Armaments+1","Hemokinesis+1","Reaper","Pommel Strike","Offering","Intimidate","Dark Shackles","True Grit+1","Berserk","Blood for Blood+1","Shrug It Off+1","Sentinel+1","Shrug It Off","Berserk","Rupture+1","Armaments+1","PanicButton+1","True Grit"],"relics":["Burning Blood","NeowsBlessing","Red Skull","Boot","InkBottle","Shuriken","Lantern","PreservedInsect","Runic Pyramid","Red Mask","Pocketwatch","Old Coin","Regal Pillow","Smiling Mask","Art of War","Cursed Key","Molten Egg 2","Vajra","Pantograph","Membership Card","Paper Frog","Self Forming Clay"],"potions_floor_usage":[11,16,19,20,21,23,25,33,45,50,51],"damage_taken":[{"damage":0,"enemies":"Small Slimes","floor":1,"turns":1},{"damage":0,"enemies":"Jaw Worm","floor":4,"turns":1},{"damage":0,"enemies":"3 Sentries","floor":7,"turns":2},{"damage":2,"enemies":"2 Louse","floor":10,"turns":1},{"damage":2,"enemies":"Gremlin Nob","floor":11,"turns":2},{"damage":26,"enemies":"Lagavulin","floor":13,"turns":7},{"damage":44,"enemies":"Hexaghost","floor":16,"turns":7},{"damage":10,"enemies":"Chosen","floor":18,"turns":4},{"damage":27,"enemies":"Masked Bandits","floor":19,"turns":4},{"damage":15,"enemies":"3 Byrds","floor":21,"turns":7},{"damage":28,"enemies":"Book of Stabbing","floor":23,"turns":4},{"damage":15,"enemies":"Slavers","floor":25,"turns":4},{"damage":12,"enemies":"Book of Stabbing","floor":27,"turns":4},{"damage":8,"enemies":"Centurion and Healer","floor":29,"turns":7},{"damage":2,"enemies":"Snake Plant","floor":30,"turns":2},{"damage":43,"enemies":"Slavers","floor":31,"turns":6},{"damage":41,"enemies":"Champ","floor":33,"turns":19},{"damage":8,"enemies":"Orb Walker","floor":35,"turns":2},{"damage":20,"enemies":"3 Darklings","floor":36,"turns":6},{"damage":31,"enemies":"Jaw Worm Horde","floor":39,"turns":5},{"damage":20,"enemies":"Reptomancer","floor":40,"turns":5},{"damage":8,"enemies":"Nemesis","floor":42,"turns":5},{"damage":10,"enemies":"Giant Head","floor":45,"turns":5},{"damage":44,"enemies":"Maw","floor":46,"turns":7},{"damage":17,"enemies":"3 Darklings","floor":47,"turns":4},{"damage":96,"enemies":"Awakened One","floor":50,"turns":14},{"damage":80,"enemies":"Donu and Deca","floor":51,"turns":9}],"seed_played":"-2441937504711095221","potions_obtained":[{"floor":7,"key":"Dexterity Potion"},{"floor":10,"key":"PowerPotion"},{"floor":13,"key":"BloodPotion"},{"floor":18,"key":"SkillPotion"},{"floor":19,"key":"SneckoOil"},{"floor":21,"key":"SkillPotion"},{"floor":27,"key":"Strength Potion"},{"floor":33,"key":"DistilledChaos"},{"floor":39,"key":"FearPotion"},{"floor":40,"key":"SkillPotion"},{"floor":47,"key":"Block Potion"}],"is_trial":false,"path_per_floor":["M","?","$","M","T","R","E","R","T","M","E","R","E","T","R","B",null,"M","?","$","M","?","E","$","E","T","E","R","M","M","E","R","B",null,"M","M","T","?","M","E","R","E","T","R","E","M","M","$","R","B","B"],"character_chosen":"IRONCLAD","items_purchased":["AttackPotion","Dark Shackles","True Grit","AttackPotion","Membership Card","Paper Frog","Self Forming Clay","PowerPotion","PanicButton","True Grit"],"campfire_rested":2,"item_purchase_floors":[3,20,20,20,48,48,48,48,48,48],"current_hp_per_floor":[74,74,74,75,75,75,75,75,75,75,75,75,55,55,55,17,61,64,53,68,72,51,37,37,40,40,41,80,80,80,58,80,56,74,72,74,74,74,63,78,78,80,80,80,80,67,76,76,76,14,0],"gold":165,"neow_bonus":"THREE_ENEMY_KILL","is_prod":false,"is_daily":false,"chose_seed":false,"campfire_upgraded":6,"win_rate":0,"timestamp":1613633111,"path_taken":["M","?","$","M","?","R","E","R","T","M","E","R","E","?","R","BOSS","M","?","$","M","?","E","?","E","T","E","R","M","M","E","R","BOSS","M","?","?","?","M","E","R","E","T","R","E","?","M","$","R","BOSS","BOSS"],"build_version":"2020-12-18","purchased_purges":3,"victory":false,"max_hp_per_floor":[75,75,75,75,75,75,75,75,75,75,75,75,75,75,75,75,75,75,75,75,75,80,80,80,80,80,80,80,80,80,80,80,80,80,80,80,80,80,80,80,80,80,80,80,80,80,80,80,80,80,80],"relic_stats":{"Regal Pillow":15,"counters":[27,144],"Self Forming Clay":[63],"PreservedInsect":408,"Boot":[35],"Smiling Mask":13,"Cursed Key":1,"Burning Blood":117,"Shuriken":[47],"Pantograph":29,"Art of War":[11],"obtain_stats":[{"Lantern":13,"Regal Pillow":26,"NeowsBlessing":0,"Self Forming Clay":48,"Vajra":42,"PreservedInsect":14,"Boot":7,"Smiling Mask":27,"Cursed Key":34,"Burning Blood":0,"Old Coin":25,"Shuriken":11,"Pantograph":45,"Molten Egg 2":38,"Red Mask":19,"Art of War":31,"Membership Card":48,"Red Skull":5,"InkBottle":9,"Runic Pyramid":17,"Pocketwatch":23,"Paper Frog":48},{"Lantern":6,"Regal Pillow":12,"NeowsBlessing":0,"Self Forming Clay":25,"Vajra":22,"PreservedInsect":6,"Boot":3,"Smiling Mask":13,"Cursed Key":17,"Burning Blood":0,"Old Coin":12,"Shuriken":5,"Pantograph":23,"Molten Egg 2":19,"Red Mask":9,"Art of War":16,"Membership Card":25,"Red Skull":2,"InkBottle":3,"Runic Pyramid":7,"Pocketwatch":11,"Paper Frog":25},{"Lantern":14,"Regal Pillow":44,"NeowsBlessing":0,"Self Forming Clay":121,"Vajra":105,"PreservedInsect":14,"Boot":4,"Smiling Mask":48,"Cursed Key":82,"Burning Blood":0,"Old Coin":44,"Shuriken":7,"Pantograph":110,"Molten Egg 2":90,"Red Mask":29,"Art of War":63,"Membership Card":121,"Red Skull":2,"InkBottle":4,"Runic Pyramid":21,"Pocketwatch":40,"Paper Frog":121}],"InkBottle":[58],"Pocketwatch":[18]},"card_choices":[{"not_picked":["Body Slam","Shrug It Off"],"picked":"Perfected Strike","floor":1},{"not_picked":["Cleave","Thunderclap"],"picked":"Armaments","floor":4},{"not_picked":["Cleave","Burning Pact"],"picked":"Hemokinesis","floor":7},{"not_picked":["Warcry","Body Slam"],"picked":"Reaper","floor":10},{"not_picked":["Flex","Power Through"],"picked":"Pommel Strike","floor":11},{"not_picked":["Thunderclap","Pommel Strike","Headbutt"],"picked":"SKIP","floor":13},{"not_picked":["Exhume","Juggernaut"],"picked":"Offering","floor":16},{"not_picked":["Shrug It Off","Flex"],"picked":"Intimidate","floor":18},{"not_picked":["Thunderclap","Headbutt"],"picked":"Berserk","floor":21},{"not_picked":["Hemokinesis","Whirlwind"],"picked":"Blood for Blood+1","floor":23},{"not_picked":["Iron Wave","Twin Strike"],"picked":"Shrug It Off+1","floor":25},{"not_picked":["Headbutt","Rampage","Sword Boomerang"],"picked":"SKIP","floor":27},{"not_picked":["Anger","Fire Breathing+1"],"picked":"Sentinel+1","floor":29},{"not_picked":["Clash","Pommel Strike","Warcry"],"picked":"SKIP","floor":30},{"not_picked":["Juggernaut","Entrench"],"picked":"Shrug It Off","floor":31},{"not_picked":["Offering","Impervious"],"picked":"Berserk","floor":33},{"not_picked":["Combust","Sever Soul","Anger"],"picked":"SKIP","floor":35},{"not_picked":["Thunderclap","Ghostly Armor"],"picked":"Rupture+1","floor":36},{"not_picked":["Sever Soul+1","Clothesline+1","Reckless Charge+1"],"picked":"SKIP","floor":39},{"not_picked":["Rampage+1","Reckless Charge+1","Anger+1"],"picked":"SKIP","floor":40},{"not_picked":["Headbutt+1","Clash+1","Juggernaut"],"picked":"SKIP","floor":42},{"not_picked":["Pommel Strike+1","Headbutt+1"],"picked":"Armaments+1","floor":45},{"not_picked":["Thunderclap+1","Armaments+1","Twin Strike+1"],"picked":"SKIP","floor":46},{"not_picked":["Clothesline+1","Bloodletting","Dropkick+1"],"picked":"SKIP","floor":47}],"player_experience":3394828,"relics_obtained":[{"floor":5,"key":"Red Skull"},{"floor":7,"key":"Boot"},{"floor":9,"key":"InkBottle"},{"floor":11,"key":"Shuriken"},{"floor":13,"key":"Lantern"},{"floor":14,"key":"PreservedInsect"},{"floor":19,"key":"Red Mask"},{"floor":23,"key":"Pocketwatch"},{"floor":25,"key":"Old Coin"},{"floor":26,"key":"Regal Pillow"},{"floor":27,"key":"Smiling Mask"},{"floor":31,"key":"Art of War"},{"floor":42,"key":"Vajra"},{"floor":45,"key":"Pantograph"}],"event_choices":[{"damage_healed":0,"gold_gain":0,"player_choice":"Leave","damage_taken":0,"max_hp_gain":0,"max_hp_loss":0,"event_name":"The Cleric","floor":2,"gold_loss":0},{"damage_healed":0,"gold_gain":0,"player_choice":"Fought Bandits","damage_taken":0,"max_hp_gain":0,"max_hp_loss":0,"event_name":"Masked Bandits","floor":19,"gold_loss":0},{"damage_healed":0,"gold_gain":0,"player_choice":"Shed Blood","damage_taken":26,"max_hp_gain":5,"max_hp_loss":0,"event_name":"Forgotten Altar","floor":22,"gold_loss":0},{"damage_healed":0,"gold_gain":0,"player_choice":"Gave Potion","damage_taken":0,"relics_obtained":["Molten Egg 2"],"max_hp_gain":0,"max_hp_loss":0,"event_name":"WeMeetAgain","floor":38,"gold_loss":0}],"is_beta":true,"boss_relics":[{"not_picked":["Runic Cube","SacredBark"],"picked":"Runic Pyramid"},{"not_picked":["Empty Cage","Busted Crown"],"picked":"Cursed Key"}],"items_purged_floors":[20,24,48],"is_endless":false,"potions_floor_spawned":[7,10,13,18,19,21,27,33,39,40,42,47],"killed_by":"Donu and Deca","ascension_level":20}