{"gold_per_floor":[111,122,138,138,138,172,196,196,273,348,81,105,143,161,161,257,257,281,281,153,168,168,168,168,168,168,168,193,193,237,260,260,349,349,364,379,379,164,184,184,225,225,225,239,264,264,299,322,322,322,322,322,322,4,40,40],"floor_reached":56,"playtime":3969,"items_purged":["Strike_R","Strike_R","Strike_R"],"score":2399,"play_id":"efe0e6e4-b597-4df3-b3be-7d5b008ef3c1","local_time":"20210219205327","is_ascension_mode":true,"campfire_choices":[{"data":"Spot Weakness","floor":8.0,"key":"SMITH"},{"floor":15.0,"key":"REST"},{"data":"Fiend Fire","floor":23.0,"key":"SMITH"},{"data":"Corruption","floor":25.0,"key":"SMITH"},{"data":"Heavy Blade","floor":27.0,"key":"SMITH"},{"data":"Shrug It Off","floor":29.0,"key":"SMITH"},{"data":"Defend_R","floor":32.0,"key":"SMITH"},{"floor":40.0,"key":"RECALL"},{"floor":46.0,"key":"REST"},{"floor":49.0,"key":"REST"},{"floor":53.0,"key":"REST"}],"neow_cost":"NONE","seed_source_timestamp":584458474102700,"circlet_count":0,"master_deck":["AscendersBane","Strike_R","Strike_R","Defend_R","Defend_R","Defend_R","Defend_R+1","Bash","Spot Weakness+1","Shrug It Off+1","Heavy Blade+1","Seeing Red","Twin Strike","Spot Weakness+1","Fiend Fire+1","Battle Trance+1","Limit Break+1","True Grit+1","Flame Barrier+1","Armaments+1","Corruption+1","Battle Trance+1","Shockwave+1","Flex+1","Evolve+1","Shrug It Off+1","Shrug It Off+1","Disarm+1","Shrug It Off+1","Secret Technique+1"],"special_seed":0,"relics":["Burning Blood","Golden Idol","Pocketwatch","Smiling Mask","Toxic Egg 2","Mercury Hourglass","Philosopher\u0027s Stone","Blue Candle","Regal Pillow","Blood Vial","SlaversCollar","Orrery","Mummified Hand","Paper Frog","Torii"],"potions_floor_usage":[56,56],"damage_taken":[{"damage":11.0,"enemies":"Jaw Worm","floor":1.0,"turns":5.0},{"damage":14.0,"enemies":"2 Louse","floor":2.0,"turns":3.0},{"damage":1.0,"enemies":"Cultist","floor":3.0,"turns":4.0},{"damage":16.0,"enemies":"Lagavulin","floor":6.0,"turns":6.0},{"damage":22.0,"enemies":"Exordium Thugs","floor":7.0,"turns":6.0},{"damage":2.0,"enemies":"Large Slime","floor":12.0,"turns":5.0},{"damage":10.0,"enemies":"3 Sentries","floor":13.0,"turns":6.0},{"damage":15.0,"enemies":"3 Louse","floor":14.0,"turns":3.0},{"damage":16.0,"enemies":"The Guardian","floor":16.0,"turns":9.0},{"damage":0.0,"enemies":"Chosen","floor":18.0,"turns":3.0},{"damage":7.0,"enemies":"2 Thieves","floor":21.0,"turns":3.0},{"damage":3.0,"enemies":"Sentry and Sphere","floor":28.0,"turns":3.0},{"damage":18.0,"enemies":"Book of Stabbing","floor":30.0,"turns":4.0},{"damage":1.0,"enemies":"Chosen and Byrds","floor":31.0,"turns":2.0},{"damage":10.0,"enemies":"Champ","floor":33.0,"turns":8.0},{"damage":1.0,"enemies":"Orb Walker","floor":35.0,"turns":2.0},{"damage":22.0,"enemies":"3 Darklings","floor":36.0,"turns":5.0},{"damage":20.0,"enemies":"Sphere and 2 Shapes","floor":39.0,"turns":5.0},{"damage":43.0,"enemies":"Reptomancer","floor":41.0,"turns":6.0},{"damage":0.0,"enemies":"Maw","floor":44.0,"turns":6.0},{"damage":26.0,"enemies":"Writhing Mass","floor":45.0,"turns":5.0},{"damage":6.0,"enemies":"Nemesis","floor":47.0,"turns":11.0},{"damage":22.0,"enemies":"3 Darklings","floor":48.0,"turns":3.0},{"damage":5.0,"enemies":"Donu and Deca","floor":50.0,"turns":6.0},{"damage":41.0,"enemies":"Awakened One","floor":51.0,"turns":10.0},{"damage":54,"enemies":"Shield and Spear","floor":55,"turns":4},{"damage":44,"enemies":"The Heart","floor":56,"turns":3}],"seed_played":"2763867858963854250","potions_obtained":[{"floor":1.0,"key":"HeartOfIron"},{"floor":2.0,"key":"Fruit Juice"},{"floor":13.0,"key":"Block Potion"},{"floor":16.0,"key":"Block Potion"},{"floor":21.0,"key":"BloodPotion"},{"floor":36.0,"key":"SpeedPotion"},{"floor":41.0,"key":"PowerPotion"},{"floor":48.0,"key":"SkillPotion"},{"floor":55,"key":"BlessingOfTheForge"}],"is_trial":false,"path_per_floor":["M","M","M","?","?","E","M","R","T","?","$","M","E","M","R","B",null,"M","?","$","M","?","R","?","R","T","R","M","R","E","M","R","B",null,"M","M","?","$","M","R","E","?","T","M","M","R","E","M","R","B","B",null,"R","$","E","B"],"character_chosen":"IRONCLAD","items_purchased":["Regen Potion","SteroidPotion","Spot Weakness+1","Flame Barrier+1","Orrery","Secret Technique+1","HeartOfIron"],"campfire_rested":4,"item_purchase_floors":[11,11,11,20,38,54,54],"current_hp_per_floor":[63,55,60,60,54,44,28,28,28,17,17,35,31,22,43,33,63,69,69,69,68,68,68,68,68,68,68,71,71,59,66,66,64,71,73,71,69,69,55,55,20,20,20,28,10,45,47,33,68,69,34,60,69,69,21,0],"gold":40,"neow_bonus":"ONE_RANDOM_RARE_CARD","is_prod":false,"is_daily":false,"chose_seed":false,"campfire_upgraded":6,"win_rate":0,"timestamp":1613796807,"path_taken":["M","M","M","?","?","E","M","R","T","?","$","M","E","M","R","BOSS","M","?","$","?","?","R","?","R","T","R","M","R","E","M","R","BOSS","M","M","?","$","M","R","E","?","T","M","M","R","E","M","R","BOSS","BOSS","R","$","E","BOSS"],"build_version":"2020-12-18","purchased_purges":3,"victory":false,"max_hp_per_floor":[75,75,75,68,73,73,73,73,73,73,73,73,73,73,73,73,73,73,73,73,73,73,73,73,73,73,73,73,73,73,73,73,73,73,73,73,69,69,69,69,69,69,69,69,69,69,69,69,69,69,69,69,69,69,69,69],"relic_stats":{"Blood Vial":19,"Regal Pillow":30,"Torii":0,"counters":[27,134],"Golden Idol":175,"Mummified Hand":[19],"Blue Candle":[0],"Smiling Mask":150,"obtain_stats":[{"Regal Pillow":26,"Torii":55,"Golden Idol":4,"Blue Candle":19,"Smiling Mask":6,"Burning Blood":0,"Mercury Hourglass":13,"Blood Vial":30,"SlaversCollar":34,"Mummified Hand":41,"Orrery":38,"Philosopher\u0027s Stone":17,"Toxic Egg 2":9,"Pocketwatch":5,"Paper Frog":47},{"Regal Pillow":11,"Torii":26,"Golden Idol":3,"Blue Candle":10,"Smiling Mask":4,"Burning Blood":0,"Mercury Hourglass":7,"Blood Vial":13,"SlaversCollar":15,"Mummified Hand":19,"Orrery":17,"Philosopher\u0027s Stone":9,"Toxic Egg 2":5,"Pocketwatch":3,"Paper Frog":22},{"Regal Pillow":52,"Torii":131,"Golden Idol":12,"Blue Candle":49,"Smiling Mask":18,"Burning Blood":0,"Mercury Hourglass":35,"Blood Vial":59,"SlaversCollar":69,"Mummified Hand":86,"Orrery":76,"Philosopher\u0027s Stone":46,"Toxic Egg 2":24,"Pocketwatch":12,"Paper Frog":108}],"Burning Blood":150,"Pocketwatch":[180],"Mercury Hourglass":[372]},"card_choices":[{"not_picked":["Havoc","Rage"],"picked":"Spot Weakness","floor":1.0},{"not_picked":["Clash","Seeing Red"],"picked":"Shrug It Off","floor":2.0},{"not_picked":["True Grit","Wild Strike"],"picked":"Heavy Blade","floor":3.0},{"not_picked":["Clash","Infernal Blade","Seeing Red"],"picked":"SKIP","floor":6.0},{"not_picked":["Clash","Infernal Blade"],"picked":"Seeing Red","floor":6.0},{"not_picked":["Dark Embrace","Clash"],"picked":"Twin Strike","floor":7.0},{"not_picked":["Evolve","Headbutt","Blood for Blood"],"picked":"SKIP","floor":12.0},{"not_picked":["Clash","Infernal Blade+1"],"picked":"Fiend Fire","floor":13.0},{"not_picked":["Clothesline","Second Wind+1"],"picked":"Battle Trance+1","floor":14.0},{"not_picked":["Double Tap+1","Juggernaut"],"picked":"Limit Break+1","floor":16.0},{"not_picked":["Carnage","Clothesline"],"picked":"True Grit+1","floor":18.0},{"not_picked":["Headbutt","True Grit+1"],"picked":"Armaments+1","floor":21.0},{"not_picked":["Sever Soul","Infernal Blade+1"],"picked":"Battle Trance+1","floor":28.0},{"not_picked":["Sword Boomerang","Twin Strike","Reckless Charge"],"picked":"SKIP","floor":30.0},{"not_picked":["Headbutt","Flex+1"],"picked":"Shockwave+1","floor":31.0},{"not_picked":["Armaments+1","Seeing Red+1","Havoc+1"],"picked":"SKIP","floor":35.0},{"not_picked":["Havoc+1","Twin Strike"],"picked":"Flex+1","floor":36.0},{"not_picked":["Reckless Charge","Armaments+1"],"picked":"Evolve+1","floor":38.0},{"not_picked":["Headbutt+1","Battle Trance+1"],"picked":"Shrug It Off+1","floor":38.0},{"not_picked":["Bloodletting+1","Flex+1","Headbutt"],"picked":"SKIP","floor":39.0},{"not_picked":["Sever Soul","Headbutt"],"picked":"Shrug It Off+1","floor":41.0},{"not_picked":["Inflame","Sword Boomerang"],"picked":"Disarm+1","floor":44.0},{"not_picked":["Anger","Searing Blow"],"picked":"Shrug It Off+1","floor":45.0},{"not_picked":["Havoc+1","Fiend Fire","Cleave"],"picked":"SKIP","floor":47.0},{"not_picked":["True Grit+1","Twin Strike","Warcry+1"],"picked":"SKIP","floor":48.0},{"not_picked":["Hemokinesis","Pommel Strike","Cleave"],"picked":"SKIP","floor":55}],"player_experience":3413995,"relics_obtained":[{"floor":6.0,"key":"Smiling Mask"},{"floor":9.0,"key":"Toxic Egg 2"},{"floor":13.0,"key":"Mercury Hourglass"},{"floor":26.0,"key":"Regal Pillow"},{"floor":30.0,"key":"Blood Vial"},{"floor":41.0,"key":"Mummified Hand"},{"floor":47.0,"key":"Paper Frog"},{"floor":55,"key":"Torii"}],"event_choices":[{"damage_healed":0.0,"max_hp_gain":0.0,"max_hp_loss":7.0,"gold_gain":0.0,"event_name":"Golden Idol","player_choice":"Lose Max HP","floor":4.0,"gold_loss":0.0,"damage_taken":0.0,"relics_obtained":["Golden Idol"]},{"damage_healed":0.0,"max_hp_gain":0.0,"max_hp_loss":0.0,"gold_gain":0.0,"event_name":"Scrap Ooze","player_choice":"Success","floor":5.0,"gold_loss":0.0,"damage_taken":11.0,"relics_obtained":["Pocketwatch"]},{"damage_healed":0.0,"max_hp_gain":0.0,"max_hp_loss":0.0,"gold_gain":75.0,"event_name":"World of Goop","player_choice":"Gather Gold","floor":10.0,"gold_loss":0.0,"damage_taken":11.0},{"cards_removed":["Exhume"],"damage_healed":0.0,"max_hp_gain":0.0,"max_hp_loss":0.0,"gold_gain":0.0,"event_name":"WeMeetAgain","player_choice":"Gave Card","floor":19.0,"gold_loss":0.0,"damage_taken":0.0,"relics_obtained":["Blue Candle"]},{"damage_healed":0.0,"max_hp_gain":0.0,"max_hp_loss":0.0,"gold_gain":0.0,"event_name":"The Mausoleum","player_choice":"Ignored","floor":22.0,"gold_loss":0.0,"damage_taken":0.0},{"damage_healed":0.0,"max_hp_gain":0.0,"max_hp_loss":0.0,"gold_gain":0.0,"event_name":"The Library","player_choice":"Read","floor":24.0,"gold_loss":0.0,"damage_taken":0.0,"cards_obtained":["Corruption"]},{"damage_healed":0.0,"max_hp_gain":0.0,"max_hp_loss":4.0,"gold_gain":0.0,"event_name":"Winding Halls","player_choice":"Max HP","floor":37.0,"gold_loss":0.0,"damage_taken":0.0},{"damage_healed":0.0,"max_hp_gain":0.0,"max_hp_loss":0.0,"gold_gain":0.0,"event_name":"Match and Keep!","player_choice":"0 cards matched","floor":42.0,"gold_loss":0.0,"damage_taken":0.0,"cards_obtained":[]}],"is_beta":true,"boss_relics":[{"not_picked":["Tiny House","Ectoplasm"],"picked":"Philosopher\u0027s Stone"},{"not_picked":["Runic Dome","Cursed Key"],"picked":"SlaversCollar"}],"items_purged_floors":[11,20,38],"is_endless":false,"potions_floor_spawned":[1,2,13,16,21,30,31,36,41,48,55],"killed_by":"The Heart","ascension_level":20}