{"gold_per_floor":[117,28,42,60,73,73,100,100,100,100,100,100,123,156,156,252,252,285,25,25,40,58,58,74,74,99,99,122,122,145,185,185,284,284,304,304,324,137,137,137,176,189,216,232,232,565,34,59,59,59],"floor_reached":50,"playtime":3811,"items_purged":["Strike_R","Strike_R"],"score":1335,"play_id":"29aa2d7e-2e24-476e-8686-5203515d4b9d","local_time":"20210220001055","is_ascension_mode":true,"campfire_choices":[{"data":"Inflame","floor":6.0,"key":"SMITH"},{"data":"Hemokinesis","floor":10.0,"key":"SMITH"},{"floor":15.0,"key":"REST"},{"data":"Armaments","floor":23.0,"key":"SMITH"},{"floor":25.0,"key":"REST"},{"data":"Uppercut","floor":29.0,"key":"SMITH"},{"floor":32.0,"key":"REST"},{"floor":40.0,"key":"REST"},{"floor":45,"key":"RECALL"},{"floor":49,"key":"REST"}],"neow_cost":"NONE","seed_source_timestamp":596517059716600,"circlet_count":0,"master_deck":["AscendersBane","Strike_R","Strike_R","Defend_R","Defend_R","Defend_R","Defend_R","Bash","Twin Strike","Hemokinesis+1","Thunderclap","Inflame+1","Twin Strike","Armaments+1","Offering","Corruption","CurseOfTheBell","Evolve","Shrug It Off","Uppercut+1","Demon Form","Berserk","Offering","Ghostly Armor+1","Mayhem","HandOfGreed","The Bomb","Dark Embrace","Dual Wield","Feel No Pain","Heavy Blade+1"],"special_seed":0,"relics":["Burning Blood","Bronze Scales","Charon\u0027s Ashes","Question Card","Matryoshka","Mummified Hand","Calling Bell","MawBank","Blue Candle","Lizard Tail","InkBottle","Kunai","Regal Pillow","Orichalcum","Gremlin Horn","Potion Belt","Snecko Eye","Oddly Smooth Stone","Ornamental Fan","Molten Egg 2"],"potions_floor_usage":[44,48,50,50,50,50,50,50],"damage_taken":[{"damage":1.0,"enemies":"Cultist","floor":1.0,"turns":4.0},{"damage":8.0,"enemies":"Small Slimes","floor":3.0,"turns":3.0},{"damage":14.0,"enemies":"Jaw Worm","floor":4.0,"turns":3.0},{"damage":3.0,"enemies":"2 Fungi Beasts","floor":5.0,"turns":4.0},{"damage":19.0,"enemies":"Lagavulin","floor":7.0,"turns":6.0},{"damage":9.0,"enemies":"3 Louse","floor":13.0,"turns":2.0},{"damage":17.0,"enemies":"3 Sentries","floor":14.0,"turns":6.0},{"damage":10.0,"enemies":"Slime Boss","floor":16.0,"turns":5.0},{"damage":19.0,"enemies":"Shell Parasite","floor":18.0,"turns":2.0},{"damage":23.0,"enemies":"2 Thieves","floor":21.0,"turns":3.0},{"damage":11.0,"enemies":"Cultist and Chosen","floor":22.0,"turns":5.0},{"damage":8.0,"enemies":"Snecko","floor":24.0,"turns":3.0},{"damage":8.0,"enemies":"Chosen and Byrds","floor":28.0,"turns":2.0},{"damage":6.0,"enemies":"Snake Plant","floor":30.0,"turns":3.0},{"damage":10.0,"enemies":"Book of Stabbing","floor":31.0,"turns":4.0},{"damage":72.0,"enemies":"Collector","floor":33.0,"turns":7.0},{"damage":8.0,"enemies":"3 Shapes","floor":35.0,"turns":3.0},{"damage":33.0,"enemies":"3 Darklings","floor":37.0,"turns":3.0},{"damage":76.0,"enemies":"Nemesis","floor":41.0,"turns":5.0},{"damage":19.0,"enemies":"Transient","floor":42.0,"turns":6.0},{"damage":13,"enemies":"Writhing Mass","floor":44,"turns":5},{"damage":10,"enemies":"Reptomancer","floor":48,"turns":1},{"damage":95,"enemies":"Time Eater","floor":50,"turns":7}],"seed_played":"9079057500302499231","potions_obtained":[{"floor":4.0,"key":"Weak Potion"},{"floor":13.0,"key":"DistilledChaos"},{"floor":14.0,"key":"DistilledChaos"},{"floor":16.0,"key":"Energy Potion"},{"floor":22.0,"key":"SneckoOil"},{"floor":24.0,"key":"Fruit Juice"},{"floor":28.0,"key":"AttackPotion"},{"floor":37.0,"key":"LiquidBronze"},{"floor":42,"key":"LiquidMemories"}],"is_trial":false,"path_per_floor":["M","$","M","M","M","R","E","?","T","R","?","?","M","E","R","B",null,"M","$","?","M","M","R","M","R","T","T","M","R","M","E","R","B",null,"M","?","M","$","?","R","E","M","T","M","R","?","$","E","R","B"],"character_chosen":"IRONCLAD","items_purchased":["Hemokinesis","InkBottle","Energy Potion","Weak Potion","EntropicBrew","Ornamental Fan","SkillPotion"],"campfire_rested":5,"item_purchase_floors":[2,19,38,38,47,47,47],"current_hp_per_floor":[73,73,71,63,66,66,53,53,53,53,53,35,32,21,41,37,60,47,47,47,30,25,25,23,43,43,48,46,46,46,42,73,7,57,55,45,18,18,18,54,40,27,27,20,20,20,20,16,52,0],"gold":59,"neow_bonus":"RANDOM_COMMON_RELIC","is_prod":false,"is_daily":false,"chose_seed":false,"campfire_upgraded":4,"win_rate":0,"timestamp":1613808655,"path_taken":["M","$","M","M","?","R","E","?","T","R","?","?","M","E","R","BOSS","M","$","?","?","M","R","M","R","T","?","M","R","?","E","R","BOSS","M","?","M","$","?","R","E","M","T","M","R","?","$","E","R","BOSS"],"build_version":"2020-12-18","purchased_purges":2,"victory":false,"max_hp_per_floor":[75,75,75,75,75,75,75,68,68,68,68,68,68,68,68,68,68,68,68,68,68,68,68,68,68,68,73,73,73,73,73,73,73,73,73,73,73,73,73,73,73,73,73,73,73,73,73,73,73,73],"relic_stats":{"Regal Pillow":40,"Gremlin Horn":[10,11],"counters":[23,92],"Blue Candle":[7],"Charon\u0027s Ashes":[433],"Orichalcum":[24],"Question Card":22,"MawBank":24,"Burning Blood":132,"Lizard Tail":36,"Mummified Hand":[104],"Ornamental Fan":[12],"Bronze Scales":[189],"Snecko Eye":[73,80,77,72],"Kunai":[21],"obtain_stats":[{"Potion Belt":31,"Regal Pillow":26,"Gremlin Horn":27,"Golden Idol":8,"Blue Candle":17,"Oddly Smooth Stone":41,"Charon\u0027s Ashes":7,"Orichalcum":27,"Question Card":9,"MawBank":17,"Burning Blood":0,"Calling Bell":17,"Lizard Tail":17,"Matryoshka":12,"Mummified Hand":14,"Ornamental Fan":47,"Bronze Scales":0,"Snecko Eye":34,"Molten Egg 2":48,"Kunai":26,"InkBottle":19},{"Potion Belt":15,"Regal Pillow":12,"Gremlin Horn":12,"Golden Idol":5,"Blue Candle":8,"Oddly Smooth Stone":19,"Charon\u0027s Ashes":5,"Orichalcum":12,"Question Card":5,"MawBank":8,"Burning Blood":0,"Calling Bell":8,"Lizard Tail":8,"Matryoshka":5,"Mummified Hand":7,"Ornamental Fan":21,"Bronze Scales":0,"Snecko Eye":16,"Molten Egg 2":22,"Kunai":12,"InkBottle":9},{"Potion Belt":55,"Regal Pillow":46,"Gremlin Horn":46,"Golden Idol":20,"Blue Candle":33,"Oddly Smooth Stone":73,"Charon\u0027s Ashes":20,"Orichalcum":46,"Question Card":20,"MawBank":33,"Burning Blood":0,"Calling Bell":33,"Lizard Tail":33,"Matryoshka":20,"Mummified Hand":28,"Ornamental Fan":84,"Bronze Scales":0,"Snecko Eye":62,"Molten Egg 2":85,"Kunai":46,"InkBottle":35}],"InkBottle":[30]},"card_choices":[{"not_picked":["Anger","Shrug It Off"],"picked":"Twin Strike","floor":1.0},{"not_picked":["Dual Wield","Second Wind"],"picked":"Thunderclap","floor":3.0},{"not_picked":["Bloodletting","Flex"],"picked":"Inflame","floor":4.0},{"not_picked":["Second Wind","Flex"],"picked":"Twin Strike","floor":5.0},{"not_picked":["Warcry","Dropkick","Headbutt"],"picked":"SKIP","floor":7.0},{"not_picked":["Warcry","Iron Wave","Clothesline"],"picked":"Armaments","floor":13.0},{"not_picked":["Warcry","Cleave","Headbutt"],"picked":"Offering","floor":14.0},{"not_picked":["Juggernaut","Berserk","Fiend Fire"],"picked":"Corruption","floor":16.0},{"not_picked":["Wild Strike","Headbutt","Iron Wave","Bludgeon"],"picked":"SKIP","floor":18.0},{"not_picked":["Clash","Flex","Body Slam"],"picked":"Evolve","floor":21.0},{"not_picked":["Clothesline+1","Armaments","Wild Strike"],"picked":"Battle Trance","floor":22.0},{"not_picked":["Clothesline","True Grit","Pommel Strike+1"],"picked":"Shrug It Off","floor":24.0},{"not_picked":["Flex","Clash","Infernal Blade"],"picked":"Uppercut","floor":28.0},{"not_picked":["Thunderclap","Flame Barrier","Rampage"],"picked":"Demon Form","floor":30.0},{"not_picked":["Spot Weakness","Headbutt","Pommel Strike+1"],"picked":"Berserk","floor":31.0},{"not_picked":["Barricade","Brutality","Bludgeon"],"picked":"Offering","floor":33.0},{"not_picked":["Seeing Red","Shrug It Off","Dark Embrace+1"],"picked":"Ghostly Armor+1","floor":35.0},{"not_picked":["Panache","Deep Breath","Trip"],"picked":"Mayhem","floor":36.0},{"not_picked":["Mind Blast","Violence","Trip"],"picked":"HandOfGreed","floor":36.0},{"not_picked":["Thinking Ahead","Purity","PanicButton"],"picked":"The Bomb","floor":36.0},{"not_picked":["True Grit","Iron Wave+1","Inflame"],"picked":"Dark Embrace","floor":37.0},{"not_picked":["Limit Break","True Grit","Inflame"],"picked":"Dual Wield","floor":41.0},{"not_picked":["Clothesline","Dual Wield","Pummel+1","Cleave"],"picked":"SKIP","floor":42},{"not_picked":["Warcry","Shockwave","Second Wind+1"],"picked":"Feel No Pain","floor":44},{"not_picked":["Bloodletting+1","Clash+1","Flex+1"],"picked":"Heavy Blade+1","floor":48}],"player_experience":3425122,"relics_obtained":[{"floor":7.0,"key":"Charon\u0027s Ashes"},{"floor":9.0,"key":"Question Card"},{"floor":14.0,"key":"Mummified Hand"},{"floor":17.0,"key":"MawBank"},{"floor":17.0,"key":"Blue Candle"},{"floor":17.0,"key":"Lizard Tail"},{"floor":26.0,"key":"Kunai"},{"floor":26.0,"key":"Regal Pillow"},{"floor":27.0,"key":"Orichalcum"},{"floor":27.0,"key":"Gremlin Horn"},{"floor":31.0,"key":"Potion Belt"},{"floor":41.0,"key":"Oddly Smooth Stone"},{"floor":48,"key":"Molten Egg 2"}],"event_choices":[{"damage_healed":0.0,"max_hp_gain":0.0,"max_hp_loss":7.0,"gold_gain":0.0,"event_name":"Golden Idol","player_choice":"Lose Max HP","floor":8.0,"gold_loss":0.0,"damage_taken":0.0,"relics_obtained":["Golden Idol"]},{"damage_healed":0.0,"max_hp_gain":0.0,"max_hp_loss":0.0,"gold_gain":0.0,"event_name":"Liars Game","player_choice":"Ignored","floor":11.0,"gold_loss":0.0,"damage_taken":0.0},{"damage_healed":0.0,"max_hp_gain":0.0,"max_hp_loss":0.0,"gold_gain":0.0,"event_name":"Scrap Ooze","player_choice":"Success","floor":12.0,"gold_loss":0.0,"damage_taken":18.0,"relics_obtained":["Matryoshka"]},{"cards_removed":["Strike_R"],"damage_healed":0.0,"max_hp_gain":0.0,"max_hp_loss":0.0,"gold_gain":0.0,"event_name":"Bonfire Elementals","player_choice":"Offered Basic","floor":20.0,"gold_loss":0.0,"damage_taken":0.0},{"damage_healed":0.0,"max_hp_gain":0.0,"max_hp_loss":0.0,"gold_gain":0.0,"event_name":"SensoryStone","player_choice":"Memory 3","floor":36.0,"gold_loss":0.0,"damage_taken":10.0},{"cards_removed":["Battle Trance"],"damage_healed":0.0,"max_hp_gain":0.0,"max_hp_loss":0.0,"gold_gain":0.0,"event_name":"Falling","player_choice":"Removed Skill","floor":39.0,"gold_loss":0.0,"damage_taken":0.0},{"damage_healed":0,"gold_gain":333,"player_choice":"Gave Idol","damage_taken":0,"max_hp_gain":0,"max_hp_loss":0,"event_name":"The Moai Head","floor":46,"relics_lost":["Golden Idol"],"gold_loss":0}],"is_beta":true,"boss_relics":[{"not_picked":["SacredBark","Black Blood"],"picked":"Calling Bell"},{"not_picked":["Busted Crown","Coffee Dripper"],"picked":"Snecko Eye"}],"items_purged_floors":[38,47],"is_endless":false,"potions_floor_spawned":[4,13,14,16,22,24,28,37,42],"killed_by":"Time Eater","ascension_level":20}