{"gold_per_floor":[360,43,59,134,153,179,179,205,256,256,268,283,283,303,303,378,378,389,406,456,476,476,509,520,552,578,175,191,191,220,234,234,313,313,333,333,347,47,63,93,93,120,144,177,177,208,227,244,244,244,244,244,244,17,48,48],"floor_reached":56,"playtime":3428,"items_purged":["Strike_R","Strike_R","Strike_R"],"score":2203,"play_id":"bb58552b-13cd-4f40-b282-272dae432e7b","local_time":"20210212214848","is_ascension_mode":true,"campfire_choices":[{"data":"Immolate","floor":7.0,"key":"SMITH"},{"data":"Armaments","floor":10.0,"key":"SMITH"},{"data":"Combust","floor":15.0,"key":"SMITH"},{"data":"Uppercut","floor":29.0,"key":"SMITH"},{"data":"Rupture","floor":32.0,"key":"SMITH"},{"floor":41.0,"key":"RECALL"},{"data":"Double Tap","floor":45,"key":"SMITH"},{"data":"Perfected Strike","floor":49,"key":"SMITH"},{"data":"Perfected Strike","floor":53,"key":"SMITH"}],"neow_cost":"TEN_PERCENT_HP_LOSS","seed_source_timestamp":157937469881800,"circlet_count":0,"master_deck":["AscendersBane","Strike_R","Strike_R+1","Defend_R","Defend_R","Defend_R","Defend_R","Bash+1","Pommel Strike","Armaments+1","Combust+1","Immolate+1","Disarm+1","Perfected Strike+1","Feel No Pain","Reaper","Perfected Strike+1","Exhume","Uppercut+1","Battle Trance","Rupture+1","Immolate+1","Pommel Strike+1","Impervious+1","Double Tap+1","Shrug It Off+1","Perfected Strike+1","Shrug It Off+1","Shame","Corruption","Shrug It Off","Reaper"],"special_seed":0,"relics":["Burning Blood","Medical Kit","Happy Flower","Eternal Feather","Whetstone","Orichalcum","Snecko Eye","Pen Nib","Darkstone Periapt","Bottled Flame","Art of War","Centennial Puzzle","DollysMirror","Oddly Smooth Stone","Cursed Key","Membership Card","War Paint","Letter Opener","Kunai","Toy Ornithopter","Frozen Egg 2","Vajra","Anchor"],"potions_floor_usage":[50,51,55,56],"damage_taken":[{"damage":9.0,"enemies":"Small Slimes","floor":1.0,"turns":5.0},{"damage":9.0,"enemies":"2 Louse","floor":3.0,"turns":4.0},{"damage":2.0,"enemies":"Jaw Worm","floor":5.0,"turns":6.0},{"damage":37.0,"enemies":"Gremlin Nob","floor":6.0,"turns":4.0},{"damage":19.0,"enemies":"Lagavulin","floor":8.0,"turns":5.0},{"damage":11.0,"enemies":"3 Louse","floor":11.0,"turns":3.0},{"damage":8.0,"enemies":"Lots of Slimes","floor":12.0,"turns":3.0},{"damage":7.0,"enemies":"Exordium Wildlife","floor":14.0,"turns":2.0},{"damage":14.0,"enemies":"Hexaghost","floor":16.0,"turns":9.0},{"damage":14.0,"enemies":"Spheric Guardian","floor":18.0,"turns":4.0},{"damage":2.0,"enemies":"Chosen","floor":19.0,"turns":3.0},{"damage":8.0,"enemies":"Centurion and Healer","floor":21.0,"turns":5.0},{"damage":1.0,"enemies":"Slavers","floor":23.0,"turns":2.0},{"damage":32.0,"enemies":"Cultist and Chosen","floor":24.0,"turns":4.0},{"damage":18.0,"enemies":"Book of Stabbing","floor":25.0,"turns":4.0},{"damage":0.0,"enemies":"3 Cultists","floor":28.0,"turns":2.0},{"damage":1.0,"enemies":"Slavers","floor":30.0,"turns":2.0},{"damage":0.0,"enemies":"Snecko","floor":31.0,"turns":3.0},{"damage":7.0,"enemies":"Collector","floor":33.0,"turns":5.0},{"damage":0.0,"enemies":"3 Darklings","floor":35.0,"turns":1.0},{"damage":6.0,"enemies":"Orb Walker","floor":37.0,"turns":2.0},{"damage":12.0,"enemies":"Transient","floor":39.0,"turns":6.0},{"damage":61.0,"enemies":"Nemesis","floor":40.0,"turns":5.0},{"damage":3.0,"enemies":"Giant Head","floor":42.0,"turns":5.0},{"damage":8,"enemies":"Nemesis","floor":44,"turns":3},{"damage":0,"enemies":"Reptomancer","floor":46,"turns":2},{"damage":2,"enemies":"3 Darklings","floor":47,"turns":3},{"damage":2,"enemies":"Maw","floor":48,"turns":5},{"damage":39,"enemies":"Donu and Deca","floor":50,"turns":5},{"damage":41,"enemies":"Time Eater","floor":51,"turns":9},{"damage":36,"enemies":"Shield and Spear","floor":55,"turns":9},{"damage":69,"enemies":"The Heart","floor":56,"turns":5}],"seed_played":"5534711750111267701","potions_obtained":[{"floor":3.0,"key":"Swift Potion"},{"floor":11.0,"key":"Dexterity Potion"},{"floor":12.0,"key":"HeartOfIron"},{"floor":14.0,"key":"Explosive Potion"},{"floor":23.0,"key":"Fruit Juice"},{"floor":24.0,"key":"Swift Potion"},{"floor":33.0,"key":"Regen Potion"},{"floor":36.0,"key":"HeartOfIron"},{"floor":44,"key":"DuplicationPotion"},{"floor":48,"key":"Swift Potion"}],"is_trial":false,"path_per_floor":["M","$","M","?","M","E","R","E","T","R","M","M","?","M","R","B",null,"M","M","?","M","?","E","M","E","T","$","M","R","E","M","R","B",null,"M","?","M","$","M","E","R","E","T","E","R","E","M","M","R","B","B",null,"R","$","E","B"],"character_chosen":"IRONCLAD","items_purchased":["Medical Kit","Happy Flower","Centennial Puzzle","DollysMirror","Membership Card","War Paint","Vajra","SkillPotion","SkillPotion","Shrug It Off"],"campfire_rested":0,"item_purchase_floors":[2,2,27,27,38,38,54,54,54,54],"current_hp_per_floor":[65,65,62,51,55,24,33,20,20,29,24,22,27,26,35,27,62,58,68,68,73,73,73,58,46,46,46,60,75,78,78,78,78,78,78,78,78,78,72,26,41,62,68,66,84,84,84,84,84,62,38,73,84,84,54,0],"gold":48,"neow_bonus":"TWO_FIFTY_GOLD","is_prod":false,"is_daily":false,"chose_seed":false,"campfire_upgraded":8,"win_rate":0,"timestamp":1613195328,"path_taken":["M","$","M","?","M","E","R","E","T","R","M","M","?","M","R","BOSS","M","M","?","M","?","E","M","E","T","$","?","R","E","M","R","BOSS","M","?","?","$","M","E","R","E","T","E","R","E","M","M","R","BOSS","BOSS","R","$","E","BOSS"],"build_version":"2020-12-18","purchased_purges":3,"victory":false,"max_hp_per_floor":[68,68,68,68,68,68,68,68,68,68,68,68,73,73,73,73,73,73,73,73,73,73,73,78,78,78,78,78,78,78,78,78,78,78,78,78,78,78,78,78,78,78,84,84,84,84,84,84,84,84,84,84,84,84,84,84],"relic_stats":{"Darkstone Periapt":6,"Happy Flower":[43],"counters":[32,135],"Eternal Feather":86,"Pen Nib":[20],"Whetstone":["Bash","Strike_R"],"Letter Opener":[90],"Orichalcum":[204],"War Paint":["Disarm","Impervious"],"Medical Kit":[30],"Cursed Key":1,"Burning Blood":140,"Centennial Puzzle":[38],"Snecko Eye":[218,193,169,189],"Art of War":[8],"Kunai":[20],"obtain_stats":[{"Darkstone Periapt":23,"Happy Flower":2,"Oddly Smooth Stone":30,"Vajra":54,"Eternal Feather":6,"Pen Nib":22,"Whetstone":8,"Letter Opener":40,"Orichalcum":9,"War Paint":38,"Frozen Egg 2":46,"Medical Kit":2,"Cursed Key":34,"Burning Blood":0,"Bottled Flame":25,"Centennial Puzzle":27,"Anchor":55,"DollysMirror":27,"Snecko Eye":17,"Art of War":26,"Membership Card":38,"Kunai":42,"Toy Ornithopter":44},{"Darkstone Periapt":13,"Happy Flower":1,"Oddly Smooth Stone":17,"Vajra":30,"Eternal Feather":4,"Pen Nib":12,"Whetstone":5,"Letter Opener":23,"Orichalcum":5,"War Paint":21,"Frozen Egg 2":26,"Medical Kit":1,"Cursed Key":19,"Burning Blood":0,"Bottled Flame":15,"Centennial Puzzle":15,"Anchor":31,"DollysMirror":15,"Snecko Eye":9,"Art of War":15,"Membership Card":21,"Kunai":24,"Toy Ornithopter":25},{"Darkstone Periapt":55,"Happy Flower":5,"Oddly Smooth Stone":67,"Vajra":121,"Eternal Feather":19,"Pen Nib":53,"Whetstone":24,"Letter Opener":89,"Orichalcum":24,"War Paint":78,"Frozen Egg 2":99,"Medical Kit":5,"Cursed Key":75,"Burning Blood":0,"Bottled Flame":63,"Centennial Puzzle":63,"Anchor":130,"DollysMirror":63,"Snecko Eye":41,"Art of War":63,"Membership Card":78,"Kunai":94,"Toy Ornithopter":97}],"Toy Ornithopter":15},"card_choices":[{"not_picked":["Warcry","Sword Boomerang"],"picked":"Pommel Strike","floor":1.0},{"not_picked":["Iron Wave","Sword Boomerang"],"picked":"Armaments","floor":3.0},{"not_picked":["Shrug It Off","Twin Strike"],"picked":"Combust","floor":5.0},{"not_picked":["Iron Wave","Headbutt"],"picked":"Immolate","floor":6.0},{"not_picked":["Rage","Warcry"],"picked":"Disarm","floor":8.0},{"not_picked":["Searing Blow","Twin Strike"],"picked":"Perfected Strike","floor":11.0},{"not_picked":["Second Wind","Clothesline","Armaments"],"picked":"SKIP","floor":12.0},{"not_picked":["Ghostly Armor","Flame Barrier"],"picked":"Feel No Pain","floor":14.0},{"not_picked":["Barricade","Berserk"],"picked":"Reaper","floor":16.0},{"not_picked":["True Grit","Twin Strike"],"picked":"Perfected Strike","floor":18.0},{"not_picked":["Wild Strike","Iron Wave"],"picked":"Exhume","floor":19.0},{"not_picked":["Seeing Red","Sentinel"],"picked":"Uppercut","floor":21.0},{"not_picked":["Carnage","Iron Wave"],"picked":"Battle Trance","floor":23.0},{"not_picked":["True Grit+1","Havoc"],"picked":"Rupture","floor":24.0},{"not_picked":["Heavy Blade","Sentinel","True Grit"],"picked":"SKIP","floor":25.0},{"not_picked":["Disarm","True Grit"],"picked":"Pommel Strike+1","floor":28.0},{"not_picked":["True Grit","Iron Wave"],"picked":"Impervious","floor":30.0},{"not_picked":["Dropkick","Feel No Pain","Pommel Strike"],"picked":"SKIP","floor":31.0},{"not_picked":["Brutality","Exhume"],"picked":"Double Tap","floor":33.0},{"not_picked":["Wild Strike+1","Pommel Strike","Shrug It Off"],"picked":"SKIP","floor":35.0},{"not_picked":["Intimidate+1","Warcry"],"picked":"Shrug It Off+1","floor":37.0},{"not_picked":["Infernal Blade+1","Clothesline","Pommel Strike"],"picked":"SKIP","floor":39.0},{"not_picked":["Clash","Wild Strike+1"],"picked":"Perfected Strike+1","floor":40.0},{"not_picked":["Anger","Clothesline"],"picked":"Shrug It Off+1","floor":42.0},{"not_picked":["Evolve","Hemokinesis"],"picked":"Corruption","floor":44},{"not_picked":["Heavy Blade","Body Slam","Dropkick"],"picked":"SKIP","floor":46},{"not_picked":["Carnage","Rage","Evolve+1"],"picked":"SKIP","floor":47},{"not_picked":["Body Slam","Clothesline","Seeing Red"],"picked":"SKIP","floor":48},{"not_picked":["Iron Wave","Pommel Strike"],"picked":"Reaper","floor":55}],"player_experience":3305659,"relics_obtained":[{"floor":6.0,"key":"Eternal Feather"},{"floor":8.0,"key":"Whetstone"},{"floor":9.0,"key":"Orichalcum"},{"floor":22.0,"key":"Pen Nib"},{"floor":23.0,"key":"Darkstone Periapt"},{"floor":25.0,"key":"Bottled Flame"},{"floor":26.0,"key":"Art of War"},{"floor":30.0,"key":"Oddly Smooth Stone"},{"floor":40.0,"key":"Letter Opener"},{"floor":42.0,"key":"Kunai"},{"floor":44,"key":"Toy Ornithopter"},{"floor":46,"key":"Frozen Egg 2"},{"floor":55,"key":"Anchor"}],"event_choices":[{"damage_healed":0.0,"max_hp_gain":0.0,"max_hp_loss":0.0,"gold_gain":75.0,"event_name":"World of Goop","player_choice":"Gather Gold","floor":4.0,"gold_loss":0.0,"damage_taken":11.0},{"damage_healed":0.0,"max_hp_gain":5.0,"max_hp_loss":0.0,"gold_gain":0.0,"event_name":"Big Fish","player_choice":"Donut","floor":13.0,"gold_loss":0.0,"damage_taken":0.0},{"damage_healed":0.0,"max_hp_gain":0.0,"max_hp_loss":0.0,"gold_gain":50.0,"event_name":"Nest","player_choice":"Stole From Cult","floor":20.0,"gold_loss":0.0,"damage_taken":0.0},{"damage_healed":0.0,"max_hp_gain":0.0,"max_hp_loss":0.0,"gold_gain":0.0,"event_name":"Wheel of Change","player_choice":"Relic","floor":22.0,"gold_loss":0.0,"damage_taken":0.0},{"damage_healed":0.0,"max_hp_gain":0.0,"max_hp_loss":0.0,"gold_gain":0.0,"event_name":"Lab","player_choice":"Got Potions","floor":36.0,"gold_loss":0.0,"damage_taken":0.0}],"is_beta":true,"boss_relics":[{"not_picked":["Black Blood","SlaversCollar"],"picked":"Snecko Eye"},{"not_picked":["SacredBark","Runic Pyramid"],"picked":"Cursed Key"}],"items_purged_floors":[27,38,54],"is_endless":false,"potions_floor_spawned":[3,11,12,14,23,24,28,30,33,35,39,44,48],"killed_by":"The Heart","ascension_level":20}