{"gold_per_floor":[113,113,113,126,149,149,168,181,181,215,215,195,195,220,220,309,309,330,11,31,31,31,62,62,77,77,77,98,132,132,170,170,261,261,284,284,300,120,138,169,469,469],"floor_reached":42,"playtime":4364,"items_purged":["Strike_R","Strike_R"],"score":1022,"play_id":"a6074128-ed72-4d12-8205-921fb94740f4","local_time":"20210221152716","is_ascension_mode":true,"campfire_choices":[{"data":"Armaments","floor":6.0,"key":"SMITH"},{"data":"Blood for Blood","floor":11.0,"key":"SMITH"},{"data":"Bash","floor":13.0,"key":"SMITH"},{"data":"Shrug It Off","floor":15.0,"key":"SMITH"},{"data":"Immolate","floor":24.0,"key":"SMITH"},{"data":"Immolate","floor":32,"key":"SMITH"}],"neow_cost":"NONE","seed_source_timestamp":737325913901200,"circlet_count":0,"master_deck":["AscendersBane","Strike_R","Strike_R","Defend_R","Defend_R","Defend_R+1","Bash+1","Shrug It Off+1","Blood for Blood+1","Armaments+1","Feel No Pain","Battle Trance+1","Immolate+1","Thunderclap","Immolate+1","Intimidate","Hemokinesis","Ghostly","Ghostly","Ghostly","True Grit","Shrug It Off+1","Intimidate+1","Exhume","Havoc+1","Reaper","Inflame","Evolve","Feel No Pain"],"special_seed":0,"relics":["Burning Blood","Anchor","Golden Idol","Paper Frog","Letter Opener","SlaversCollar","Orrery","MealTicket","War Paint","Orichalcum","Bronze Scales","Fusion Hammer","Regal Pillow"],"potions_floor_usage":[25,29,33,33,40,42],"damage_taken":[{"damage":0.0,"enemies":"2 Louse","floor":1.0,"turns":2.0},{"damage":6.0,"enemies":"Cultist","floor":4.0,"turns":5.0},{"damage":1.0,"enemies":"Small Slimes","floor":5.0,"turns":4.0},{"damage":1.0,"enemies":"2 Fungi Beasts","floor":7.0,"turns":4.0},{"damage":4.0,"enemies":"Exordium Thugs","floor":8.0,"turns":4.0},{"damage":16.0,"enemies":"Lagavulin","floor":10.0,"turns":7.0},{"damage":11.0,"enemies":"Lots of Slimes","floor":14.0,"turns":4.0},{"damage":36.0,"enemies":"The Guardian","floor":16.0,"turns":12.0},{"damage":7.0,"enemies":"Chosen","floor":18.0,"turns":5.0},{"damage":13.0,"enemies":"Shell Parasite","floor":20.0,"turns":3.0},{"damage":8.0,"enemies":"Gremlin Leader","floor":23.0,"turns":5.0},{"damage":0,"enemies":"3 Cultists","floor":25,"turns":3},{"damage":4,"enemies":"Snake Plant","floor":28,"turns":6},{"damage":11,"enemies":"Slavers","floor":29,"turns":3},{"damage":2,"enemies":"Gremlin Leader","floor":31,"turns":5},{"damage":31,"enemies":"Collector","floor":33,"turns":8},{"damage":1,"enemies":"Orb Walker","floor":35,"turns":3},{"damage":18,"enemies":"3 Darklings","floor":37,"turns":4},{"damage":0,"enemies":"4 Shapes","floor":39,"turns":4},{"damage":20,"enemies":"Giant Head","floor":40,"turns":8},{"damage":42,"enemies":"Nemesis","floor":42,"turns":7}],"seed_played":"-9046957940909000335","potions_obtained":[{"floor":7.0,"key":"Swift Potion"},{"floor":8.0,"key":"BlessingOfTheForge"},{"floor":12.0,"key":"GamblersBrew"},{"floor":14.0,"key":"Fire Potion"},{"floor":23.0,"key":"BloodPotion"},{"floor":25,"key":"BloodPotion"},{"floor":29,"key":"Dexterity Potion"},{"floor":33,"key":"Weak Potion"},{"floor":37,"key":"BlessingOfTheForge"},{"floor":39,"key":"Fire Potion"}],"is_trial":false,"path_per_floor":["M","?","?","M","M","R","M","M","T","E","R","?","R","M","R","B",null,"M","$","M","?","?","E","R","M","T","$","M","E","?","E","R","B",null,"M","?","M","$","M","E","?","E"],"character_chosen":"IRONCLAD","items_purchased":["Orrery","Intimidate","Evolve"],"campfire_rested":0,"item_purchase_floors":[19,19,38],"current_hp_per_floor":[74,48,41,41,46,46,51,53,53,43,43,43,43,38,38,8,58,57,57,50,50,37,35,35,37,37,37,37,32,32,36,36,18,32,37,37,25,37,37,37,37,0],"gold":469,"neow_bonus":"RANDOM_COMMON_RELIC","is_prod":false,"is_daily":false,"chose_seed":false,"campfire_upgraded":6,"win_rate":0,"timestamp":1613950036,"path_taken":["M","?","?","M","M","R","M","M","T","E","R","?","R","?","R","BOSS","M","$","M","?","?","E","R","M","T","$","M","E","?","E","R","BOSS","M","?","M","$","?","E","?","E"],"build_version":"2020-12-18","purchased_purges":2,"victory":false,"max_hp_per_floor":[75,75,75,75,75,75,75,75,75,75,75,75,75,75,75,75,75,75,75,75,75,37,37,37,37,37,37,37,37,37,37,37,37,37,37,37,37,37,37,37,37,37],"relic_stats":{"Regal Pillow":0,"counters":[21,106],"Golden Idol":117,"Bronze Scales":[86],"MealTicket":12,"Letter Opener":[202],"War Paint":["Defend_R","Battle Trance"],"Orichalcum":[18],"obtain_stats":[{"Regal Pillow":40,"Golden Idol":2,"Letter Opener":10,"War Paint":26,"Orichalcum":29,"Burning Blood":0,"SlaversCollar":17,"Anchor":0,"Bronze Scales":31,"Orrery":19,"MealTicket":23,"Fusion Hammer":34,"Paper Frog":9},{"Regal Pillow":20,"Golden Idol":1,"Letter Opener":6,"War Paint":12,"Orichalcum":14,"Burning Blood":0,"SlaversCollar":8,"Anchor":0,"Bronze Scales":15,"Orrery":9,"MealTicket":11,"Fusion Hammer":16,"Paper Frog":5},{"Regal Pillow":99,"Golden Idol":2,"Letter Opener":26,"War Paint":58,"Orichalcum":67,"Burning Blood":0,"SlaversCollar":42,"Anchor":0,"Bronze Scales":72,"Orrery":47,"MealTicket":55,"Fusion Hammer":80,"Paper Frog":19}],"Burning Blood":103},"card_choices":[{"not_picked":["True Grit","Headbutt"],"picked":"Shrug It Off","floor":1.0},{"not_picked":["Headbutt","Sword Boomerang"],"picked":"Blood for Blood","floor":4.0},{"not_picked":["Twin Strike","Havoc"],"picked":"Armaments","floor":5.0},{"not_picked":["Iron Wave","Body Slam","Perfected Strike"],"picked":"SKIP","floor":7.0},{"not_picked":["Twin Strike","Searing Blow"],"picked":"Feel No Pain","floor":8.0},{"not_picked":["Sword Boomerang","Infernal Blade","Power Through"],"picked":"SKIP","floor":10.0},{"not_picked":["Anger","Cleave"],"picked":"Battle Trance","floor":14.0},{"not_picked":["Fiend Fire","Double Tap"],"picked":"Immolate","floor":16.0},{"not_picked":["Sentinel","Perfected Strike+1"],"picked":"Thunderclap","floor":18.0},{"not_picked":["Twin Strike","Pommel Strike"],"picked":"Immolate","floor":19.0},{"not_picked":["Thunderclap","Headbutt"],"picked":"Hemokinesis","floor":19.0},{"not_picked":["Headbutt","Blood for Blood","Clash"],"picked":"SKIP","floor":20.0},{"not_picked":["Fiend Fire","Warcry","Sword Boomerang"],"picked":"SKIP","floor":23.0},{"not_picked":["Hemokinesis","Heavy Blade"],"picked":"True Grit","floor":25},{"not_picked":["Flex","Perfected Strike"],"picked":"Shrug It Off+1","floor":28},{"not_picked":["Armaments","Rage"],"picked":"Intimidate+1","floor":29},{"not_picked":["Iron Wave","Fiend Fire","Combust"],"picked":"SKIP","floor":31},{"not_picked":["Impervious","Corruption"],"picked":"Exhume","floor":33},{"not_picked":["Uppercut","Shockwave"],"picked":"Havoc+1","floor":35},{"not_picked":["Anger","Pummel"],"picked":"Inflame","floor":37},{"not_picked":["Rupture","Sever Soul","Rampage+1"],"picked":"SKIP","floor":39},{"not_picked":["Iron Wave+1","Infernal Blade"],"picked":"Feel No Pain","floor":40}],"player_experience":3470180,"relics_obtained":[{"floor":9.0,"key":"Paper Frog"},{"floor":10.0,"key":"Letter Opener"},{"floor":23.0,"key":"MealTicket"},{"floor":26,"key":"War Paint"},{"floor":29,"key":"Orichalcum"},{"floor":31,"key":"Bronze Scales"},{"floor":40,"key":"Regal Pillow"}],"event_choices":[{"damage_healed":0.0,"max_hp_gain":0.0,"max_hp_loss":0.0,"gold_gain":0.0,"event_name":"Golden Idol","player_choice":"Take Damage","floor":2.0,"gold_loss":0.0,"damage_taken":26.0,"relics_obtained":["Golden Idol"]},{"cards_removed":["Defend_R"],"damage_healed":0.0,"max_hp_gain":0.0,"max_hp_loss":0.0,"gold_gain":0.0,"event_name":"Golden Wing","player_choice":"Card Removal","floor":3.0,"gold_loss":0.0,"damage_taken":7.0},{"damage_healed":0.0,"max_hp_gain":0.0,"max_hp_loss":0.0,"gold_gain":0.0,"event_name":"The Woman in Blue","player_choice":"Bought 1 Potion","floor":12.0,"gold_loss":0.0,"damage_taken":0.0},{"damage_healed":0.0,"max_hp_gain":0.0,"max_hp_loss":0.0,"gold_gain":0.0,"event_name":"The Mausoleum","player_choice":"Ignored","floor":21.0,"gold_loss":0.0,"damage_taken":0.0},{"damage_healed":0.0,"max_hp_gain":0.0,"max_hp_loss":38.0,"gold_gain":0.0,"event_name":"Ghosts","player_choice":"Became a Ghost","floor":22.0,"gold_loss":0.0,"damage_taken":0.0,"cards_obtained":["Ghostly","Ghostly","Ghostly"]},{"cards_removed":["Strike_R"],"damage_healed":0,"gold_gain":0,"player_choice":"Offered Basic","damage_taken":0,"max_hp_gain":0,"max_hp_loss":0,"event_name":"Bonfire Elementals","floor":30,"gold_loss":0},{"damage_healed":0,"gold_gain":0,"player_choice":"1 cards matched","damage_taken":0,"max_hp_gain":0,"max_hp_loss":0,"event_name":"Match and Keep!","floor":36,"gold_loss":0,"cards_obtained":["Reaper"]},{"damage_healed":0,"gold_gain":300,"player_choice":"Gold","damage_taken":0,"max_hp_gain":0,"max_hp_loss":0,"event_name":"Wheel of Change","floor":41,"gold_loss":0}],"is_beta":true,"boss_relics":[{"not_picked":["Runic Cube","Ectoplasm"],"picked":"SlaversCollar"},{"not_picked":["Empty Cage","Busted Crown"],"picked":"Fusion Hammer"}],"items_purged_floors":[19,38],"is_endless":false,"potions_floor_spawned":[7,8,14,16,23,25,29,33,37,39],"killed_by":"Nemesis","ascension_level":20}