{"gold_per_floor":[116,135,135,135,155,184,259,276,328,328,478,490,139,173,173,250,250,264,264,275,295,31,31,61,61,61,95,106,106,121,146,146,146],"floor_reached":33,"playtime":11582,"items_purged":["Doubt"],"score":630,"play_id":"03c5da75-f182-4ab4-afc5-9421fe13187a","local_time":"20210214133352","is_ascension_mode":true,"campfire_choices":[{"floor":10,"key":"REST"},{"data":"Shockwave","floor":15,"key":"SMITH"},{"data":"Carnage","floor":23,"key":"SMITH"},{"floor":29,"key":"REST"},{"floor":32,"key":"REST"}],"neow_cost":"PERCENT_DAMAGE","seed_source_timestamp":118554288435200,"circlet_count":0,"master_deck":["AscendersBane","Strike_R","Strike_R","Strike_R+1","Strike_R","Strike_R","Defend_R+1","Defend_R","Defend_R","Defend_R","Bash","Twin Strike","Carnage+1","Shockwave+1","True Grit","Spot Weakness","Flash of Steel","Offering","CurseOfTheBell","Shrug It Off","Inflame","Disarm","Immolate","Armaments+1","Bloodletting","Fiend Fire"],"relics":["Burning Blood","Pantograph","Red Skull","Tiny Chest","Calling Bell","MealTicket","White Beast Statue","Prayer Wheel","Gremlin Horn","Bronze Scales","Blue Candle","Happy Flower","Darkstone Periapt"],"potions_floor_usage":[6,18,20,21,24,24,27,30,31,31,33,33],"damage_taken":[{"damage":11,"enemies":"Jaw Worm","floor":1,"turns":5},{"damage":7,"enemies":"Small Slimes","floor":2,"turns":3},{"damage":1,"enemies":"Cultist","floor":5,"turns":3},{"damage":19,"enemies":"Gremlin Nob","floor":6,"turns":4},{"damage":5,"enemies":"Large Slime","floor":8,"turns":5},{"damage":8,"enemies":"Blue Slaver","floor":12,"turns":7},{"damage":20,"enemies":"Lagavulin","floor":14,"turns":8},{"damage":17,"enemies":"The Guardian","floor":16,"turns":11},{"damage":7,"enemies":"Chosen","floor":18,"turns":3},{"damage":13,"enemies":"3 Byrds","floor":20,"turns":5},{"damage":35,"enemies":"Centurion and Healer","floor":21,"turns":6},{"damage":43,"enemies":"Slavers","floor":24,"turns":5},{"damage":20,"enemies":"Gremlin Leader","floor":27,"turns":4},{"damage":27,"enemies":"Shelled Parasite and Fungi","floor":28,"turns":3},{"damage":22,"enemies":"Cultist and Chosen","floor":30,"turns":6},{"damage":26,"enemies":"Book of Stabbing","floor":31,"turns":5},{"damage":93,"enemies":"Champ","floor":33,"turns":18}],"seed_played":"-800826157930138717","potions_obtained":[{"floor":2,"key":"Ancient Potion"},{"floor":6,"key":"Energy Potion"},{"floor":12,"key":"BloodPotion"},{"floor":18,"key":"Ancient Potion"},{"floor":20,"key":"BloodPotion"},{"floor":21,"key":"EntropicBrew"},{"floor":24,"key":"DistilledChaos"},{"floor":27,"key":"EntropicBrew"},{"floor":30,"key":"LiquidMemories"},{"floor":31,"key":"EssenceOfSteel"}],"is_trial":false,"path_per_floor":["M","M","?","?","M","E","?","M","T","R","?","M","$","E","R","B",null,"M","?","M","M","$","R","E","$","T","E","M","R","M","E","R","B"],"character_chosen":"IRONCLAD","items_purchased":["Red Skull","Flash of Steel","Gremlin Horn"],"campfire_rested":3,"item_purchase_floors":[13,13,22],"current_hp_per_floor":[59,58,63,35,40,27,16,17,17,45,45,43,43,29,29,43,81,94,89,82,71,86,86,49,64,64,50,29,57,41,21,49,0],"gold":146,"neow_bonus":"TWENTY_PERCENT_HP_BONUS","is_prod":false,"is_daily":false,"chose_seed":false,"campfire_upgraded":2,"win_rate":0,"timestamp":1613338432,"path_taken":["M","M","?","?","M","E","?","M","T","R","?","?","$","E","R","BOSS","M","?","?","M","$","R","E","$","T","E","M","R","M","E","R","BOSS"],"build_version":"2020-12-18","purchased_purges":1,"victory":false,"max_hp_per_floor":[89,89,94,94,94,94,94,94,94,94,94,94,94,94,94,94,94,94,94,94,94,94,94,94,94,94,94,94,94,94,94,94,94],"relic_stats":{"Darkstone Periapt":0,"Gremlin Horn":[8,8],"Happy Flower":[10],"counters":[17,101],"Pantograph":50,"Bronze Scales":[105],"Blue Candle":[1],"Tiny Chest":0,"MealTicket":30,"Prayer Wheel":5,"obtain_stats":[{"Darkstone Periapt":31,"Gremlin Horn":22,"Happy Flower":27,"Blue Candle":26,"Burning Blood":0,"White Beast Statue":17,"Calling Bell":17,"Pantograph":6,"Bronze Scales":24,"Tiny Chest":14,"MealTicket":17,"Prayer Wheel":17,"Red Skull":13},{"Darkstone Periapt":16,"Gremlin Horn":11,"Happy Flower":13,"Blue Candle":12,"Burning Blood":0,"White Beast Statue":8,"Calling Bell":8,"Pantograph":4,"Bronze Scales":12,"Tiny Chest":7,"MealTicket":8,"Prayer Wheel":8,"Red Skull":6},{"Darkstone Periapt":83,"Gremlin Horn":60,"Happy Flower":69,"Blue Candle":65,"Burning Blood":0,"White Beast Statue":46,"Calling Bell":46,"Pantograph":15,"Bronze Scales":65,"Tiny Chest":35,"MealTicket":46,"Prayer Wheel":46,"Red Skull":27}],"Burning Blood":96},"card_choices":[{"not_picked":["Anger","Iron Wave"],"picked":"Twin Strike","floor":1},{"not_picked":["Flex","Clash"],"picked":"Carnage","floor":2},{"not_picked":["Body Slam","Perfected Strike","Heavy Blade"],"picked":"SKIP","floor":5},{"not_picked":["Flex","Clothesline"],"picked":"Shockwave","floor":6},{"not_picked":["Thunderclap","Pommel Strike"],"picked":"True Grit","floor":8},{"not_picked":["Double Tap","Wild Strike"],"picked":"Spot Weakness","floor":12},{"not_picked":["Iron Wave","Searing Blow","Rampage"],"picked":"SKIP","floor":14},{"not_picked":["Corruption","Impervious"],"picked":"Offering","floor":16},{"not_picked":["Cleave","Pommel Strike"],"picked":"Shrug It Off","floor":18},{"not_picked":["Iron Wave","Infernal Blade"],"picked":"Inflame","floor":18},{"not_picked":["Wild Strike+1","Clothesline","Warcry"],"picked":"SKIP","floor":20},{"not_picked":["Anger","Wild Strike","Warcry"],"picked":"SKIP","floor":20},{"not_picked":["Wild Strike","Flex"],"picked":"Disarm","floor":21},{"not_picked":["Dropkick","Wild Strike+1","Ghostly Armor"],"picked":"SKIP","floor":21},{"not_picked":["Inflame","Shockwave"],"picked":"Immolate","floor":24},{"not_picked":["True Grit","Iron Wave","Clash"],"picked":"SKIP","floor":27},{"not_picked":["Thunderclap","Flame Barrier"],"picked":"Armaments+1","floor":28},{"not_picked":["Headbutt+1","Inflame","Fire Breathing"],"picked":"SKIP","floor":28},{"not_picked":["Twin Strike","Evolve"],"picked":"Bloodletting","floor":30},{"not_picked":["Havoc","Shockwave","Dropkick"],"picked":"SKIP","floor":30},{"not_picked":["Anger+1","Pummel"],"picked":"Fiend Fire","floor":31}],"player_experience":3332458,"relics_obtained":[{"floor":6,"key":"Pantograph"},{"floor":14,"key":"Tiny Chest"},{"floor":17,"key":"MealTicket"},{"floor":17,"key":"White Beast Statue"},{"floor":17,"key":"Prayer Wheel"},{"floor":24,"key":"Bronze Scales"},{"floor":26,"key":"Blue Candle"},{"floor":27,"key":"Happy Flower"},{"floor":31,"key":"Darkstone Periapt"}],"event_choices":[{"damage_healed":0,"gold_gain":0,"player_choice":"Donut","damage_taken":0,"max_hp_gain":5,"max_hp_loss":0,"event_name":"Big Fish","floor":3,"gold_loss":0},{"damage_healed":0,"gold_gain":0,"player_choice":"Entered Light","damage_taken":28,"max_hp_gain":0,"max_hp_loss":0,"event_name":"Shining Light","floor":4,"gold_loss":0,"cards_upgraded":["Defend_R","Strike_R"]},{"damage_healed":0,"gold_gain":75,"player_choice":"Gather Gold","damage_taken":11,"max_hp_gain":0,"max_hp_loss":0,"event_name":"World of Goop","floor":7,"gold_loss":0},{"damage_healed":0,"gold_gain":150,"player_choice":"AGREE","damage_taken":0,"max_hp_gain":0,"max_hp_loss":0,"event_name":"Liars Game","floor":11,"gold_loss":0,"cards_obtained":["Doubt"]},{"damage_healed":0,"gold_gain":0,"player_choice":"Bought 0 Potions","damage_taken":0,"max_hp_gain":0,"max_hp_loss":0,"event_name":"The Woman in Blue","floor":19,"gold_loss":0}],"is_beta":true,"boss_relics":[{"not_picked":["Runic Pyramid","Ectoplasm"],"picked":"Calling Bell"}],"items_purged_floors":[13],"is_endless":false,"potions_floor_spawned":[2,6,12,16,18,20,21,24,27,28,30,31],"killed_by":"Champ","ascension_level":20}