{"gold_per_floor":[119,143,143,160,180,180,207,6,6,6,40,51,51,51,51,51],"floor_reached":16,"playtime":620,"items_purged":[],"score":216,"play_id":"2fe189cc-a157-4931-b069-f6cdd62a3c5f","local_time":"20210220220932","is_ascension_mode":true,"campfire_choices":[{"data":"Bash","floor":6,"key":"SMITH"},{"data":"Bludgeon","floor":10,"key":"SMITH"},{"data":"Juggernaut","floor":13,"key":"SMITH"},{"data":"1","floor":15,"key":"LIFT"}],"neow_cost":"NONE","seed_source_timestamp":678852449689600,"circlet_count":0,"master_deck":["AscendersBane","Strike_R","Strike_R","Strike_R","Strike_R","Defend_R","Defend_R","Defend_R","Defend_R","Bash+1","Twin Strike","Bludgeon+1","Juggernaut+1","Feel No Pain"],"relics":["Coffee Dripper","Omamori","Pear","Membership Card","Peace Pipe","Meat on the Bone","Girya"],"potions_floor_usage":[7,16],"damage_taken":[{"damage":0,"enemies":"Cultist","floor":1,"turns":3},{"damage":0,"enemies":"Small Slimes","floor":4,"turns":4},{"damage":4,"enemies":"Jaw Worm","floor":5,"turns":3},{"damage":28,"enemies":"Lagavulin","floor":7,"turns":7},{"damage":30,"enemies":"3 Sentries","floor":11,"turns":10},{"damage":6,"enemies":"Exordium Wildlife","floor":12,"turns":3},{"damage":17,"enemies":"Slime Boss","floor":16,"turns":6}],"seed_played":"-7933675242501290658","potions_obtained":[{"floor":1,"key":"BlessingOfTheForge"}],"is_trial":false,"path_per_floor":["M","T","?","M","M","R","E","$","T","R","E","M","R","?","R","B"],"character_chosen":"IRONCLAD","items_purchased":["Membership Card","Ancient Potion"],"campfire_rested":0,"item_purchase_floors":[8,8],"current_hp_per_floor":[68,68,61,61,57,57,39,39,39,39,9,15,15,15,15,0],"gold":51,"neow_bonus":"BOSS_RELIC","is_prod":false,"is_daily":false,"chose_seed":false,"campfire_upgraded":3,"win_rate":0,"timestamp":1613887772,"path_taken":["M","?","?","M","M","R","E","$","T","R","E","M","R","?","R","BOSS"],"build_version":"2020-12-18","purchased_purges":0,"victory":false,"max_hp_per_floor":[75,75,75,75,75,75,85,85,85,85,85,85,85,85,85,85],"relic_stats":{"Peace Pipe":0,"counters":[7,36],"obtain_stats":[{"Peace Pipe":9,"Girya":14,"Pear":7,"Coffee Dripper":0,"Omamori":2,"Membership Card":8,"Burning Blood":0,"Meat on the Bone":11},{"Peace Pipe":4,"Girya":6,"Pear":4,"Coffee Dripper":0,"Omamori":1,"Membership Card":4,"Burning Blood":0,"Meat on the Bone":5},{"Peace Pipe":17,"Girya":30,"Pear":17,"Coffee Dripper":0,"Omamori":3,"Membership Card":17,"Burning Blood":0,"Meat on the Bone":27}],"Meat on the Bone":12},"card_choices":[{"not_picked":["Intimidate","Iron Wave","Sword Boomerang"],"picked":"SKIP","floor":1},{"not_picked":["Thunderclap","Clash"],"picked":"Twin Strike","floor":4},{"not_picked":["Dropkick","Body Slam","Searing Blow"],"picked":"SKIP","floor":5},{"not_picked":["Heavy Blade","Armaments"],"picked":"Bludgeon","floor":7},{"not_picked":["Rupture","Clash"],"picked":"Juggernaut","floor":11},{"not_picked":["Power Through","Sword Boomerang"],"picked":"Feel No Pain","floor":12}],"player_experience":3453197,"relics_obtained":[{"floor":2,"key":"Omamori"},{"floor":7,"key":"Pear"},{"floor":9,"key":"Peace Pipe"},{"floor":11,"key":"Meat on the Bone"}],"event_choices":[{"cards_removed":["Strike_R"],"damage_healed":0,"gold_gain":0,"player_choice":"Card Removal","damage_taken":7,"max_hp_gain":0,"max_hp_loss":0,"event_name":"Golden Wing","floor":3,"gold_loss":0},{"damage_healed":0,"gold_gain":0,"player_choice":"Searched \u00271\u0027 times","damage_taken":0,"relics_obtained":["Girya"],"max_hp_gain":0,"max_hp_loss":0,"event_name":"Dead Adventurer","floor":14,"gold_loss":0},{"damage_healed":0,"gold_gain":0,"player_choice":"Searched \u00271\u0027 times","damage_taken":0,"relics_obtained":["Girya"],"max_hp_gain":0,"max_hp_loss":0,"event_name":"Dead Adventurer","floor":14,"gold_loss":0}],"is_beta":true,"boss_relics":[],"items_purged_floors":[],"is_endless":false,"potions_floor_spawned":[1],"killed_by":"Slime Boss","ascension_level":20}