{"gold_per_floor":[112,125,135,148,148,148,164,164,164,164,177,211,211,238,238,315,315,326,276,37,54,70,70,70,70,70,120,120,151,151,182,182,256,256,273,285,24,34,34],"floor_reached":39,"playtime":3150,"items_purged":["Strike_R","Strike_R"],"score":858,"play_id":"a244cc09-7221-4ef8-b0a5-7b0f69575187","local_time":"20210218221907","is_ascension_mode":true,"campfire_choices":[{"floor":6,"key":"REST"},{"data":"Hemokinesis","floor":8,"key":"SMITH"},{"data":"Bash","floor":10,"key":"SMITH"},{"floor":13,"key":"REST"},{"data":"Inflame","floor":15,"key":"SMITH"},{"data":"Armaments","floor":23,"key":"SMITH"},{"data":"Bloodletting","floor":25,"key":"SMITH"},{"floor":28,"key":"REST"},{"floor":30,"key":"REST"},{"floor":32,"key":"REST"}],"neow_cost":"NONE","seed_source_timestamp":504098405299400,"circlet_count":0,"master_deck":["AscendersBane","Strike_R","Strike_R","Strike_R","Defend_R","Defend_R+1","Defend_R","Defend_R+1","Bash+1","Twin Strike","Feel No Pain","Inflame+1","Infernal Blade","Hemokinesis+1","Perfected Strike+1","Shrug It Off","Impervious","Barricade+1","Bloodletting+1","Hemokinesis+1","Power Through","Armaments+1","Feel No Pain+1","Body Slam+1","Fiend Fire+1","Havoc+1","Shrug It Off","Battle Trance+1","Corruption","Shrug It Off+1","Armaments+1"],"relics":["Burning Blood","Lantern","Molten Egg 2","Torii","Self Forming Clay","Runic Cube","Letter Opener","Sundial","Bottled Lightning","Fusion Hammer","Orrery"],"potions_floor_usage":[11,11,12,14,22,29,31],"damage_taken":[{"damage":6,"enemies":"Cultist","floor":1,"turns":3},{"damage":9,"enemies":"2 Louse","floor":2,"turns":3},{"damage":14,"enemies":"Small Slimes","floor":3,"turns":4},{"damage":27,"enemies":"Exordium Thugs","floor":4,"turns":4},{"damage":12,"enemies":"Large Slime","floor":7,"turns":7},{"damage":2,"enemies":"Gremlin Gang","floor":11,"turns":3},{"damage":14,"enemies":"Lagavulin","floor":12,"turns":6},{"damage":10,"enemies":"Gremlin Nob","floor":14,"turns":3},{"damage":13,"enemies":"The Guardian","floor":16,"turns":13},{"damage":14,"enemies":"Shell Parasite","floor":18,"turns":6},{"damage":5,"enemies":"Chosen","floor":21,"turns":6},{"damage":25,"enemies":"Snecko","floor":22,"turns":7},{"damage":20,"enemies":"Slavers","floor":29,"turns":7},{"damage":36,"enemies":"Gremlin Leader","floor":31,"turns":8},{"damage":58,"enemies":"Champ","floor":33,"turns":13},{"damage":39,"enemies":"3 Darklings","floor":35,"turns":9},{"damage":14,"enemies":"Orb Walker","floor":36,"turns":3},{"damage":13,"enemies":"Spire Growth","floor":38,"turns":4},{"damage":14,"enemies":"Jaw Worm Horde","floor":39,"turns":4}],"seed_played":"-1543629501565652721","potions_obtained":[{"floor":3,"key":"DistilledChaos"},{"floor":7,"key":"Fire Potion"},{"floor":11,"key":"ColorlessPotion"},{"floor":12,"key":"Fire Potion"},{"floor":14,"key":"Energy Potion"},{"floor":18,"key":"Weak Potion"},{"floor":22,"key":"GamblersBrew"}],"is_trial":false,"path_per_floor":["M","M","M","M","?","R","M","R","T","R","M","E","R","E","R","B",null,"M","?","$","M","M","R","$","R","T","?","R","E","R","E","R","B",null,"M","M","$","M","M"],"character_chosen":"IRONCLAD","items_purchased":["Hemokinesis+1","Power Through","Orrery"],"campfire_rested":5,"item_purchase_floors":[20,20,37],"current_hp_per_floor":[68,65,57,36,13,35,29,29,29,29,33,25,47,43,43,36,65,57,57,57,58,39,39,39,39,39,39,61,47,69,39,61,9,59,26,18,18,11,0],"gold":34,"neow_bonus":"RANDOM_COMMON_RELIC","is_prod":false,"is_daily":false,"chose_seed":false,"campfire_upgraded":5,"win_rate":0,"timestamp":1613715547,"path_taken":["M","M","?","M","?","R","M","R","T","R","M","E","R","E","R","BOSS","M","?","?","M","M","R","$","R","T","?","R","E","R","E","R","BOSS","M","?","$","M","M"],"build_version":"2020-12-18","purchased_purges":2,"victory":false,"max_hp_per_floor":[75,75,75,75,75,75,75,75,75,75,75,75,75,75,75,75,75,75,75,75,75,75,75,75,75,75,75,75,75,75,75,75,75,75,75,75,75,75,75],"relic_stats":{"Torii":37,"counters":[19,113],"Self Forming Clay":[165],"Sundial":[4],"Letter Opener":[90],"obtain_stats":[{"Lantern":0,"Torii":12,"Self Forming Clay":14,"Sundial":29,"Orrery":37,"Molten Egg 2":9,"Fusion Hammer":34,"Letter Opener":26,"Bottled Lightning":31,"Burning Blood":0,"Runic Cube":17},{"Lantern":0,"Torii":7,"Self Forming Clay":8,"Sundial":13,"Orrery":17,"Molten Egg 2":5,"Fusion Hammer":15,"Letter Opener":12,"Bottled Lightning":14,"Burning Blood":0,"Runic Cube":9},{"Lantern":0,"Torii":30,"Self Forming Clay":33,"Sundial":72,"Orrery":105,"Molten Egg 2":21,"Fusion Hammer":93,"Letter Opener":65,"Bottled Lightning":80,"Burning Blood":0,"Runic Cube":46}],"Burning Blood":108,"Runic Cube":[49]},"card_choices":[{"not_picked":["Wild Strike","Shrug It Off"],"picked":"Twin Strike","floor":1},{"not_picked":["Dual Wield","Shrug It Off"],"picked":"Feel No Pain","floor":2},{"not_picked":["Shrug It Off","Sever Soul"],"picked":"Inflame","floor":3},{"not_picked":["Fire Breathing","Shrug It Off"],"picked":"Infernal Blade","floor":4},{"not_picked":["Bloodletting","Headbutt"],"picked":"Hemokinesis","floor":7},{"not_picked":["Clash+1","Infernal Blade"],"picked":"Perfected Strike+1","floor":11},{"not_picked":["Clothesline+1","Sword Boomerang+1"],"picked":"Shrug It Off","floor":12},{"not_picked":["Sword Boomerang+1","True Grit"],"picked":"Impervious","floor":14},{"not_picked":["Berserk","Double Tap"],"picked":"Barricade","floor":16},{"not_picked":["Fire Breathing+1","Havoc"],"picked":"Bloodletting","floor":18},{"not_picked":["Rage+1","Anger+1"],"picked":"Armaments","floor":21},{"not_picked":["Anger+1","Havoc"],"picked":"Feel No Pain+1","floor":22},{"not_picked":["Inflame","Sword Boomerang+1"],"picked":"Body Slam+1","floor":29},{"not_picked":["Thunderclap+1","Headbutt+1","Body Slam+1"],"picked":"SKIP","floor":31},{"not_picked":["Feed+1","Barricade"],"picked":"Fiend Fire+1","floor":33},{"not_picked":["Cleave+1","Heavy Blade+1"],"picked":"Havoc+1","floor":35},{"not_picked":["True Grit","Headbutt+1"],"picked":"Shrug It Off","floor":36},{"not_picked":["Anger+1","Clothesline+1"],"picked":"Battle Trance+1","floor":37},{"not_picked":["Twin Strike+1","Pommel Strike+1"],"picked":"Corruption","floor":37},{"not_picked":["Pummel+1","Sword Boomerang+1"],"picked":"Shrug It Off+1","floor":37},{"not_picked":["Havoc","Warcry+1"],"picked":"Armaments+1","floor":37},{"not_picked":["Iron Wave+1","Clothesline+1","Infernal Blade"],"picked":"SKIP","floor":38}],"player_experience":3406765,"relics_obtained":[{"floor":9,"key":"Molten Egg 2"},{"floor":12,"key":"Torii"},{"floor":14,"key":"Self Forming Clay"},{"floor":26,"key":"Letter Opener"},{"floor":29,"key":"Sundial"},{"floor":31,"key":"Bottled Lightning"}],"event_choices":[{"damage_healed":0,"gold_gain":0,"player_choice":"Entered Light","damage_taken":23,"max_hp_gain":0,"max_hp_loss":0,"event_name":"Shining Light","floor":5,"gold_loss":0,"cards_upgraded":["Defend_R","Defend_R"]},{"damage_healed":0,"gold_gain":0,"player_choice":"Upgrade","damage_taken":0,"max_hp_gain":0,"max_hp_loss":0,"event_name":"Designer","floor":19,"gold_loss":50,"cards_upgraded":["Barricade"]},{"damage_healed":0,"gold_gain":50,"player_choice":"Pray","damage_taken":0,"max_hp_gain":0,"max_hp_loss":0,"event_name":"Golden Shrine","floor":27,"gold_loss":0}],"is_beta":true,"boss_relics":[{"not_picked":["Coffee Dripper","Mark of Pain"],"picked":"Runic Cube"},{"not_picked":["Runic Pyramid","Busted Crown"],"picked":"Fusion Hammer"}],"items_purged_floors":[20,37],"is_endless":false,"potions_floor_spawned":[3,7,11,12,14,18,22],"killed_by":"Jaw Worm Horde","ascension_level":20}