{"gold_per_floor":[112,112,129,129,152,183,183,217,217,217,217,274,303,316,316,316],"floor_reached":16,"playtime":1500,"items_purged":[],"score":282,"play_id":"59dd01a9-228c-4683-b5cb-730ac5216ce4","local_time":"20210220101404","is_ascension_mode":true,"campfire_choices":[{"data":"Armaments","floor":7,"key":"SMITH"},{"floor":10,"key":"REST"},{"data":"Hemokinesis","floor":15,"key":"SMITH"}],"neow_cost":"NONE","seed_source_timestamp":635044591223600,"circlet_count":0,"master_deck":["AscendersBane","Strike_R","Strike_R","Strike_R","Strike_R+1","Defend_R","Defend_R+1","Defend_R","Defend_R","Bash+1","Twin Strike","Anger","Armaments+1","Feed","Hemokinesis+1"],"relics":["Burning Blood","NeowsBlessing","Juzu Bracelet","Self Forming Clay","WingedGreaves","Orichalcum","Regal Pillow","InkBottle"],"potions_floor_usage":[12,16],"damage_taken":[{"damage":0,"enemies":"Small Slimes","floor":1,"turns":1},{"damage":0,"enemies":"Jaw Worm","floor":3,"turns":1},{"damage":0,"enemies":"Lagavulin","floor":6,"turns":1},{"damage":34,"enemies":"Gremlin Nob","floor":8,"turns":4},{"damage":39,"enemies":"Lagavulin Event","floor":12,"turns":6},{"damage":14,"enemies":"Lagavulin","floor":13,"turns":7},{"damage":2,"enemies":"2 Louse","floor":14,"turns":2},{"damage":25,"enemies":"Hexaghost","floor":16,"turns":7}],"seed_played":"6822685614520701155","potions_obtained":[{"floor":3,"key":"Explosive Potion"},{"floor":8,"key":"Dexterity Potion"}],"is_trial":false,"path_per_floor":["M","?","M","?","T","E","R","E","T","R","?","?","E","M","R","B"],"character_chosen":"IRONCLAD","items_purchased":[],"campfire_rested":1,"item_purchase_floors":[],"current_hp_per_floor":[74,74,75,52,52,58,58,30,30,52,52,19,11,19,19,0],"gold":316,"neow_bonus":"THREE_ENEMY_KILL","is_prod":false,"is_daily":false,"chose_seed":false,"campfire_upgraded":2,"win_rate":0,"timestamp":1613844844,"path_taken":["M","?","M","?","?","E","R","E","T","R","?","?","E","M","R","BOSS"],"build_version":"2020-12-18","purchased_purges":0,"victory":false,"max_hp_per_floor":[75,75,75,75,75,75,75,75,75,75,75,75,75,79,79,79],"relic_stats":{"Regal Pillow":0,"counters":[8,29],"Self Forming Clay":[39],"Juzu Bracelet":1,"Orichalcum":[54],"obtain_stats":[{"Regal Pillow":12,"NeowsBlessing":0,"Self Forming Clay":6,"WingedGreaves":8,"Juzu Bracelet":5,"Orichalcum":9,"Burning Blood":0,"InkBottle":13},{"Regal Pillow":5,"NeowsBlessing":0,"Self Forming Clay":3,"WingedGreaves":4,"Juzu Bracelet":2,"Orichalcum":4,"Burning Blood":0,"InkBottle":6},{"Regal Pillow":13,"NeowsBlessing":0,"Self Forming Clay":3,"WingedGreaves":7,"Juzu Bracelet":2,"Orichalcum":7,"Burning Blood":0,"InkBottle":20}],"Burning Blood":37,"InkBottle":[2]},"card_choices":[{"not_picked":["Clash","Flex"],"picked":"Twin Strike","floor":1},{"not_picked":["Sword Boomerang","Wild Strike"],"picked":"Anger","floor":3},{"not_picked":["Perfected Strike","Rupture"],"picked":"Armaments","floor":6},{"not_picked":["Burning Pact","Searing Blow","Infernal Blade"],"picked":"SKIP","floor":8},{"not_picked":["Sword Boomerang","Perfected Strike"],"picked":"Feed","floor":12},{"not_picked":["Havoc","Wild Strike"],"picked":"Hemokinesis","floor":13},{"not_picked":["Anger","Perfected Strike","Body Slam"],"picked":"SKIP","floor":14}],"player_experience":3428933,"relics_obtained":[{"floor":5,"key":"Juzu Bracelet"},{"floor":6,"key":"Self Forming Clay"},{"floor":8,"key":"WingedGreaves"},{"floor":9,"key":"Orichalcum"},{"floor":12,"key":"Regal Pillow"},{"floor":13,"key":"InkBottle"}],"event_choices":[{"damage_healed":0,"gold_gain":0,"player_choice":"Grow","damage_taken":0,"max_hp_gain":0,"max_hp_loss":0,"event_name":"Living Wall","floor":2,"gold_loss":0,"cards_upgraded":["Bash"]},{"damage_healed":0,"gold_gain":0,"player_choice":"Entered Light","damage_taken":23,"max_hp_gain":0,"max_hp_loss":0,"event_name":"Shining Light","floor":4,"gold_loss":0,"cards_upgraded":["Defend_R","Strike_R"]},{"cards_removed":["Strike_R"],"damage_healed":0,"gold_gain":0,"player_choice":"Purged","damage_taken":0,"max_hp_gain":0,"max_hp_loss":0,"event_name":"Purifier","floor":11,"gold_loss":0},{"damage_healed":0,"gold_gain":0,"player_choice":"Searched \u00271\u0027 times","damage_taken":0,"max_hp_gain":0,"max_hp_loss":0,"event_name":"Dead Adventurer","floor":12,"gold_loss":0}],"is_beta":true,"boss_relics":[],"items_purged_floors":[],"is_endless":false,"potions_floor_spawned":[3,8],"killed_by":"Hexaghost","ascension_level":20}