{"gold_per_floor":[117,129,129,148,162,187,187,217,217,232,232,257,257,269,269,342,342,361,361],"floor_reached":19,"playtime":1311,"items_purged":[],"score":378,"play_id":"0de1f7df-94f0-44aa-88bc-43bd2b5b30a5","local_time":"20210219000033","is_ascension_mode":true,"campfire_choices":[{"data":"Twin Strike","floor":7,"key":"SMITH"},{"data":"Combust","floor":11,"key":"SMITH"},{"data":"Rupture","floor":13,"key":"SMITH"},{"floor":15,"key":"REST"}],"neow_cost":"PERCENT_DAMAGE","seed_source_timestamp":512023351451000,"circlet_count":0,"master_deck":["AscendersBane","Strike_R","Strike_R","Strike_R","Strike_R","Strike_R","Defend_R","Defend_R","Defend_R","Defend_R","Bash","Master of Strategy","Twin Strike+1","Rupture+1","Infernal Blade","Battle Trance","Combust+1","Impervious"],"relics":["Burning Blood","Juzu Bracelet","Ornamental Fan","Kunai","Sundial","Snecko Eye"],"potions_floor_usage":[6,8,12,16],"damage_taken":[{"damage":6,"enemies":"Jaw Worm","floor":1,"turns":6},{"damage":1,"enemies":"Cultist","floor":2,"turns":3},{"damage":5,"enemies":"Small Slimes","floor":4,"turns":3},{"damage":18,"enemies":"2 Fungi Beasts","floor":5,"turns":4},{"damage":32,"enemies":"Gremlin Nob","floor":6,"turns":4},{"damage":20,"enemies":"3 Sentries","floor":8,"turns":10},{"damage":4,"enemies":"3 Louse","floor":10,"turns":4},{"damage":16,"enemies":"Lagavulin","floor":12,"turns":6},{"damage":18,"enemies":"Blue Slaver","floor":14,"turns":3},{"damage":36,"enemies":"Slime Boss","floor":16,"turns":7},{"damage":31,"enemies":"Shell Parasite","floor":18,"turns":4},{"damage":36,"enemies":"Masked Bandits","floor":19,"turns":3}],"seed_played":"-4667688521375948268","potions_obtained":[{"floor":1,"key":"Energy Potion"},{"floor":5,"key":"BloodPotion"},{"floor":6,"key":"SkillPotion"},{"floor":14,"key":"PowerPotion"}],"is_trial":false,"path_per_floor":["M","M","?","M","M","E","R","E","T","M","R","E","R","M","R","B",null,"M","?"],"character_chosen":"IRONCLAD","items_purchased":[],"campfire_rested":1,"item_purchase_floors":[],"current_hp_per_floor":[50,55,75,75,63,37,37,23,23,25,25,30,30,18,40,10,59,34,0],"gold":361,"neow_bonus":"RANDOM_COLORLESS_2","is_prod":false,"is_daily":false,"chose_seed":false,"campfire_upgraded":3,"win_rate":0,"timestamp":1613721633,"path_taken":["M","M","?","M","?","E","R","E","T","M","R","E","R","M","R","BOSS","M","?"],"build_version":"2020-12-18","purchased_purges":0,"victory":false,"max_hp_per_floor":[75,75,75,75,75,75,75,75,75,75,75,75,75,75,75,75,75,75,75],"relic_stats":{"counters":[12,57],"Ornamental Fan":[16],"Sundial":[4],"Snecko Eye":[15,14,13,13],"Juzu Bracelet":0,"Kunai":[4],"obtain_stats":[{"Ornamental Fan":8,"Sundial":12,"Snecko Eye":17,"Juzu Bracelet":6,"Kunai":9,"Burning Blood":0},{"Ornamental Fan":6,"Sundial":8,"Snecko Eye":10,"Juzu Bracelet":5,"Kunai":6,"Burning Blood":0},{"Ornamental Fan":30,"Sundial":40,"Snecko Eye":50,"Juzu Bracelet":20,"Kunai":30,"Burning Blood":0}],"Burning Blood":65},"card_choices":[{"not_picked":["Thinking Ahead","Chrysalis"],"picked":"Master of Strategy","floor":0},{"not_picked":["Disarm","Cleave"],"picked":"Twin Strike","floor":1},{"not_picked":["Dark Embrace","Wild Strike"],"picked":"Spot Weakness","floor":2},{"not_picked":["Dark Embrace","Sword Boomerang"],"picked":"Rupture","floor":4},{"not_picked":["Sword Boomerang","Havoc","Dropkick"],"picked":"SKIP","floor":5},{"not_picked":["Exhume","Anger"],"picked":"Infernal Blade","floor":6},{"not_picked":["Twin Strike","True Grit"],"picked":"Battle Trance","floor":8},{"not_picked":["Twin Strike","Armaments"],"picked":"Combust","floor":10},{"not_picked":["Perfected Strike","Flex","Wild Strike"],"picked":"SKIP","floor":12},{"not_picked":["Searing Blow","Flame Barrier","Iron Wave"],"picked":"SKIP","floor":14},{"not_picked":["Exhume","Juggernaut"],"picked":"Impervious","floor":16},{"not_picked":["Metallicize","Havoc","Rupture"],"picked":"SKIP","floor":18}],"player_experience":3412684,"relics_obtained":[{"floor":6,"key":"Juzu Bracelet"},{"floor":8,"key":"Ornamental Fan"},{"floor":9,"key":"Kunai"},{"floor":12,"key":"Sundial"}],"event_choices":[{"cards_removed":["Spot Weakness"],"damage_healed":20,"gold_gain":0,"player_choice":"Offered Uncommon","damage_taken":0,"max_hp_gain":0,"max_hp_loss":0,"event_name":"Bonfire Elementals","floor":3,"gold_loss":0},{"damage_healed":0,"gold_gain":0,"player_choice":"Fought Bandits","damage_taken":0,"max_hp_gain":0,"max_hp_loss":0,"event_name":"Masked Bandits","floor":19,"gold_loss":0}],"is_beta":true,"boss_relics":[{"not_picked":["Runic Cube","SacredBark"],"picked":"Snecko Eye"}],"items_purged_floors":[],"is_endless":false,"potions_floor_spawned":[1,5,6,14],"killed_by":"Masked Bandits","ascension_level":20}