{"gold_per_floor":[115,115,40,55,25,25,54,54,81,113,113,127,145,179,179,253,253,271,271,305,319,269,269,281,315,315,347,347,347,381,29,29,103,103,113,127,152,102,102,131,131],"floor_reached":41,"playtime":4089,"items_purged":["Pain","Bite","Purity+1"],"score":1161,"play_id":"6190e240-45cf-4047-a654-6b2790e8ac2a","local_time":"20210214150417","is_ascension_mode":true,"campfire_choices":[{"data":"Carnage","floor":6.0,"key":"SMITH"},{"data":"Armaments","floor":8.0,"key":"SMITH"},{"data":"Immolate","floor":15.0,"key":"SMITH"},{"floor":23,"key":"RECALL"},{"floor":28,"key":"REST"},{"floor":32,"key":"REST"}],"neow_cost":"NONE","seed_source_timestamp":131426110958600,"circlet_count":0,"master_deck":["AscendersBane","Defend_R","Defend_R","Bash+1","Carnage+1","Pommel Strike","Armaments+1","Battle Trance","Feed","Uppercut","Immolate+1","Headbutt","Reaper","Bite","Bite","Bite","Shockwave","Bloodletting","Flex","Reaper","Flash of Steel","Flame Barrier","Impervious","Seeing Red+1","Sever Soul+1"],"special_seed":0,"relics":["Burning Blood","WarpedTongs","Bottled Lightning","Ancient Tea Set","Smiling Mask","Juzu Bracelet","Fusion Hammer","Red Mask","Kunai","Pear","Happy Flower","Dream Catcher","Astrolabe","WingedGreaves","HornCleat"],"potions_floor_usage":[25,33,40,41],"damage_taken":[{"damage":10.0,"enemies":"Small Slimes","floor":1.0,"turns":4.0},{"damage":0.0,"enemies":"Cultist","floor":4.0,"turns":3.0},{"damage":8.0,"enemies":"Gremlin Nob","floor":7.0,"turns":3.0},{"damage":20.0,"enemies":"3 Sentries","floor":10.0,"turns":7.0},{"damage":6.0,"enemies":"2 Louse","floor":12.0,"turns":4.0},{"damage":6.0,"enemies":"Exordium Wildlife","floor":13.0,"turns":4.0},{"damage":8.0,"enemies":"Gremlin Nob","floor":14.0,"turns":3.0},{"damage":0.0,"enemies":"Slime Boss","floor":16.0,"turns":7.0},{"damage":7.0,"enemies":"Shell Parasite","floor":18.0,"turns":4.0},{"damage":12,"enemies":"Masked Bandits","floor":20,"turns":2},{"damage":8,"enemies":"3 Byrds","floor":21,"turns":5},{"damage":13,"enemies":"Snake Plant","floor":24,"turns":2},{"damage":14,"enemies":"Gremlin Leader","floor":25,"turns":5},{"damage":66,"enemies":"Book of Stabbing","floor":27,"turns":6},{"damage":3,"enemies":"Gremlin Leader","floor":30,"turns":6},{"damage":55,"enemies":"Automaton","floor":33,"turns":8},{"damage":7,"enemies":"Orb Walker","floor":35,"turns":3},{"damage":27,"enemies":"3 Darklings","floor":36,"turns":6},{"damage":3,"enemies":"Mind Bloom Boss Battle","floor":37,"turns":5},{"damage":56,"enemies":"Reptomancer","floor":40,"turns":7},{"damage":187,"enemies":"Giant Head","floor":41,"turns":10}],"seed_played":"8296520380880323321","potions_obtained":[{"floor":1.0,"key":"SneckoOil"},{"floor":13.0,"key":"ElixirPotion"},{"floor":14.0,"key":"LiquidMemories"},{"floor":16.0,"key":"Block Potion"},{"floor":18.0,"key":"Regen Potion"},{"floor":21,"key":"SkillPotion"},{"floor":30,"key":"PowerPotion"},{"floor":33,"key":"ColorlessPotion"},{"floor":35,"key":"AttackPotion"}],"is_trial":false,"path_per_floor":["M","?","$","M","$","R","E","R","T","E","?","M","M","E","R","B",null,"M","?","?","M","?","R","M","E","T","E","R","?","E","$","R","B",null,"M","M","?","$","?","E","E"],"character_chosen":"IRONCLAD","items_purchased":["Armaments","Reaper","Flash of Steel","Flame Barrier"],"campfire_rested":2,"item_purchase_floors":[5,31,31,31],"current_hp_per_floor":[64,64,64,70,70,70,68,68,68,54,47,50,54,52,52,62,80,83,62,60,70,70,70,68,70,80,31,57,57,91,91,91,88,90,91,87,95,95,95,95,0],"gold":131,"neow_bonus":"UPGRADE_CARD","is_prod":false,"is_daily":false,"chose_seed":false,"campfire_upgraded":3,"win_rate":0,"timestamp":1613343857,"path_taken":["M","?","?","M","$","R","E","R","T","E","?","M","M","E","R","BOSS","M","?","?","M","?","R","M","E","T","E","R","?","E","?","R","BOSS","M","M","?","$","?","E","E"],"build_version":"2020-12-18","purchased_purges":3,"victory":false,"max_hp_per_floor":[75,75,75,75,75,75,75,75,75,75,75,78,82,82,82,86,86,90,62,66,70,70,70,70,73,83,87,87,87,91,91,91,91,91,91,91,95,95,95,95,95],"relic_stats":{"Dream Catcher":1,"Happy Flower":[15],"counters":[21,104],"Astrolabe":["Seeing Red","Purity","Sever Soul"],"Juzu Bracelet":1,"Kunai":[20],"Smiling Mask":125,"obtain_stats":[{"Pear":26,"Happy Flower":27,"Astrolabe":34,"Juzu Bracelet":14,"Ancient Tea Set":9,"Smiling Mask":10,"Burning Blood":0,"WarpedTongs":2,"Dream Catcher":30,"HornCleat":40,"Fusion Hammer":17,"WingedGreaves":37,"Red Mask":20,"Bottled Lightning":7,"Kunai":25},{"Pear":13,"Happy Flower":14,"Astrolabe":16,"Juzu Bracelet":7,"Ancient Tea Set":3,"Smiling Mask":4,"Burning Blood":0,"WarpedTongs":1,"Dream Catcher":15,"HornCleat":20,"Fusion Hammer":8,"WingedGreaves":19,"Red Mask":10,"Bottled Lightning":3,"Kunai":13},{"Pear":53,"Happy Flower":59,"Astrolabe":73,"Juzu Bracelet":28,"Ancient Tea Set":10,"Smiling Mask":17,"Burning Blood":0,"WarpedTongs":4,"Dream Catcher":65,"HornCleat":94,"Fusion Hammer":35,"WingedGreaves":87,"Red Mask":41,"Bottled Lightning":10,"Kunai":53}],"Burning Blood":102,"WarpedTongs":[96]},"card_choices":[{"not_picked":["Clash","Twin Strike"],"picked":"Carnage","floor":1.0},{"not_picked":["Anger","Wild Strike"],"picked":"Pommel Strike","floor":4.0},{"not_picked":["Spot Weakness","Shrug It Off"],"picked":"Battle Trance","floor":7.0},{"not_picked":["Pommel Strike","Clothesline"],"picked":"Feed","floor":10.0},{"not_picked":["Clothesline","Anger"],"picked":"Uppercut","floor":12.0},{"not_picked":["Wild Strike","Infernal Blade"],"picked":"Immolate","floor":13.0},{"not_picked":["Intimidate","Feel No Pain"],"picked":"Headbutt","floor":14.0},{"not_picked":["Exhume","Berserk"],"picked":"Reaper","floor":16.0},{"not_picked":["Warcry","True Grit","Whirlwind"],"picked":"SKIP","floor":18.0},{"not_picked":["Wild Strike","Clash"],"picked":"Shockwave","floor":20},{"not_picked":["Fire Breathing","Cleave","Second Wind"],"picked":"SKIP","floor":21},{"not_picked":["Twin Strike","Anger","Thunderclap"],"picked":"SKIP","floor":24},{"not_picked":["Brutality","Feel No Pain"],"picked":"Bloodletting","floor":25},{"not_picked":["Armaments","Fire Breathing"],"picked":"Flex","floor":27},{"not_picked":["Carnage","Havoc","Feel No Pain"],"picked":"SKIP","floor":30},{"not_picked":["Brutality","Immolate"],"picked":"Impervious","floor":33},{"not_picked":["Anger","Wild Strike","Clash"],"picked":"SKIP","floor":35},{"not_picked":["Flex","Havoc","Heavy Blade"],"picked":"SKIP","floor":36},{"not_picked":["Clash","Metallicize","Dark Embrace"],"picked":"SKIP","floor":40}],"player_experience":3344945,"relics_obtained":[{"floor":7.0,"key":"Bottled Lightning"},{"floor":9.0,"key":"Ancient Tea Set"},{"floor":10.0,"key":"Smiling Mask"},{"floor":14.0,"key":"Juzu Bracelet"},{"floor":20,"key":"Red Mask"},{"floor":25,"key":"Kunai"},{"floor":26,"key":"Pear"},{"floor":27,"key":"Happy Flower"},{"floor":30,"key":"Dream Catcher"},{"floor":37,"key":"WingedGreaves"},{"floor":40,"key":"HornCleat"}],"event_choices":[{"damage_healed":0.0,"max_hp_gain":0.0,"max_hp_loss":0.0,"gold_gain":0.0,"event_name":"Accursed Blacksmith","player_choice":"Rummage","floor":2.0,"gold_loss":0.0,"damage_taken":0.0,"relics_obtained":["WarpedTongs"],"cards_obtained":["Pain"]},{"cards_removed":["Strike_R"],"damage_healed":0.0,"max_hp_gain":0.0,"max_hp_loss":0.0,"gold_gain":0.0,"event_name":"Golden Wing","player_choice":"Card Removal","floor":11.0,"gold_loss":0.0,"damage_taken":7.0},{"damage_healed":0.0,"max_hp_gain":0.0,"max_hp_loss":28.0,"gold_gain":0.0,"event_name":"Vampires","player_choice":"Became a vampire","floor":19.0,"gold_loss":0.0,"damage_taken":0.0,"cards_obtained":["Bite","Bite","Bite","Bite","Bite"]},{"damage_healed":0,"gold_gain":0,"player_choice":"Fought Bandits","damage_taken":0,"max_hp_gain":0,"max_hp_loss":0,"event_name":"Masked Bandits","floor":20,"gold_loss":0},{"damage_healed":0,"gold_gain":0,"player_choice":"Bet on Owner","damage_taken":0,"max_hp_gain":0,"max_hp_loss":0,"event_name":"The Joust","floor":22,"gold_loss":50},{"damage_healed":0,"gold_gain":0,"player_choice":"0 cards matched","damage_taken":0,"max_hp_gain":0,"max_hp_loss":0,"event_name":"Match and Keep!","floor":29,"gold_loss":0,"cards_obtained":[]},{"damage_healed":0,"gold_gain":0,"player_choice":"Fight","damage_taken":0,"max_hp_gain":0,"max_hp_loss":0,"event_name":"MindBloom","floor":37,"gold_loss":0},{"damage_healed":0,"gold_gain":0,"player_choice":"Ignored","damage_taken":0,"max_hp_gain":0,"max_hp_loss":0,"event_name":"SecretPortal","floor":39,"gold_loss":0}],"is_beta":true,"boss_relics":[{"not_picked":["Empty Cage","Cursed Key"],"picked":"Fusion Hammer"},{"not_picked":["Busted Crown","Runic Cube"],"picked":"Astrolabe"}],"items_purged_floors":[3,31,38],"is_endless":false,"potions_floor_spawned":[1,13,14,16,18,21,30,33,35,36],"killed_by":"Giant Head","ascension_level":20}