{"gold_per_floor":[113,113,13,13,25,25,41,56,56,89,89,0,0,33,33,104,104,114,39,58,83,83,113,113,125,125,155,155,187,204,232,232,306,306,325,673,691,702,702,702,715,746,769,785,815,815,169,185,185,185,185,185,185,5,32,32],"floor_reached":56,"playtime":4170,"items_purged":["Strike_R","Strike_R"],"score":2111,"play_id":"cbbdc96a-260e-4cb1-93e9-6c6c67f15d45","local_time":"20210220232900","is_ascension_mode":true,"campfire_choices":[{"data":"Bash","floor":6.0,"key":"SMITH"},{"data":"Blood for Blood","floor":11.0,"key":"SMITH"},{"data":"Pommel Strike","floor":13.0,"key":"SMITH"},{"data":"Hemokinesis","floor":15.0,"key":"SMITH"},{"floor":24.0,"key":"REST"},{"floor":28.0,"key":"REST"},{"floor":32,"key":"REST"},{"floor":40,"key":"RECALL"},{"floor":46,"key":"REST"},{"floor":49,"key":"REST"},{"floor":53,"key":"REST"}],"neow_cost":"TEN_PERCENT_HP_LOSS","seed_source_timestamp":680007561046400,"circlet_count":0,"master_deck":["AscendersBane","Strike_R","Defend_R","Defend_R","Defend_R","Defend_R","Bash+1","Feed","Shrug It Off","PanicButton","Feel No Pain","Shrug It Off","Pommel Strike+1","Blood for Blood+1","Dark Shackles","Hemokinesis+1","Hemokinesis+1","Battle Trance","Shockwave","Exhume","Armaments+1","Metallicize+1","Seeing Red+1","Battle Trance","Entrench+1","Metallicize+1","Dark Embrace","Combust","Rupture","Body Slam+1","Reaper"],"special_seed":0,"relics":["Burning Blood","CultistMask","Kunai","Mercury Hourglass","Pen Nib","White Beast Statue","Fusion Hammer","Red Mask","The Courier","Meat on the Bone","Question Card","Thread and Needle","Gremlin Horn","Empty Cage","Old Coin","Strawberry","Bag of Marbles","Happy Flower","Nunchaku","TheAbacus","Medical Kit","Bronze Scales"],"potions_floor_usage":[29,33,36,42,42,44,44,45,48,50,55,55],"damage_taken":[{"damage":10.0,"enemies":"2 Louse","floor":1.0,"turns":4.0},{"damage":9.0,"enemies":"Cultist","floor":5.0,"turns":6.0},{"damage":7.0,"enemies":"Small Slimes","floor":7.0,"turns":4.0},{"damage":6.0,"enemies":"Looter","floor":8.0,"turns":4.0},{"damage":8.0,"enemies":"Gremlin Nob","floor":10.0,"turns":3.0},{"damage":4.0,"enemies":"3 Sentries","floor":14.0,"turns":7.0},{"damage":52.0,"enemies":"Hexaghost","floor":16.0,"turns":9.0},{"damage":14.0,"enemies":"3 Byrds","floor":18.0,"turns":4.0},{"damage":2.0,"enemies":"2 Thieves","floor":20.0,"turns":3.0},{"damage":11.0,"enemies":"Masked Bandits","floor":21.0,"turns":4.0},{"damage":11.0,"enemies":"Gremlin Leader","floor":23.0,"turns":3.0},{"damage":4.0,"enemies":"Cultist and Chosen","floor":25.0,"turns":5.0},{"damage":24.0,"enemies":"Slavers","floor":27.0,"turns":4.0},{"damage":23,"enemies":"Book of Stabbing","floor":29,"turns":3},{"damage":4,"enemies":"Snake Plant","floor":30,"turns":3},{"damage":4,"enemies":"Gremlin Leader","floor":31,"turns":3},{"damage":46,"enemies":"Automaton","floor":33,"turns":8},{"damage":4,"enemies":"Orb Walker","floor":35,"turns":4},{"damage":7,"enemies":"2 Orb Walkers","floor":36,"turns":3},{"damage":4,"enemies":"3 Shapes","floor":37,"turns":4},{"damage":6,"enemies":"Sphere and 2 Shapes","floor":38,"turns":4},{"damage":6,"enemies":"Jaw Worm Horde","floor":41,"turns":4},{"damage":50,"enemies":"Giant Head","floor":42,"turns":7},{"damage":8,"enemies":"Transient","floor":44,"turns":6},{"damage":14,"enemies":"Reptomancer","floor":45,"turns":6},{"damage":28,"enemies":"Sphere and 2 Shapes","floor":48,"turns":6},{"damage":60,"enemies":"Time Eater","floor":50,"turns":10},{"damage":41,"enemies":"Donu and Deca","floor":51,"turns":10},{"damage":86,"enemies":"Shield and Spear","floor":55,"turns":9},{"damage":93,"enemies":"The Heart","floor":56,"turns":3}],"seed_played":"5587509394348990801","potions_obtained":[{"floor":7.0,"key":"SteroidPotion"},{"floor":8.0,"key":"Fire Potion"},{"floor":14.0,"key":"SteroidPotion"},{"floor":16.0,"key":"AttackPotion"},{"floor":18.0,"key":"SteroidPotion"},{"floor":20.0,"key":"PowerPotion"},{"floor":21.0,"key":"Energy Potion"},{"floor":23.0,"key":"Strength Potion"},{"floor":27.0,"key":"CultistPotion"},{"floor":29,"key":"AttackPotion"},{"floor":33,"key":"Block Potion"},{"floor":36,"key":"SteroidPotion"},{"floor":38,"key":"LiquidMemories"},{"floor":41,"key":"FearPotion"},{"floor":42,"key":"EntropicBrew"},{"floor":44,"key":"Explosive Potion"},{"floor":45,"key":"PowerPotion"},{"floor":48,"key":"Fire Potion"},{"floor":55,"key":"FairyPotion"}],"is_trial":false,"path_per_floor":["M","?","$","T","M","R","M","M","T","E","R","$","R","E","R","B",null,"M","$","M","?","?","E","R","M","T","E","R","E","M","E","R","B",null,"M","?","M","M","?","R","M","E","T","M","E","R","$","M","R","B","B",null,"R","$","E","B"],"character_chosen":"IRONCLAD","items_purchased":["PanicButton","Dark Shackles","Dark Embrace","Combust","Rupture","Happy Flower","Nunchaku","TheAbacus","Medical Kit","AttackPotion"],"campfire_rested":6,"item_purchase_floors":[3,12,47,47,47,47,47,47,54,54],"current_hp_per_floor":[67,67,67,67,64,64,66,66,66,67,67,67,67,69,69,23,64,56,56,60,55,33,31,56,61,61,58,85,68,73,78,97,57,87,89,88,93,93,93,93,96,71,71,69,73,106,106,92,118,68,45,103,122,122,54,0],"gold":32,"neow_bonus":"THREE_RARE_CARDS","is_prod":false,"is_daily":false,"chose_seed":false,"campfire_upgraded":4,"win_rate":0,"timestamp":1613892540,"path_taken":["M","?","$","?","M","R","M","M","T","E","R","$","R","E","R","BOSS","M","$","M","?","?","E","R","M","T","E","R","E","M","E","R","BOSS","M","?","M","M","?","R","M","E","T","M","E","R","$","?","R","BOSS","BOSS","R","$","E","BOSS"],"build_version":"2020-12-18","purchased_purges":2,"victory":false,"max_hp_per_floor":[71,71,71,71,71,71,74,74,74,77,77,77,77,77,77,77,77,77,77,77,77,82,85,85,88,88,91,91,91,94,97,97,97,97,97,97,100,100,100,100,103,110,110,110,110,110,110,118,118,122,122,122,122,122,122,122],"relic_stats":{"Gremlin Horn":[11,17],"Happy Flower":[12],"counters":[30,152],"Pen Nib":[23],"Question Card":14,"Medical Kit":[8],"Burning Blood":174,"Mercury Hourglass":[496],"Nunchaku":[5],"TheAbacus":[48],"Bronze Scales":[42],"Kunai":[33],"obtain_stats":[{"Gremlin Horn":31,"Happy Flower":47,"Thread and Needle":29,"Pen Nib":10,"The Courier":23,"Question Card":27,"Empty Cage":34,"Medical Kit":54,"Burning Blood":0,"White Beast Statue":14,"Mercury Hourglass":9,"Old Coin":36,"Nunchaku":47,"TheAbacus":47,"Strawberry":42,"Bronze Scales":55,"CultistMask":2,"Fusion Hammer":17,"Red Mask":21,"Bag of Marbles":45,"Kunai":4,"Meat on the Bone":26},{"Gremlin Horn":16,"Happy Flower":25,"Thread and Needle":14,"Pen Nib":5,"The Courier":11,"Question Card":13,"Empty Cage":17,"Medical Kit":28,"Burning Blood":0,"White Beast Statue":6,"Mercury Hourglass":4,"Old Coin":19,"Nunchaku":25,"TheAbacus":25,"Strawberry":23,"Bronze Scales":29,"CultistMask":1,"Fusion Hammer":7,"Red Mask":10,"Bag of Marbles":25,"Kunai":1,"Meat on the Bone":12},{"Gremlin Horn":68,"Happy Flower":114,"Thread and Needle":62,"Pen Nib":21,"The Courier":50,"Question Card":59,"Empty Cage":76,"Medical Kit":140,"Burning Blood":0,"White Beast Statue":27,"Mercury Hourglass":18,"Old Coin":83,"Nunchaku":114,"TheAbacus":114,"Strawberry":102,"Bronze Scales":149,"CultistMask":4,"Fusion Hammer":36,"Red Mask":47,"Bag of Marbles":114,"Kunai":4,"Meat on the Bone":55}],"Meat on the Bone":60},"card_choices":[{"not_picked":["Limit Break","Exhume"],"picked":"Feed","floor":0.0},{"not_picked":["Cleave","Wild Strike"],"picked":"Shrug It Off","floor":1.0},{"not_picked":["Burning Pact","Battle Trance"],"picked":"Feel No Pain","floor":5.0},{"not_picked":["Warcry","Clothesline"],"picked":"Shrug It Off","floor":7.0},{"not_picked":["Cleave","Twin Strike"],"picked":"Pommel Strike","floor":8.0},{"not_picked":["Thunderclap","Juggernaut"],"picked":"Blood for Blood","floor":10.0},{"not_picked":["True Grit","Warcry"],"picked":"Hemokinesis","floor":14.0},{"not_picked":["Corruption","Fiend Fire"],"picked":"Immolate","floor":16.0},{"not_picked":["Burning Pact","Iron Wave"],"picked":"Hemokinesis+1","floor":18.0},{"not_picked":["Perfected Strike","Anger+1","Headbutt"],"picked":"SKIP","floor":20.0},{"not_picked":["Demon Form","Dark Embrace","Warcry"],"picked":"SKIP","floor":23.0},{"not_picked":["Sword Boomerang","Havoc","Twin Strike+1"],"picked":"SKIP","floor":25.0},{"not_picked":["Pommel Strike+1","Warcry"],"picked":"Battle Trance","floor":27.0},{"not_picked":["Inflame","Bloodletting","Wild Strike","Spot Weakness"],"picked":"SKIP","floor":29},{"not_picked":["Dropkick","Cleave","Burning Pact","Sword Boomerang"],"picked":"SKIP","floor":30},{"not_picked":["Dropkick","Armaments","True Grit"],"picked":"Shockwave","floor":31},{"not_picked":["Immolate","Bludgeon","Limit Break"],"picked":"Exhume","floor":33},{"not_picked":["Cleave","Entrench","Second Wind"],"picked":"Armaments+1","floor":35},{"not_picked":["Inflame","Havoc+1","Flex+1"],"picked":"Metallicize+1","floor":36},{"not_picked":["Wild Strike","Combust+1","Shrug It Off"],"picked":"Seeing Red+1","floor":37},{"not_picked":["Clash","Sever Soul","Burning Pact"],"picked":"Battle Trance","floor":38},{"not_picked":["Shrug It Off+1","Seeing Red","Armaments"],"picked":"Entrench+1","floor":41},{"not_picked":["Exhume","Uppercut","Metallicize","Flex"],"picked":"SKIP","floor":42},{"not_picked":["Intimidate","Heavy Blade","Clothesline"],"picked":"Metallicize+1","floor":44},{"not_picked":["Flex","Perfected Strike","Carnage","Seeing Red"],"picked":"SKIP","floor":45},{"not_picked":["Intimidate+1","Perfected Strike","Thunderclap"],"picked":"Body Slam+1","floor":48},{"not_picked":["Carnage+1","Shrug It Off","Fire Breathing"],"picked":"Reaper","floor":55}],"player_experience":3454149,"relics_obtained":[{"floor":4.0,"key":"Kunai"},{"floor":9.0,"key":"Mercury Hourglass"},{"floor":10.0,"key":"Pen Nib"},{"floor":14.0,"key":"White Beast Statue"},{"floor":21.0,"key":"Red Mask"},{"floor":23.0,"key":"The Courier"},{"floor":26.0,"key":"Meat on the Bone"},{"floor":27.0,"key":"Question Card"},{"floor":29,"key":"Thread and Needle"},{"floor":31,"key":"Gremlin Horn"},{"floor":36,"key":"Old Coin"},{"floor":42,"key":"Strawberry"},{"floor":45,"key":"Bag of Marbles"},{"floor":55,"key":"Bronze Scales"}],"event_choices":[{"damage_healed":0.0,"max_hp_gain":0.0,"max_hp_loss":0.0,"gold_gain":0.0,"event_name":"FaceTrader","player_choice":"Trade","floor":2.0,"gold_loss":0.0,"damage_taken":0.0,"relics_obtained":["CultistMask"]},{"damage_healed":0.0,"max_hp_gain":0.0,"max_hp_loss":0.0,"gold_gain":0.0,"event_name":"Masked Bandits","player_choice":"Fought Bandits","floor":21.0,"gold_loss":0.0,"damage_taken":0.0},{"damage_healed":0.0,"max_hp_gain":5.0,"max_hp_loss":0.0,"gold_gain":0.0,"event_name":"Forgotten Altar","player_choice":"Shed Blood","floor":22.0,"gold_loss":0.0,"damage_taken":27.0},{"damage_healed":0,"gold_gain":0,"player_choice":"Fight","damage_taken":0,"max_hp_gain":0,"max_hp_loss":0,"event_name":"Mysterious Sphere","floor":36,"gold_loss":0},{"cards_removed":["Immolate"],"damage_healed":0,"gold_gain":0,"player_choice":"Removed Attack","damage_taken":0,"max_hp_gain":0,"max_hp_loss":0,"event_name":"Falling","floor":39,"gold_loss":0}],"is_beta":true,"boss_relics":[{"not_picked":["Calling Bell","Runic Pyramid"],"picked":"Fusion Hammer"},{"not_picked":["Runic Cube","Black Star"],"picked":"Empty Cage"}],"items_purged_floors":[19,47],"is_endless":false,"potions_floor_spawned":[7,8,14,16,18,20,21,23,25,27,29,30,31,33,35,36,37,38,41,42,44,45,48,55],"killed_by":"The Heart","ascension_level":20}