{"gold_per_floor":[129,152,164,189,217,229,272,295,307,319,34,45,45,74,74,74],"floor_reached":16,"playtime":1032,"items_purged":["Strike_R"],"score":224,"play_id":"4ac94d82-4724-4de8-b534-83a4751bf93f","local_time":"20210220205630","is_ascension_mode":true,"campfire_choices":[{"data":"Armaments","floor":6,"key":"SMITH"},{"data":"Perfected Strike","floor":10,"key":"SMITH"},{"data":"Spot Weakness","floor":13,"key":"SMITH"},{"data":"Cleave","floor":15,"key":"SMITH"}],"neow_cost":"NONE","seed_source_timestamp":674056408412300,"circlet_count":0,"master_deck":["AscendersBane","Strike_R","Strike_R","Strike_R","Strike_R","Defend_R","Defend_R","Defend_R","Defend_R","Bash","Headbutt","Flex","Armaments+1","Cleave+1","Perfected Strike+1","Evolve","Spot Weakness+1","True Grit+1"],"relics":["Burning Blood","MawBank","Thread and Needle","Mummified Hand","Membership Card","Toy Ornithopter","Toxic Egg 2"],"potions_floor_usage":[7,12,14,16],"damage_taken":[{"damage":6,"enemies":"Cultist","floor":1,"turns":3},{"damage":14,"enemies":"Jaw Worm","floor":2,"turns":4},{"damage":2,"enemies":"2 Louse","floor":4,"turns":4},{"damage":12,"enemies":"Looter","floor":5,"turns":3},{"damage":27,"enemies":"Lagavulin","floor":7,"turns":7},{"damage":4,"enemies":"Exordium Wildlife","floor":8,"turns":5},{"damage":0,"enemies":"3 Louse","floor":12,"turns":3},{"damage":8,"enemies":"3 Sentries","floor":14,"turns":5},{"damage":60,"enemies":"Hexaghost","floor":16,"turns":11}],"seed_played":"6437588718467175343","potions_obtained":[{"floor":5,"key":"BlessingOfTheForge"},{"floor":7,"key":"Block Potion"},{"floor":8,"key":"LiquidMemories"},{"floor":14,"key":"Explosive Potion"}],"is_trial":false,"path_per_floor":["M","M","$","M","M","R","E","M","T","R","$","M","R","E","R","B"],"character_chosen":"IRONCLAD","items_purchased":["Membership Card","Evolve","Toy Ornithopter"],"campfire_rested":0,"item_purchase_floors":[11,11,11],"current_hp_per_floor":[68,60,60,64,58,58,37,39,39,39,39,50,50,53,53,0],"gold":74,"neow_bonus":"RANDOM_COMMON_RELIC","is_prod":false,"is_daily":false,"chose_seed":false,"campfire_upgraded":4,"win_rate":0,"timestamp":1613883390,"path_taken":["M","M","$","M","M","R","E","M","T","R","$","?","R","E","R","BOSS"],"build_version":"2020-12-18","purchased_purges":1,"victory":false,"max_hp_per_floor":[75,75,75,75,75,75,75,75,75,75,75,75,75,75,75,75],"relic_stats":{"counters":[9,45],"Mummified Hand":[2],"MawBank":132,"obtain_stats":[{"Mummified Hand":9,"Thread and Needle":7,"Membership Card":11,"Toxic Egg 2":14,"MawBank":0,"Burning Blood":0,"Toy Ornithopter":11},{"Mummified Hand":6,"Thread and Needle":5,"Membership Card":6,"Toxic Egg 2":8,"MawBank":0,"Burning Blood":0,"Toy Ornithopter":6},{"Mummified Hand":26,"Thread and Needle":21,"Membership Card":26,"Toxic Egg 2":34,"MawBank":0,"Burning Blood":0,"Toy Ornithopter":26}],"Burning Blood":48,"Toy Ornithopter":15},"card_choices":[{"not_picked":["Wild Strike","Havoc","Dark Embrace"],"picked":"SKIP","floor":1},{"not_picked":["Iron Wave","Brutality"],"picked":"Headbutt","floor":2},{"not_picked":["Dual Wield","Clothesline"],"picked":"Flex","floor":4},{"not_picked":["Shockwave","Dual Wield"],"picked":"Armaments","floor":5},{"not_picked":["Intimidate","Ghostly Armor"],"picked":"Cleave","floor":7},{"not_picked":["Flex","Power Through"],"picked":"Perfected Strike","floor":8},{"not_picked":["Iron Wave","Warcry"],"picked":"Spot Weakness","floor":12},{"not_picked":["Iron Wave","Seeing Red+1"],"picked":"True Grit+1","floor":14}],"player_experience":3448993,"relics_obtained":[{"floor":7,"key":"Thread and Needle"},{"floor":9,"key":"Mummified Hand"},{"floor":14,"key":"Toxic Egg 2"}],"event_choices":[],"is_beta":true,"boss_relics":[],"items_purged_floors":[11],"is_endless":false,"potions_floor_spawned":[5,7,8,14],"killed_by":"Hexaghost","ascension_level":20}