{"gold_per_floor":[112,123,134,134,3,31,43,74,86,111,123,145,157,195,207,298,310,342,354,383,408,40,40,66,66,66,94,38,38,66,83,83,160,160,174,191,191,204,251,251,261,261,284,186,201,234,234,155,155,155,155,155,155,20,54,54],"floor_reached":56,"playtime":6260,"items_purged":["Strike_R","Strike_R"],"score":1990,"play_id":"d4ef779e-e284-4c3f-8c9a-b0b240e58e86","local_time":"20210213140040","is_ascension_mode":true,"campfire_choices":[{"data":"Armaments","floor":7.0,"key":"SMITH"},{"floor":13.0,"key":"REST"},{"data":"Bash","floor":15.0,"key":"SMITH"},{"data":"Immolate","floor":23.0,"key":"SMITH"},{"floor":25.0,"key":"REST"},{"data":"Disarm","floor":32.0,"key":"SMITH"},{"floor":40.0,"key":"REST"},{"data":"Demon Form","floor":42,"key":"SMITH"},{"floor":47,"key":"RECALL"},{"data":"Battle Trance","floor":49,"key":"SMITH"},{"data":"Shockwave","floor":53,"key":"SMITH"}],"neow_cost":"PERCENT_DAMAGE","seed_source_timestamp":0,"circlet_count":0,"master_deck":["AscendersBane","Defend_R","Defend_R","Defend_R","Bash+1","Spot Weakness","Headbutt","Armaments+1","Double Tap","Intimidate","Sword Boomerang","Shrug It Off","Spot Weakness","Immolate+1","Pommel Strike","Shockwave+1","Disarm+1","Twin Strike","Reckless Charge+1","Disarm+1","Thunderclap+1","Battle Trance+1","Demon Form+1","Master of Strategy","Pommel Strike+1"],"special_seed":0,"relics":["Burning Blood","Pocketwatch","MawBank","Self Forming Clay","InkBottle","Velvet Choker","Membership Card","FossilizedHelix","Anchor","Happy Flower","Lantern","Red Skull","Astrolabe","Unceasing Top","Paper Frog","Orrery","Nunchaku","Strawberry"],"potions_floor_usage":[46,50,51,55,56],"damage_taken":[{"damage":2.0,"enemies":"Jaw Worm","floor":1.0,"turns":7.0},{"damage":7.0,"enemies":"Cultist","floor":2.0,"turns":4.0},{"damage":0.0,"enemies":"2 Louse","floor":3.0,"turns":3.0},{"damage":32.0,"enemies":"Gremlin Nob","floor":6.0,"turns":4.0},{"damage":22.0,"enemies":"Exordium Thugs","floor":8.0,"turns":7.0},{"damage":0.0,"enemies":"Red Slaver","floor":10.0,"turns":4.0},{"damage":0.0,"enemies":"Exordium Wildlife","floor":12.0,"turns":4.0},{"damage":2.0,"enemies":"Lagavulin","floor":14.0,"turns":7.0},{"damage":23.0,"enemies":"Slime Boss","floor":16.0,"turns":6.0},{"damage":8.0,"enemies":"Shell Parasite","floor":18.0,"turns":3.0},{"damage":17.0,"enemies":"2 Thieves","floor":20.0,"turns":2.0},{"damage":11.0,"enemies":"Centurion and Healer","floor":21.0,"turns":5.0},{"damage":0.0,"enemies":"Gremlin Leader","floor":24.0,"turns":5.0},{"damage":14.0,"enemies":"Slavers","floor":27.0,"turns":4.0},{"damage":0.0,"enemies":"Gremlin Leader","floor":30.0,"turns":4.0},{"damage":4.0,"enemies":"3 Cultists","floor":31.0,"turns":3.0},{"damage":69.0,"enemies":"Automaton","floor":33.0,"turns":7.0},{"damage":29.0,"enemies":"Orb Walker","floor":35.0,"turns":5.0},{"damage":9.0,"enemies":"3 Shapes","floor":36.0,"turns":4.0},{"damage":13.0,"enemies":"Sphere and 2 Shapes","floor":38.0,"turns":6.0},{"damage":13.0,"enemies":"2 Orb Walkers","floor":39.0,"turns":3.0},{"damage":0,"enemies":"Transient","floor":41,"turns":6},{"damage":0,"enemies":"Maw","floor":45,"turns":8},{"damage":0,"enemies":"Nemesis","floor":46,"turns":5},{"damage":20,"enemies":"Donu and Deca","floor":50,"turns":5},{"damage":27,"enemies":"Awakened One","floor":51,"turns":10},{"damage":63,"enemies":"Shield and Spear","floor":55,"turns":6},{"damage":16,"enemies":"The Heart","floor":56,"turns":5}],"seed_played":"8319092746098522368","potions_obtained":[{"floor":1.0,"key":"PowerPotion"},{"floor":3.0,"key":"EssenceOfSteel"},{"floor":6.0,"key":"Weak Potion"},{"floor":20.0,"key":"SkillPotion"},{"floor":24.0,"key":"BloodPotion"},{"floor":27.0,"key":"SpeedPotion"},{"floor":35.0,"key":"SpeedPotion"},{"floor":39.0,"key":"LiquidBronze"},{"floor":45,"key":"Block Potion"},{"floor":46,"key":"HeartOfIron"}],"is_trial":false,"path_per_floor":["M","M","M","?","$","E","R","M","T","M","?","M","R","E","R","B",null,"M","?","M","M","$","R","E","R","T","E","$","?","E","M","R","B",null,"M","M","?","M","?","R","M","R","T","$","M","E","R","$","R","B","B",null,"R","$","E","B"],"character_chosen":"IRONCLAD","items_purchased":["Armaments","Membership Card","FossilizedHelix","CultistPotion","Master of Strategy","Orrery","Strength Potion","SpeedPotion","Nunchaku"],"campfire_rested":3,"item_purchase_floors":[5,22,22,28,44,48,54,54,54],"current_hp_per_floor":[54,53,59,59,59,33,33,17,17,23,23,29,51,55,55,38,66,64,64,53,48,48,48,54,75,75,67,67,67,73,75,75,12,59,36,33,33,26,19,41,47,47,47,47,53,74,74,74,74,60,39,66,66,66,16,0],"gold":54,"neow_bonus":"ONE_RARE_RELIC","is_prod":false,"is_daily":false,"chose_seed":false,"campfire_upgraded":7,"win_rate":0,"timestamp":1613253640,"path_taken":["M","M","M","?","?","E","R","M","T","M","?","M","R","E","R","BOSS","M","?","M","?","$","R","E","R","T","E","$","?","E","M","R","BOSS","M","M","?","M","?","R","M","R","T","$","M","E","R","$","R","BOSS","BOSS","R","$","E","BOSS"],"build_version":"2020-12-18","purchased_purges":2,"victory":false,"max_hp_per_floor":[75,75,75,75,75,75,75,75,75,75,75,75,75,75,75,75,75,75,75,75,75,75,75,75,75,75,75,75,75,75,75,75,75,75,75,75,75,75,75,75,75,75,75,75,75,75,75,75,75,75,75,75,75,75,82,82],"relic_stats":{"Nunchaku":[1],"Happy Flower":[27],"counters":[28,142],"Self Forming Clay":[117],"Astrolabe":["Reckless Charge","Seeing Red","Disarm"],"MawBank":192,"obtain_stats":[{"Lantern":27,"Happy Flower":26,"Self Forming Clay":9,"Astrolabe":34,"Velvet Choker":17,"MawBank":6,"Burning Blood":0,"Anchor":24,"Nunchaku":54,"Strawberry":55,"Orrery":48,"Membership Card":22,"InkBottle":14,"FossilizedHelix":22,"Red Skull":30,"Unceasing Top":39,"Pocketwatch":0,"Paper Frog":46},{"Lantern":14,"Happy Flower":13,"Self Forming Clay":5,"Astrolabe":17,"Velvet Choker":9,"MawBank":4,"Burning Blood":0,"Anchor":13,"Nunchaku":26,"Strawberry":27,"Orrery":24,"Membership Card":12,"InkBottle":8,"FossilizedHelix":12,"Red Skull":15,"Unceasing Top":21,"Pocketwatch":0,"Paper Frog":24},{"Lantern":65,"Happy Flower":61,"Self Forming Clay":25,"Astrolabe":79,"Velvet Choker":46,"MawBank":18,"Burning Blood":0,"Anchor":61,"Nunchaku":131,"Strawberry":137,"Orrery":116,"Membership Card":56,"InkBottle":40,"FossilizedHelix":56,"Red Skull":69,"Unceasing Top":97,"Pocketwatch":0,"Paper Frog":116}],"Burning Blood":162,"InkBottle":[30],"Unceasing Top":[0],"Pocketwatch":[240]},"card_choices":[{"not_picked":["Reckless Charge","Iron Wave","Anger"],"picked":"SKIP","floor":1.0},{"not_picked":["Thunderclap","Heavy Blade"],"picked":"Spot Weakness","floor":2.0},{"not_picked":["Havoc","Dropkick"],"picked":"Headbutt","floor":3.0},{"not_picked":["Reckless Charge","Clash"],"picked":"Double Tap","floor":6.0},{"not_picked":["Shrug It Off","Metallicize"],"picked":"Intimidate","floor":8.0},{"not_picked":["Heavy Blade","Body Slam"],"picked":"Sword Boomerang","floor":10.0},{"not_picked":["Perfected Strike","Warcry"],"picked":"Shrug It Off","floor":12.0},{"not_picked":["Pommel Strike","Reckless Charge"],"picked":"Spot Weakness","floor":14.0},{"not_picked":["Barricade","Impervious"],"picked":"Immolate","floor":16.0},{"not_picked":["Cleave","Perfected Strike","Shrug It Off"],"picked":"SKIP","floor":18.0},{"not_picked":["Iron Wave","Pommel Strike","Entrench"],"picked":"SKIP","floor":20.0},{"not_picked":["Headbutt","Sword Boomerang"],"picked":"Disarm","floor":21.0},{"not_picked":["Intimidate","Brutality"],"picked":"Twin Strike","floor":24.0},{"not_picked":["Cleave","Shrug It Off","Headbutt"],"picked":"SKIP","floor":27.0},{"not_picked":["Infernal Blade","Wild Strike","Burning Pact"],"picked":"SKIP","floor":30.0},{"not_picked":["Uppercut","Body Slam","True Grit"],"picked":"SKIP","floor":31.0},{"not_picked":["Clash+1","Ghostly Armor"],"picked":"Thunderclap+1","floor":35.0},{"not_picked":["Warcry","Flame Barrier"],"picked":"Battle Trance","floor":36.0},{"not_picked":["Armaments","Shockwave","Infernal Blade"],"picked":"SKIP","floor":38.0},{"not_picked":["Shrug It Off","Sever Soul"],"picked":"Demon Form","floor":39.0},{"not_picked":["Combust+1","Rampage","Havoc"],"picked":"SKIP","floor":41},{"not_picked":["Wild Strike","Thunderclap","Heavy Blade"],"picked":"SKIP","floor":45},{"not_picked":["Sword Boomerang","Havoc","Dual Wield+1"],"picked":"SKIP","floor":46},{"not_picked":["Havoc+1","Intimidate"],"picked":"Pommel Strike+1","floor":48},{"not_picked":["Cleave","Dropkick+1","Sword Boomerang+1"],"picked":"SKIP","floor":55}],"player_experience":3313787,"relics_obtained":[{"floor":6.0,"key":"MawBank"},{"floor":9.0,"key":"Self Forming Clay"},{"floor":14.0,"key":"InkBottle"},{"floor":24.0,"key":"Anchor"},{"floor":26.0,"key":"Happy Flower"},{"floor":27.0,"key":"Lantern"},{"floor":30.0,"key":"Red Skull"},{"floor":39.0,"key":"Unceasing Top"},{"floor":46,"key":"Paper Frog"},{"floor":55,"key":"Strawberry"}],"event_choices":[{"cards_removed":["Strike_R"],"damage_healed":0.0,"max_hp_gain":0.0,"max_hp_loss":0.0,"gold_gain":0.0,"event_name":"Bonfire Elementals","player_choice":"Offered Basic","floor":4.0,"gold_loss":0.0,"damage_taken":0.0},{"damage_healed":0.0,"max_hp_gain":0.0,"max_hp_loss":0.0,"gold_gain":0.0,"event_name":"Scrap Ooze","player_choice":"Fled","floor":11.0,"gold_loss":0.0,"damage_taken":0.0},{"damage_healed":0.0,"max_hp_gain":0.0,"max_hp_loss":0.0,"gold_gain":0.0,"event_name":"Match and Keep!","player_choice":"2 cards matched","floor":19.0,"gold_loss":0.0,"damage_taken":0.0,"cards_obtained":["Pommel Strike","Shockwave"]},{"cards_removed":["Seeing Red"],"damage_healed":0.0,"max_hp_gain":0.0,"max_hp_loss":0.0,"gold_gain":0.0,"event_name":"Falling","player_choice":"Removed Skill","floor":37.0,"gold_loss":0.0,"damage_taken":0.0},{"damage_healed":0.0,"max_hp_gain":0.0,"max_hp_loss":0.0,"gold_gain":0.0,"event_name":"Mysterious Sphere","player_choice":"Fight","floor":39.0,"gold_loss":0.0,"damage_taken":0.0}],"is_beta":true,"boss_relics":[{"not_picked":["Black Star","Busted Crown"],"picked":"Velvet Choker"},{"not_picked":["Fusion Hammer","Snecko Eye"],"picked":"Astrolabe"}],"items_purged_floors":[5,22],"is_endless":false,"potions_floor_spawned":[1,3,6,20,21,24,27,35,39,45,46],"killed_by":"The Heart","ascension_level":20}