{"gold_per_floor":[116,126,126,126,126,126,159,159,230,230],"floor_reached":10,"playtime":405,"items_purged":[],"score":128,"play_id":"4f14b963-6dd9-475d-8189-1cff0fcd1d5f","local_time":"20210212223031","is_ascension_mode":true,"campfire_choices":[{"floor":6,"key":"REST"},{"data":"Bash","floor":8,"key":"SMITH"}],"neow_cost":"NONE","seed_source_timestamp":163512141704300,"circlet_count":0,"master_deck":["AscendersBane","Strike_R","Strike_R","Strike_R","Strike_R","Strike_R","Defend_R","Defend_R","Defend_R","Defend_R","Bash+1","Inflame","Pommel Strike","Hemokinesis"],"relics":["SlaversCollar","Gambling Chip","Golden Idol","Nunchaku"],"potions_floor_usage":[],"damage_taken":[{"damage":4,"enemies":"2 Louse","floor":1,"turns":4},{"damage":4,"enemies":"Small Slimes","floor":2,"turns":4},{"damage":20,"enemies":"Lagavulin","floor":7,"turns":5},{"damage":25,"enemies":"3 Sentries","floor":10,"turns":4}],"seed_played":"-5966755234196302679","potions_obtained":[],"is_trial":false,"path_per_floor":["M","M","?","?","?","R","E","R","T","E"],"character_chosen":"IRONCLAD","items_purchased":[],"campfire_rested":1,"item_purchase_floors":[],"current_hp_per_floor":[64,60,25,25,25,45,25,25,25,0],"gold":230,"neow_bonus":"BOSS_RELIC","is_prod":false,"is_daily":false,"chose_seed":false,"campfire_upgraded":1,"win_rate":0,"timestamp":1613197831,"path_taken":["M","M","?","?","?","R","E","R","T","E"],"build_version":"2020-12-18","purchased_purges":0,"victory":false,"max_hp_per_floor":[75,75,75,75,68,68,68,68,68,68],"relic_stats":{"Nunchaku":[0],"counters":[4,17],"Golden Idol":7,"Gambling Chip":[6],"obtain_stats":[{"SlaversCollar":0,"Nunchaku":7,"Golden Idol":5,"Gambling Chip":3,"Burning Blood":0},{"SlaversCollar":0,"Nunchaku":3,"Golden Idol":2,"Gambling Chip":2,"Burning Blood":0},{"SlaversCollar":0,"Nunchaku":13,"Golden Idol":8,"Gambling Chip":8,"Burning Blood":0}]},"card_choices":[{"not_picked":["Pommel Strike","Thunderclap"],"picked":"Inflame","floor":1},{"not_picked":["Anger","Burning Pact"],"picked":"Pommel Strike","floor":2},{"not_picked":["Clash","Thunderclap"],"picked":"Hemokinesis","floor":7}],"player_experience":3309087,"relics_obtained":[{"floor":7,"key":"Nunchaku"}],"event_choices":[{"damage_healed":0,"gold_gain":0,"player_choice":"Success","damage_taken":35,"relics_obtained":["Gambling Chip"],"max_hp_gain":0,"max_hp_loss":0,"event_name":"Scrap Ooze","floor":3,"gold_loss":0},{"damage_healed":0,"gold_gain":0,"player_choice":"Ignored","damage_taken":0,"max_hp_gain":0,"max_hp_loss":0,"event_name":"Liars Game","floor":4,"gold_loss":0},{"damage_healed":0,"gold_gain":0,"player_choice":"Lose Max HP","damage_taken":0,"relics_obtained":["Golden Idol"],"max_hp_gain":0,"max_hp_loss":7,"event_name":"Golden Idol","floor":5,"gold_loss":0}],"is_beta":true,"boss_relics":[],"items_purged_floors":[],"is_endless":false,"potions_floor_spawned":[],"killed_by":"3 Sentries","ascension_level":20}