{"gold_per_floor":[114,61,61,72,88,88,98,130,155,155],"floor_reached":10,"playtime":407,"items_purged":[],"score":136,"play_id":"417d9104-6019-4c6a-b62b-971cf54d5b0f","local_time":"20210212205032","is_ascension_mode":true,"campfire_choices":[{"data":"Bash","floor":6,"key":"SMITH"}],"neow_cost":"TEN_PERCENT_HP_LOSS","seed_source_timestamp":157512849287900,"circlet_count":0,"master_deck":["AscendersBane","Strike_R","Strike_R","Strike_R","Strike_R","Defend_R","Defend_R","Defend_R","Defend_R+1","Bash+1","Thunderclap","Shrug It Off+1","Dropkick","Headbutt"],"relics":["Burning Blood","Peace Pipe","Blood Vial","War Paint"],"potions_floor_usage":[8,10],"damage_taken":[{"damage":26,"enemies":"Jaw Worm","floor":1,"turns":7},{"damage":8,"enemies":"Small Slimes","floor":4,"turns":5},{"damage":1,"enemies":"Cultist","floor":5,"turns":4},{"damage":0,"enemies":"Large Slime","floor":7,"turns":4},{"damage":32,"enemies":"Gremlin Nob","floor":8,"turns":4},{"damage":37,"enemies":"Lagavulin","floor":10,"turns":5}],"seed_played":"5588278703370855843","potions_obtained":[{"floor":5,"key":"DistilledChaos"}],"is_trial":false,"path_per_floor":["M","$","?","M","M","R","M","E","T","E"],"character_chosen":"IRONCLAD","items_purchased":["BlessingOfTheForge"],"campfire_rested":0,"item_purchase_floors":[2],"current_hp_per_floor":[48,48,41,39,44,44,50,24,24,0],"gold":155,"neow_bonus":"ONE_RARE_RELIC","is_prod":false,"is_daily":false,"chose_seed":false,"campfire_upgraded":1,"win_rate":0,"timestamp":1613191832,"path_taken":["M","$","?","M","M","R","M","E","T","E"],"build_version":"2020-12-18","purchased_purges":0,"victory":false,"max_hp_per_floor":[68,68,68,68,68,68,68,68,68,68],"relic_stats":{"Peace Pipe":0,"Blood Vial":2,"counters":[6,29],"War Paint":["Defend_R","Shrug It Off"],"obtain_stats":[{"Peace Pipe":0,"Blood Vial":8,"War Paint":9,"Burning Blood":0},{"Peace Pipe":0,"Blood Vial":5,"War Paint":5,"Burning Blood":0},{"Peace Pipe":0,"Blood Vial":24,"War Paint":24,"Burning Blood":0}],"Burning Blood":30},"card_choices":[{"not_picked":["Blood for Blood","Flex"],"picked":"Thunderclap","floor":1},{"not_picked":["Wild Strike","Flex"],"picked":"Shrug It Off","floor":4},{"not_picked":["Heavy Blade","True Grit","Wild Strike"],"picked":"SKIP","floor":5},{"not_picked":["Anger","Heavy Blade"],"picked":"Dropkick","floor":7},{"not_picked":["Juggernaut","Twin Strike"],"picked":"Headbutt","floor":8}],"player_experience":3305252,"relics_obtained":[{"floor":8,"key":"Blood Vial"},{"floor":9,"key":"War Paint"}],"event_choices":[{"cards_removed":["Strike_R"],"damage_healed":0,"gold_gain":0,"player_choice":"Card Removal","damage_taken":7,"max_hp_gain":0,"max_hp_loss":0,"event_name":"Golden Wing","floor":3,"gold_loss":0}],"is_beta":true,"boss_relics":[],"items_purged_floors":[],"is_endless":false,"potions_floor_spawned":[5],"killed_by":"Lagavulin","ascension_level":20}