{"gold_per_floor":[217,236,37,47,47,81,81,111,111,111,125,0,29,45,45,122,122,132,147,147,167,185,185,220,220,220,220,220,12,31,65,65,65],"floor_reached":33,"playtime":2337,"items_purged":[],"score":620,"play_id":"d31f9856-4228-4938-8595-3e1cb07351db","local_time":"20210211225618","is_ascension_mode":true,"campfire_choices":[{"data":"Bash","floor":7.0,"key":"SMITH"},{"data":"Anger","floor":10.0,"key":"SMITH"},{"data":"Uppercut","floor":15.0,"key":"SMITH"},{"data":"Immolate","floor":23,"key":"SMITH"},{"data":"Inflame","floor":25,"key":"SMITH"},{"data":"J.A.X.","floor":32,"key":"SMITH"}],"neow_cost":"NONE","seed_source_timestamp":76679417760300,"circlet_count":0,"master_deck":["AscendersBane","Bash+1","Anger+1","Impervious","Headbutt","Evolve","Feed","Burning Pact","Hemokinesis","Flame Barrier","Uppercut+1","Pommel Strike","Feed","Rupture","Inflame+1","Impervious","Double Tap","Battle Trance","Disarm","Anger","Battle Trance","Wild Strike+1","Shrug It Off","Immolate+1","Heavy Blade+1","J.A.X.+1","Battle Trance","Exhume"],"special_seed":0,"relics":["Burning Blood","Membership Card","Toy Ornithopter","FossilizedHelix","Question Card","Red Skull","HornCleat","Pandora\u0027s Box","Red Mask","Art of War","Magic Flower","Frozen Egg 2"],"potions_floor_usage":[31,33,33],"damage_taken":[{"damage":9.0,"enemies":"2 Louse","floor":1.0,"turns":3.0},{"damage":0.0,"enemies":"Cultist","floor":2.0,"turns":3.0},{"damage":10.0,"enemies":"Small Slimes","floor":4.0,"turns":3.0},{"damage":8.0,"enemies":"Gremlin Nob","floor":6.0,"turns":4.0},{"damage":22.0,"enemies":"Lagavulin","floor":8.0,"turns":8.0},{"damage":5.0,"enemies":"Gremlin Gang","floor":11.0,"turns":4.0},{"damage":15.0,"enemies":"3 Sentries","floor":13.0,"turns":8.0},{"damage":3.0,"enemies":"Blue Slaver","floor":14.0,"turns":7.0},{"damage":33.0,"enemies":"The Guardian","floor":16.0,"turns":11.0},{"damage":10,"enemies":"3 Byrds","floor":18,"turns":4},{"damage":0,"enemies":"Shell Parasite","floor":19,"turns":5},{"damage":0,"enemies":"Centurion and Healer","floor":21,"turns":10},{"damage":6,"enemies":"Snake Plant","floor":22,"turns":7},{"damage":0,"enemies":"Masked Bandits","floor":24,"turns":1},{"damage":35,"enemies":"Cultist and Chosen","floor":30,"turns":7},{"damage":41,"enemies":"Slavers","floor":31,"turns":5},{"damage":103,"enemies":"Collector","floor":33,"turns":8}],"seed_played":"-8395710541313053000","potions_obtained":[{"floor":4.0,"key":"Fire Potion"},{"floor":8.0,"key":"ColorlessPotion"},{"floor":11.0,"key":"Swift Potion"},{"floor":22,"key":"Swift Potion"},{"floor":31,"key":"ElixirPotion"}],"is_trial":false,"path_per_floor":["M","M","$","M","?","E","R","E","T","R","M","$","E","M","R","B",null,"M","M","?","M","M","R","?","R","T","?","?","$","M","E","R","B"],"character_chosen":"IRONCLAD","items_purchased":["Membership Card","SteroidPotion","Flame Barrier","Red Skull","Magic Flower","Battle Trance"],"campfire_rested":0,"item_purchase_floors":[3,3,12,12,29,29],"current_hp_per_floor":[65,71,71,67,67,65,65,49,49,49,53,53,47,58,58,34,74,76,82,82,94,97,97,102,102,102,102,102,102,81,67,67,0],"gold":65,"neow_bonus":"HUNDRED_GOLD","is_prod":false,"is_daily":false,"chose_seed":false,"campfire_upgraded":6,"win_rate":0,"timestamp":1613112978,"path_taken":["M","M","$","M","?","E","R","E","T","R","M","$","E","M","R","BOSS","M","?","?","?","M","R","?","R","T","?","?","$","M","E","R","BOSS"],"build_version":"2020-12-18","purchased_purges":0,"victory":false,"max_hp_per_floor":[75,75,75,75,75,75,75,75,75,75,78,78,81,84,84,87,87,93,93,93,99,102,102,102,102,102,102,102,102,105,111,111,111],"relic_stats":{"counters":[17,98],"Magic Flower":[21],"Pandora\u0027s Box":["Havoc","Rupture","Inflame","Impervious","Double Tap","Battle Trance","Disarm","Anger","Battle Trance"],"Art of War":[4],"Question Card":11,"obtain_stats":[{"HornCleat":13,"Magic Flower":29,"Pandora\u0027s Box":17,"Red Mask":24,"Art of War":26,"Membership Card":3,"Frozen Egg 2":31,"Question Card":9,"Burning Blood":0,"Toy Ornithopter":6,"FossilizedHelix":8,"Red Skull":12},{"HornCleat":7,"Magic Flower":14,"Pandora\u0027s Box":9,"Red Mask":14,"Art of War":14,"Membership Card":2,"Frozen Egg 2":16,"Question Card":5,"Burning Blood":0,"Toy Ornithopter":4,"FossilizedHelix":5,"Red Skull":6},{"HornCleat":33,"Magic Flower":78,"Pandora\u0027s Box":51,"Red Mask":78,"Art of War":78,"Membership Card":6,"Frozen Egg 2":90,"Question Card":21,"Burning Blood":0,"Toy Ornithopter":13,"FossilizedHelix":21,"Red Skull":25}],"Burning Blood":101,"Toy Ornithopter":29},"card_choices":[{"not_picked":["Iron Wave","True Grit"],"picked":"Anger","floor":1.0},{"not_picked":["Warcry","Bloodletting","Wild Strike"],"picked":"SKIP","floor":2.0},{"not_picked":["Intimidate","Flex"],"picked":"Impervious","floor":4.0},{"not_picked":["Cleave","Thunderclap"],"picked":"Feed","floor":6.0},{"not_picked":["Anger","True Grit"],"picked":"Burning Pact","floor":8.0},{"not_picked":["Flex","True Grit","Anger"],"picked":"Hemokinesis","floor":11.0},{"not_picked":["Iron Wave","Rage","Infernal Blade"],"picked":"Uppercut","floor":13.0},{"not_picked":["Sword Boomerang","Headbutt","Rampage"],"picked":"Pommel Strike","floor":14.0},{"not_picked":["Corruption","Double Tap","Demon Form"],"picked":"Feed","floor":16.0},{"not_picked":["Inflame","Uppercut","Anger+1"],"picked":"Wild Strike+1","floor":18},{"not_picked":["Body Slam","Clothesline","Entrench"],"picked":"Shrug It Off","floor":19},{"not_picked":["Reckless Charge","Headbutt","Twin Strike","Flex"],"picked":"SKIP","floor":21},{"not_picked":["Warcry","Clash","Fire Breathing"],"picked":"Heavy Blade+1","floor":22},{"not_picked":["Pommel Strike","Clothesline","Armaments","Corruption"],"picked":"SKIP","floor":30},{"not_picked":["True Grit+1","Sword Boomerang","Flex"],"picked":"Exhume","floor":31}],"player_experience":3292397,"relics_obtained":[{"floor":6.0,"key":"Toy Ornithopter"},{"floor":8.0,"key":"FossilizedHelix"},{"floor":9.0,"key":"Question Card"},{"floor":13.0,"key":"HornCleat"},{"floor":24,"key":"Red Mask"},{"floor":26,"key":"Art of War"},{"floor":31,"key":"Frozen Egg 2"}],"event_choices":[{"damage_healed":0.0,"max_hp_gain":0.0,"max_hp_loss":0.0,"gold_gain":0.0,"event_name":"Match and Keep!","player_choice":"2 cards matched","floor":5.0,"gold_loss":0.0,"damage_taken":0.0,"cards_obtained":["Headbutt","Evolve"]},{"damage_healed":0,"gold_gain":0,"cards_transformed":["Havoc"],"player_choice":"Transformed","damage_taken":0,"max_hp_gain":0,"max_hp_loss":0,"event_name":"Transmorgrifier","floor":20,"gold_loss":0,"cards_obtained":["Immolate"]},{"damage_healed":0,"gold_gain":0,"player_choice":"Fought Bandits","damage_taken":0,"max_hp_gain":0,"max_hp_loss":0,"event_name":"Masked Bandits","floor":24,"gold_loss":0},{"damage_healed":0,"gold_gain":0,"player_choice":"Obtain J.A.X.","damage_taken":0,"max_hp_gain":0,"max_hp_loss":0,"event_name":"Drug Dealer","floor":28,"gold_loss":0,"cards_obtained":["J.A.X."]}],"is_beta":true,"boss_relics":[{"not_picked":["Cursed Key","Tiny House"],"picked":"Pandora\u0027s Box"}],"items_purged_floors":[],"is_endless":false,"potions_floor_spawned":[4,8,11,22,31],"killed_by":"Collector","ascension_level":20}