{"gold_per_floor":[111,121,171,187,204,204,234,234,234,234,261,23,56,27,27,105,105,125,135,135,145,165,190,205,205,205,32,60,60,86,101,101,176,176,196,212,212,45,70,70,87,112,112,131,161,91,119,129,129,129,129,129,129,49,77,77],"floor_reached":57,"playtime":7626,"items_purged":["Pain","Twin Strike"],"score":3540,"play_id":"9cadf5eb-a6c8-4a8b-b86b-c67cff13fbec","local_time":"20210220132138","is_ascension_mode":true,"campfire_choices":[{"data":"Armaments","floor":6.0,"key":"SMITH"},{"floor":8.0,"key":"REST"},{"data":"1","floor":15.0,"key":"LIFT"},{"data":"2","floor":25,"key":"LIFT"},{"data":"3","floor":32,"key":"LIFT"},{"floor":40,"key":"RECALL"},{"floor":49,"key":"REST"},{"floor":53,"key":"REST"}],"neow_cost":"NONE","seed_source_timestamp":640124418215400,"circlet_count":0,"master_deck":["AscendersBane","Bash","Clothesline","Armaments+1","Fiend Fire","Shrug It Off","Impervious","Entrench+1","Uppercut","Bludgeon","Corruption","Impervious","Immolate","Bludgeon","Fiend Fire","Disarm","Disarm","Ghostly Armor","Barricade","Dark Embrace+1","Feel No Pain","Shrug It Off","Body Slam+1","Sentinel","Entrench","Offering","Barricade"],"special_seed":0,"relics":["Snecko Eye","Blood Vial","Gremlin Horn","WarpedTongs","Girya","Bag of Preparation","Ginger","Fusion Hammer","Champion Belt","Happy Flower","Lantern","The Courier","Pen Nib","Pandora\u0027s Box","Oddly Smooth Stone","Incense Burner","Centennial Puzzle","Pantograph","Orichalcum","Art of War"],"potions_floor_usage":[24,28,33,42,56,56],"damage_taken":[{"damage":10.0,"enemies":"2 Louse","floor":1.0,"turns":2.0},{"damage":1.0,"enemies":"Cultist","floor":2.0,"turns":3.0},{"damage":0.0,"enemies":"Jaw Worm","floor":4.0,"turns":3.0},{"damage":0.0,"enemies":"2 Fungi Beasts","floor":5.0,"turns":3.0},{"damage":24.0,"enemies":"Gremlin Nob","floor":7.0,"turns":4.0},{"damage":21.0,"enemies":"3 Sentries","floor":11.0,"turns":8.0},{"damage":0.0,"enemies":"Gremlin Nob","floor":13.0,"turns":2.0},{"damage":22.0,"enemies":"The Guardian","floor":16.0,"turns":10.0},{"damage":0,"enemies":"Spheric Guardian","floor":18,"turns":2},{"damage":0,"enemies":"Chosen","floor":19,"turns":2},{"damage":0,"enemies":"Snecko","floor":21,"turns":5},{"damage":0,"enemies":"Centurion and Healer","floor":22,"turns":4},{"damage":0,"enemies":"Gremlin Leader","floor":23,"turns":3},{"damage":0,"enemies":"3 Cultists","floor":24,"turns":3},{"damage":0,"enemies":"Book of Stabbing","floor":28,"turns":2},{"damage":0,"enemies":"Gremlin Leader","floor":30,"turns":3},{"damage":0,"enemies":"Snecko","floor":31,"turns":2},{"damage":0,"enemies":"Champ","floor":33,"turns":6},{"damage":0,"enemies":"Orb Walker","floor":35,"turns":2},{"damage":0,"enemies":"3 Darklings","floor":36,"turns":3},{"damage":0,"enemies":"Mind Bloom Boss Battle","floor":39,"turns":2},{"damage":0,"enemies":"Sphere and 2 Shapes","floor":41,"turns":3},{"damage":4,"enemies":"Giant Head","floor":42,"turns":4},{"damage":0,"enemies":"Spire Growth","floor":44,"turns":2},{"damage":0,"enemies":"Nemesis","floor":45,"turns":3},{"damage":0,"enemies":"Reptomancer","floor":47,"turns":5},{"damage":6,"enemies":"Transient","floor":48,"turns":2},{"damage":0,"enemies":"Time Eater","floor":50,"turns":15},{"damage":1,"enemies":"Awakened One","floor":51,"turns":12},{"damage":1,"enemies":"Shield and Spear","floor":55,"turns":6},{"damage":0,"enemies":"The Heart","floor":56,"turns":7}],"seed_played":"-8165029926332170021","potions_obtained":[{"floor":5.0,"key":"SteroidPotion"},{"floor":13.0,"key":"AttackPotion"},{"floor":22,"key":"BloodPotion"},{"floor":24,"key":"Swift Potion"},{"floor":30,"key":"Explosive Potion"},{"floor":31,"key":"EssenceOfSteel"},{"floor":36,"key":"Swift Potion"},{"floor":42,"key":"Fruit Juice"},{"floor":44,"key":"Dexterity Potion"},{"floor":45,"key":"PowerPotion"}],"is_trial":false,"path_per_floor":["M","M","?","M","M","R","E","R","T","?","E","$","E","$","R","B",null,"M","M","?","M","M","E","M","R","T","$","E","$","E","M","R","B",null,"M","M","?","$","?","R","M","E","T","M","E","$","E","M","R","B","B",null,"R","$","E","B",null],"character_chosen":"IRONCLAD","items_purchased":["Bag of Preparation","Shrug It Off","Lantern","Feel No Pain","Oddly Smooth Stone","Entrench"],"campfire_rested":3,"item_purchase_floors":[12,14,27,38,38,46],"current_hp_per_floor":[58,57,57,57,57,57,33,55,55,55,36,36,38,38,38,18,61,63,65,65,67,69,71,75,75,75,75,75,75,75,75,75,75,75,75,75,71,71,71,71,71,72,72,74,76,76,76,70,76,76,75,76,76,76,75,76],"gold":77,"neow_bonus":"BOSS_RELIC","is_prod":false,"is_daily":false,"chose_seed":false,"campfire_upgraded":1,"win_rate":0,"timestamp":1613856098,"path_taken":["M","M","?","?","M","R","E","R","T","?","E","$","E","?","R","BOSS","M","M","?","?","M","E","M","R","T","$","E","$","E","M","R","BOSS","M","M","?","$","?","R","M","E","T","M","E","$","E","M","R","BOSS","BOSS","R","$","E","BOSS"],"build_version":"2020-12-18","purchased_purges":2,"victory":true,"max_hp_per_floor":[75,75,75,75,75,75,75,75,75,75,75,75,75,75,75,75,75,75,75,75,75,75,75,75,75,75,75,75,75,75,75,75,75,75,75,75,71,71,71,71,71,76,76,76,76,76,76,76,76,76,76,76,76,76,76,76],"relic_stats":{"Gremlin Horn":[24,24],"Happy Flower":[26],"counters":[31,133],"Pen Nib":[12],"Bag of Preparation":[50],"Ginger":[10],"Orichalcum":[0],"WarpedTongs":[108],"Blood Vial":22,"Centennial Puzzle":[9],"Pantograph":1,"Snecko Eye":[287,251,257,276],"Pandora\u0027s Box":["Immolate","Bludgeon","Fiend Fire","Disarm","Disarm","Twin Strike","Ghostly Armor","Barricade"],"Art of War":[0],"Champion Belt":[44],"obtain_stats":[{"Girya":11,"Lantern":27,"Gremlin Horn":9,"Happy Flower":26,"Oddly Smooth Stone":38,"The Courier":28,"Pen Nib":30,"Bag of Preparation":12,"Incense Burner":39,"Ginger":13,"Orichalcum":47,"Burning Blood":0,"WarpedTongs":10,"Blood Vial":7,"Centennial Puzzle":42,"Pantograph":45,"Snecko Eye":0,"Pandora\u0027s Box":34,"Fusion Hammer":17,"Art of War":55,"Champion Belt":23},{"Girya":6,"Lantern":14,"Gremlin Horn":5,"Happy Flower":14,"Oddly Smooth Stone":20,"The Courier":15,"Pen Nib":16,"Bag of Preparation":6,"Incense Burner":21,"Ginger":7,"Orichalcum":26,"Burning Blood":0,"WarpedTongs":5,"Blood Vial":5,"Centennial Puzzle":23,"Pantograph":25,"Snecko Eye":0,"Pandora\u0027s Box":18,"Fusion Hammer":8,"Art of War":30,"Champion Belt":13},{"Girya":23,"Lantern":54,"Gremlin Horn":15,"Happy Flower":54,"Oddly Smooth Stone":72,"The Courier":56,"Pen Nib":59,"Bag of Preparation":23,"Incense Burner":74,"Ginger":25,"Orichalcum":91,"Burning Blood":0,"WarpedTongs":15,"Blood Vial":15,"Centennial Puzzle":81,"Pantograph":86,"Snecko Eye":0,"Pandora\u0027s Box":67,"Fusion Hammer":35,"Art of War":126,"Champion Belt":51}]},"card_choices":[{"not_picked":["Clash","Sentinel"],"picked":"Clothesline","floor":1.0},{"not_picked":["Second Wind","True Grit","Whirlwind"],"picked":"SKIP","floor":2.0},{"not_picked":["Wild Strike","True Grit","Sword Boomerang"],"picked":"SKIP","floor":4.0},{"not_picked":["Iron Wave","Sentinel"],"picked":"Armaments","floor":5.0},{"not_picked":["Warcry","Thunderclap","Headbutt"],"picked":"SKIP","floor":7.0},{"not_picked":["Headbutt","Warcry"],"picked":"Fiend Fire","floor":11.0},{"not_picked":["Twin Strike","Double Tap","Havoc"],"picked":"SKIP","floor":13.0},{"not_picked":["Brutality","Offering"],"picked":"Impervious","floor":16.0},{"not_picked":["True Grit","Twin Strike"],"picked":"Entrench+1","floor":18},{"not_picked":["Wild Strike","Ghostly Armor","Pommel Strike"],"picked":"SKIP","floor":19},{"not_picked":["Body Slam","True Grit"],"picked":"Uppercut","floor":21},{"not_picked":["Thunderclap","Pommel Strike"],"picked":"Bludgeon","floor":22},{"not_picked":["Power Through","Rupture","Iron Wave"],"picked":"SKIP","floor":23},{"not_picked":["True Grit","Cleave+1"],"picked":"Corruption","floor":24},{"not_picked":["Perfected Strike","Sword Boomerang","Pommel Strike"],"picked":"SKIP","floor":28},{"not_picked":["Clothesline","Iron Wave","Cleave"],"picked":"SKIP","floor":30},{"not_picked":["Blood for Blood+1","Wild Strike","Havoc"],"picked":"SKIP","floor":31},{"not_picked":["Bludgeon","Offering"],"picked":"Impervious","floor":33},{"not_picked":["Seeing Red","Searing Blow+1","True Grit"],"picked":"SKIP","floor":35},{"not_picked":["Thunderclap+1","Shrug It Off"],"picked":"Dark Embrace+1","floor":36},{"not_picked":["Sword Boomerang","Fiend Fire"],"picked":"Shrug It Off","floor":39},{"not_picked":["Spot Weakness","Metallicize"],"picked":"Body Slam+1","floor":41},{"not_picked":["Clothesline+1","Cleave+1","Pummel"],"picked":"SKIP","floor":42},{"not_picked":["Clothesline","Heavy Blade"],"picked":"Sentinel","floor":44},{"not_picked":["Corruption","Double Tap","Searing Blow+1"],"picked":"SKIP","floor":45},{"not_picked":["Perfected Strike+1","Warcry"],"picked":"Offering","floor":47},{"not_picked":["Thunderclap+1","Iron Wave","Armaments"],"picked":"SKIP","floor":48},{"not_picked":["Reckless Charge","Twin Strike"],"picked":"Barricade","floor":55}],"player_experience":3433332,"relics_obtained":[{"floor":7.0,"key":"Blood Vial"},{"floor":9.0,"key":"Gremlin Horn"},{"floor":11.0,"key":"Girya"},{"floor":13.0,"key":"Ginger"},{"floor":23,"key":"Champion Belt"},{"floor":26,"key":"Happy Flower"},{"floor":28,"key":"The Courier"},{"floor":30,"key":"Pen Nib"},{"floor":39,"key":"Incense Burner"},{"floor":42,"key":"Centennial Puzzle"},{"floor":45,"key":"Pantograph"},{"floor":47,"key":"Orichalcum"},{"floor":55,"key":"Art of War"}],"event_choices":[{"damage_healed":0.0,"max_hp_gain":0.0,"max_hp_loss":0.0,"gold_gain":50.0,"event_name":"Golden Shrine","player_choice":"Pray","floor":3.0,"gold_loss":0.0,"damage_taken":0.0},{"damage_healed":0.0,"max_hp_gain":0.0,"max_hp_loss":0.0,"gold_gain":0.0,"event_name":"Accursed Blacksmith","player_choice":"Rummage","floor":10.0,"gold_loss":0.0,"damage_taken":0.0,"relics_obtained":["WarpedTongs"],"cards_obtained":["Pain"]},{"cards_removed":["Strike_R"],"damage_healed":0,"gold_gain":0,"player_choice":"Purged","damage_taken":0,"max_hp_gain":0,"max_hp_loss":0,"event_name":"Purifier","floor":20,"gold_loss":0},{"damage_healed":0,"gold_gain":0,"player_choice":"Max HP","damage_taken":0,"max_hp_gain":0,"max_hp_loss":4,"event_name":"Winding Halls","floor":37,"gold_loss":0},{"damage_healed":0,"gold_gain":0,"player_choice":"Fight","damage_taken":0,"max_hp_gain":0,"max_hp_loss":0,"event_name":"MindBloom","floor":39,"gold_loss":0}],"is_beta":true,"boss_relics":[{"not_picked":["Cursed Key","Runic Cube"],"picked":"Fusion Hammer"},{"not_picked":["Mark of Pain","Philosopher\u0027s Stone"],"picked":"Pandora\u0027s Box"}],"items_purged_floors":[12,54],"is_endless":false,"potions_floor_spawned":[5,13,22,24,30,31,36,39,42,44,45],"ascension_level":20}