{"gold_per_floor":[112,129,13,13,29,29,46,59,59,92,92,92,92,124,124,195,195,205,222,249,249,29,29,61,79,106,118,118,146,160,187,187,258,258,277,290,7,229,245,245,245],"floor_reached":41,"playtime":2899,"items_purged":["Defend_R"],"score":882,"play_id":"37991eb3-0a94-464a-baff-e55f514032ed","local_time":"20210220111029","is_ascension_mode":true,"campfire_choices":[{"floor":6,"key":"RECALL"},{"floor":13,"key":"REST"},{"floor":15,"key":"REST"},{"floor":23,"key":"REST"},{"floor":28,"key":"REST"},{"floor":32,"key":"REST"},{"floor":40,"key":"REST"}],"neow_cost":"NONE","seed_source_timestamp":637029841693800,"circlet_count":0,"master_deck":["AscendersBane","Strike_R","Strike_R","Strike_R","Strike_R","Defend_R","Defend_R","Defend_R","Bash","Shrug It Off","Clothesline","Inflame","Inflame","Twin Strike","Armaments","Reaper","Combust+1","Barricade+1","Inflame+1","Body Slam","Shrug It Off","Sword Boomerang","Battle Trance","Limit Break","True Grit+1","Battle Trance","Evolve+1"],"relics":["Fusion Hammer","Frozen Egg 2","Blue Candle","Gremlin Horn","Runic Dome","Red Mask","PreservedInsect","Bag of Marbles","Blood Vial","Boot","Strawberry","Snecko Eye","HornCleat"],"potions_floor_usage":[14,19,20,24,30,30,30],"damage_taken":[{"damage":0,"enemies":"Cultist","floor":1,"turns":3},{"damage":0,"enemies":"2 Louse","floor":2,"turns":3},{"damage":5,"enemies":"Jaw Worm","floor":5,"turns":3},{"damage":1,"enemies":"Looter","floor":7,"turns":3},{"damage":25,"enemies":"Gremlin Gang","floor":8,"turns":4},{"damage":8,"enemies":"Gremlin Nob","floor":10,"turns":3},{"damage":15,"enemies":"3 Sentries","floor":14,"turns":6},{"damage":33,"enemies":"Slime Boss","floor":16,"turns":8},{"damage":25,"enemies":"Shell Parasite","floor":18,"turns":4},{"damage":12,"enemies":"Chosen","floor":19,"turns":3},{"damage":9,"enemies":"Masked Bandits","floor":20,"turns":3},{"damage":34,"enemies":"Slavers","floor":24,"turns":4},{"damage":14,"enemies":"Centurion and Healer","floor":25,"turns":6},{"damage":17,"enemies":"Snecko","floor":27,"turns":5},{"damage":33,"enemies":"Book of Stabbing","floor":29,"turns":4},{"damage":13,"enemies":"Shelled Parasite and Fungi","floor":30,"turns":2},{"damage":83,"enemies":"Automaton","floor":33,"turns":11},{"damage":52,"enemies":"3 Darklings","floor":35,"turns":5},{"damage":0,"enemies":"3 Shapes","floor":36,"turns":2},{"damage":7,"enemies":"Spire Growth","floor":39,"turns":5},{"damage":110,"enemies":"Nemesis","floor":41,"turns":8}],"seed_played":"-1465966123966992874","potions_obtained":[{"floor":8,"key":"SkillPotion"},{"floor":10,"key":"LiquidMemories"},{"floor":14,"key":"DistilledChaos"},{"floor":16,"key":"Fire Potion"},{"floor":24,"key":"EntropicBrew"},{"floor":25,"key":"EntropicBrew"},{"floor":33,"key":"SmokeBomb"},{"floor":35,"key":"FearPotion"}],"is_trial":false,"path_per_floor":["M","M","$","?","M","R","M","M","T","E","?","?","R","E","R","B",null,"M","M","?","?","$","R","E","M","T","M","R","E","M","T","R","B",null,"M","M","$","?","M","R","E"],"character_chosen":"IRONCLAD","items_purchased":["Inflame","PreservedInsect","Shrug It Off","HornCleat"],"campfire_rested":6,"item_purchase_floors":[3,22,22,37],"current_hp_per_floor":[68,68,68,68,63,63,62,37,37,29,29,29,51,54,75,60,71,52,49,51,51,51,73,55,57,57,51,73,42,31,38,62,24,68,50,82,82,82,75,82,0],"gold":245,"neow_bonus":"BOSS_RELIC","is_prod":false,"is_daily":false,"chose_seed":false,"campfire_upgraded":0,"win_rate":0,"timestamp":1613848229,"path_taken":["M","M","?","?","M","R","M","?","T","E","?","?","R","E","R","BOSS","M","?","?","?","?","R","E","M","T","M","R","E","M","?","R","BOSS","M","?","$","?","M","R","E"],"build_version":"2020-12-18","purchased_purges":1,"victory":false,"max_hp_per_floor":[75,75,75,75,75,75,75,75,75,75,75,75,75,75,75,75,75,75,75,75,75,75,75,75,75,75,75,75,75,75,82,82,82,82,82,82,82,82,82,82,82],"relic_stats":{"Blood Vial":12,"Gremlin Horn":[14,15],"counters":[21,95],"Blue Candle":[0],"Snecko Eye":[40,45,47,37],"PreservedInsect":147,"Boot":[65],"obtain_stats":[{"Gremlin Horn":14,"Blue Candle":10,"PreservedInsect":22,"Frozen Egg 2":9,"Boot":29,"Burning Blood":0,"Blood Vial":26,"Runic Dome":17,"HornCleat":37,"Strawberry":31,"Snecko Eye":34,"Fusion Hammer":0,"Red Mask":20,"Bag of Marbles":24},{"Gremlin Horn":7,"Blue Candle":6,"PreservedInsect":11,"Frozen Egg 2":5,"Boot":15,"Burning Blood":0,"Blood Vial":13,"Runic Dome":8,"HornCleat":19,"Strawberry":16,"Snecko Eye":17,"Fusion Hammer":0,"Red Mask":11,"Bag of Marbles":12},{"Gremlin Horn":25,"Blue Candle":19,"PreservedInsect":43,"Frozen Egg 2":16,"Boot":62,"Burning Blood":0,"Blood Vial":53,"Runic Dome":33,"HornCleat":82,"Strawberry":64,"Snecko Eye":75,"Fusion Hammer":0,"Red Mask":43,"Bag of Marbles":47}]},"card_choices":[{"not_picked":["Havoc","Twin Strike"],"picked":"Shrug It Off","floor":1},{"not_picked":["Pommel Strike","Whirlwind"],"picked":"Clothesline","floor":2},{"not_picked":["Rage","Heavy Blade"],"picked":"Inflame","floor":5},{"not_picked":["Clothesline","True Grit"],"picked":"Twin Strike","floor":7},{"not_picked":["Entrench","Heavy Blade"],"picked":"Armaments","floor":8},{"not_picked":["Sword Boomerang","Flex"],"picked":"Reaper","floor":10},{"not_picked":["Anger","Entrench"],"picked":"Combust+1","floor":14},{"not_picked":["Limit Break","Double Tap"],"picked":"Barricade+1","floor":16},{"not_picked":["Second Wind","True Grit"],"picked":"Inflame+1","floor":18},{"not_picked":["Sentinel","Twin Strike"],"picked":"Body Slam","floor":19},{"not_picked":["Second Wind","Clash","Searing Blow"],"picked":"SKIP","floor":24},{"not_picked":["Whirlwind","Power Through"],"picked":"Sword Boomerang","floor":25},{"not_picked":["True Grit","Flex","Armaments"],"picked":"SKIP","floor":27},{"not_picked":["Rage","Iron Wave","Searing Blow"],"picked":"SKIP","floor":29},{"not_picked":["Clash","Warcry+1"],"picked":"Battle Trance","floor":30},{"not_picked":["Fiend Fire","Double Tap"],"picked":"Limit Break","floor":33},{"not_picked":["Sentinel","Havoc+1"],"picked":"True Grit+1","floor":35},{"not_picked":["Heavy Blade","Havoc"],"picked":"Battle Trance","floor":36},{"not_picked":["Clothesline","Havoc+1"],"picked":"Evolve+1","floor":39}],"player_experience":3430433,"relics_obtained":[{"floor":9,"key":"Frozen Egg 2"},{"floor":10,"key":"Blue Candle"},{"floor":14,"key":"Gremlin Horn"},{"floor":20,"key":"Red Mask"},{"floor":24,"key":"Bag of Marbles"},{"floor":26,"key":"Blood Vial"},{"floor":29,"key":"Boot"},{"floor":31,"key":"Strawberry"}],"event_choices":[{"cards_removed":["Strike_R"],"damage_healed":0,"gold_gain":0,"player_choice":"Offered Basic","damage_taken":0,"max_hp_gain":0,"max_hp_loss":0,"event_name":"Bonfire Elementals","floor":4,"gold_loss":0},{"damage_healed":0,"gold_gain":0,"player_choice":"Fled","damage_taken":0,"max_hp_gain":0,"max_hp_loss":0,"event_name":"Scrap Ooze","floor":11,"gold_loss":0},{"damage_healed":0,"gold_gain":0,"player_choice":"Got Potions","damage_taken":0,"max_hp_gain":0,"max_hp_loss":0,"event_name":"Lab","floor":12,"gold_loss":0},{"damage_healed":0,"gold_gain":0,"player_choice":"Fought Bandits","damage_taken":0,"max_hp_gain":0,"max_hp_loss":0,"event_name":"Masked Bandits","floor":20,"gold_loss":0},{"damage_healed":0,"gold_gain":222,"player_choice":"Wore Mask","damage_taken":0,"max_hp_gain":0,"max_hp_loss":0,"event_name":"Tomb of Lord Red Mask","floor":38,"gold_loss":0}],"is_beta":true,"boss_relics":[{"not_picked":["Empty Cage","Coffee Dripper"],"picked":"Runic Dome"},{"not_picked":["Calling Bell","SacredBark"],"picked":"Snecko Eye"}],"items_purged_floors":[3],"is_endless":false,"potions_floor_spawned":[8,10,14,16,18,24,25,33,35],"killed_by":"Nemesis","ascension_level":20}