{"gold_per_floor":[115,115,115,128,48,91,91,91],"floor_reached":8,"playtime":635,"items_purged":[],"score":108,"play_id":"14f42f22-37b9-4ee1-b811-4117ecf7a4f8","local_time":"20210218233806","is_ascension_mode":true,"campfire_choices":[{"floor":7,"key":"REST"}],"neow_cost":"NONE","seed_source_timestamp":511351713103200,"circlet_count":0,"master_deck":["AscendersBane","Strike_R","Strike_R","Strike_R+1","Strike_R+1","Strike_R","Defend_R","Defend_R","Defend_R","Defend_R","Bash+1","Twin Strike","Armaments","Brutality","Fire Breathing"],"relics":["Burning Blood","Golden Idol","Tiny Chest"],"potions_floor_usage":[6],"damage_taken":[{"damage":9,"enemies":"Jaw Worm","floor":1,"turns":4},{"damage":0,"enemies":"Small Slimes","floor":4,"turns":2},{"damage":46,"enemies":"Lagavulin","floor":6,"turns":8},{"damage":34,"enemies":"Gremlin Nob","floor":8,"turns":3}],"seed_played":"6262733443819130129","potions_obtained":[{"floor":1,"key":"ColorlessPotion"}],"is_trial":false,"path_per_floor":["M","?","?","M","$","E","R","E"],"character_chosen":"IRONCLAD","items_purchased":["Brutality"],"campfire_rested":1,"item_purchase_floors":[5],"current_hp_per_floor":[65,65,45,51,51,11,31,0],"gold":91,"neow_bonus":"UPGRADE_CARD","is_prod":false,"is_daily":false,"chose_seed":false,"campfire_upgraded":0,"win_rate":0,"timestamp":1613720286,"path_taken":["M","?","?","M","?","E","R","E"],"build_version":"2020-12-18","purchased_purges":0,"victory":false,"max_hp_per_floor":[75,68,68,68,68,68,68,68],"relic_stats":{"counters":[4,17],"Golden Idol":12,"Tiny Chest":0,"obtain_stats":[{"Golden Idol":2,"Tiny Chest":6,"Burning Blood":0},{"Golden Idol":1,"Tiny Chest":3,"Burning Blood":0},{"Golden Idol":4,"Tiny Chest":14,"Burning Blood":0}],"Burning Blood":18},"card_choices":[{"not_picked":["Whirlwind","Shrug It Off"],"picked":"Twin Strike","floor":1},{"not_picked":["Thunderclap","Ghostly Armor"],"picked":"Armaments","floor":4},{"not_picked":["Burning Pact","Clash"],"picked":"Fire Breathing","floor":6}],"player_experience":3412049,"relics_obtained":[{"floor":6,"key":"Tiny Chest"}],"event_choices":[{"damage_healed":0,"gold_gain":0,"player_choice":"Lose Max HP","damage_taken":0,"relics_obtained":["Golden Idol"],"max_hp_gain":0,"max_hp_loss":7,"event_name":"Golden Idol","floor":2,"gold_loss":0},{"damage_healed":0,"gold_gain":0,"player_choice":"Entered Light","damage_taken":20,"max_hp_gain":0,"max_hp_loss":0,"event_name":"Shining Light","floor":3,"gold_loss":0,"cards_upgraded":["Strike_R","Strike_R"]}],"is_beta":true,"boss_relics":[],"items_purged_floors":[],"is_endless":false,"potions_floor_spawned":[1],"killed_by":"Gremlin Nob","ascension_level":20}