{"gold_per_floor":[215,232,45,45,55,55,89,109,109,120,153,153,164,193,193,267,267,277,277,277,20,36,36,70,70,70,95,95,95,128,143,143,219,219,235,247,258,258,87,113,113,141,141,160,193,193,209,237,237,237,237],"floor_reached":52,"playtime":14681,"items_purged":["Strike_R","Pain"],"score":2596,"play_id":"5daa50ef-da29-499a-80dd-ec216bb2a165","local_time":"20210215185248","is_ascension_mode":true,"campfire_choices":[{"data":"Bludgeon","floor":6.0,"key":"SMITH"},{"data":"Armaments","floor":12.0,"key":"SMITH"},{"data":"Combust","floor":15.0,"key":"SMITH"},{"data":"Strike_R","floor":23,"key":"PURGE"},{"data":"Strike_R","floor":28,"key":"PURGE"},{"data":"Strike_R","floor":32,"key":"PURGE"},{"floor":41,"key":"RECALL"},{"data":"Strike_R","floor":46,"key":"PURGE"},{"data":"Cleave","floor":49,"key":"PURGE"}],"neow_cost":"NONE","seed_source_timestamp":220949234729700,"circlet_count":0,"master_deck":["AscendersBane","Defend_R","Defend_R","Defend_R","Defend_R","Bash","Armaments+1","Combust+1","Carnage","Impervious","Bludgeon+1","Exhume","Metallicize","Battle Trance","Offering","Barricade","Power Through","Bloodletting","Feel No Pain","Ghostly","Ghostly","Ghostly","Disarm","Reaper","Entrench+1","Entrench+1","Shrug It Off+1","Burning Pact+1","Body Slam"],"special_seed":0,"relics":["Burning Blood","White Beast Statue","Peace Pipe","Turnip","PreservedInsect","Fusion Hammer","Enchiridion","WarpedTongs","Medical Kit","Boot","Incense Burner","Kunai","NlothsMask","Meat on the Bone","SlaversCollar","Sling","Toxic Egg 2","Strawberry","Bag of Marbles","Pantograph"],"potions_floor_usage":[22,24,30,51],"damage_taken":[{"damage":4.0,"enemies":"Small Slimes","floor":1.0,"turns":4.0},{"damage":7.0,"enemies":"Cultist","floor":2.0,"turns":5.0},{"damage":0.0,"enemies":"2 Louse","floor":5.0,"turns":2.0},{"damage":20.0,"enemies":"Lagavulin","floor":7.0,"turns":4.0},{"damage":3.0,"enemies":"Blue Slaver","floor":8.0,"turns":6.0},{"damage":1.0,"enemies":"Lots of Slimes","floor":10.0,"turns":3.0},{"damage":8.0,"enemies":"3 Sentries","floor":11.0,"turns":5.0},{"damage":2.0,"enemies":"3 Louse","floor":13.0,"turns":5.0},{"damage":11.0,"enemies":"Gremlin Nob","floor":14.0,"turns":4.0},{"damage":10.0,"enemies":"Slime Boss","floor":16.0,"turns":5.0},{"damage":16.0,"enemies":"Shell Parasite","floor":18.0,"turns":5.0},{"damage":7,"enemies":"2 Thieves","floor":22,"turns":2},{"damage":14,"enemies":"Gremlin Leader","floor":24,"turns":6},{"damage":15,"enemies":"Slavers","floor":27,"turns":4},{"damage":11,"enemies":"Book of Stabbing","floor":30,"turns":6},{"damage":6,"enemies":"Snake Plant","floor":31,"turns":5},{"damage":21,"enemies":"Collector","floor":33,"turns":10},{"damage":11,"enemies":"Orb Walker","floor":35,"turns":5},{"damage":28,"enemies":"3 Darklings","floor":36,"turns":8},{"damage":7,"enemies":"Maw","floor":37,"turns":12},{"damage":7,"enemies":"Nemesis","floor":40,"turns":13},{"damage":11,"enemies":"Giant Head","floor":42,"turns":8},{"damage":3,"enemies":"Spire Growth","floor":44,"turns":10},{"damage":13,"enemies":"Reptomancer","floor":45,"turns":8},{"damage":3,"enemies":"Transient","floor":47,"turns":6},{"damage":5,"enemies":"Nemesis","floor":48,"turns":9},{"damage":2,"enemies":"Time Eater","floor":50,"turns":9},{"damage":2,"enemies":"Donu and Deca","floor":51,"turns":10}],"seed_played":"-7453770157878372450","potions_obtained":[{"floor":1.0,"key":"FearPotion"},{"floor":2.0,"key":"GamblersBrew"},{"floor":8.0,"key":"Explosive Potion"},{"floor":10.0,"key":"HeartOfIron"},{"floor":11.0,"key":"BloodPotion"},{"floor":16.0,"key":"BloodPotion"},{"floor":18.0,"key":"ElixirPotion"},{"floor":22,"key":"SteroidPotion"},{"floor":24,"key":"Dexterity Potion"},{"floor":27,"key":"Block Potion"},{"floor":30,"key":"ColorlessPotion"},{"floor":31,"key":"FearPotion"},{"floor":38,"key":"AttackPotion"},{"floor":44,"key":"Energy Potion"}],"is_trial":false,"path_per_floor":["M","M","$","?","M","R","E","M","T","M","E","R","M","E","R","B",null,"M","?","?","$","M","R","E","?","T","E","R","?","E","M","R","B",null,"M","M","M","?","$","E","R","E","T","M","E","R","M","E","R","B","B",null],"character_chosen":"IRONCLAD","items_purchased":["Combust","Carnage","Medical Kit","Sling"],"campfire_rested":0,"item_purchase_floors":[3,3,21,39],"current_hp_per_floor":[70,69,69,69,75,75,61,64,64,69,67,67,71,66,66,75,75,65,44,44,44,58,58,50,37,37,28,28,28,23,35,35,32,36,31,36,37,37,37,36,36,44,44,44,44,44,44,44,44,44,44],"gold":237,"neow_bonus":"HUNDRED_GOLD","is_prod":false,"is_daily":false,"chose_seed":false,"campfire_upgraded":3,"win_rate":0,"timestamp":1613443968,"path_taken":["M","M","$","?","M","R","E","M","T","?","E","R","M","E","R","BOSS","M","?","?","$","?","R","E","?","T","E","R","?","E","M","R","BOSS","M","M","?","?","$","E","R","E","T","?","E","R","M","E","R","BOSS","BOSS"],"build_version":"2020-12-18","purchased_purges":2,"victory":true,"max_hp_per_floor":[75,75,75,75,75,75,75,75,75,75,75,75,75,75,75,75,75,75,75,75,75,75,75,75,37,37,37,37,37,37,37,37,37,37,37,37,37,37,37,37,37,44,44,44,44,44,44,44,44,44,44],"relic_stats":{"Peace Pipe":5,"counters":[28,179],"Pantograph":0,"Turnip":[15],"PreservedInsect":421,"Kunai":[5],"Medical Kit":[100],"Boot":[34],"obtain_stats":[{"Enchiridion":19,"PreservedInsect":14,"Incense Burner":26,"Medical Kit":21,"Boot":24,"Sling":39,"Burning Blood":0,"White Beast Statue":7,"WarpedTongs":20,"Peace Pipe":9,"SlaversCollar":34,"Strawberry":42,"Pantograph":48,"Turnip":11,"Fusion Hammer":17,"Bag of Marbles":45,"Kunai":27,"Toxic Egg 2":40,"NlothsMask":29,"Meat on the Bone":30},{"Enchiridion":11,"PreservedInsect":9,"Incense Burner":13,"Medical Kit":11,"Boot":13,"Sling":20,"Burning Blood":0,"White Beast Statue":4,"WarpedTongs":11,"Peace Pipe":5,"SlaversCollar":17,"Strawberry":22,"Pantograph":26,"Turnip":7,"Fusion Hammer":10,"Bag of Marbles":24,"Kunai":14,"Toxic Egg 2":21,"NlothsMask":14,"Meat on the Bone":15},{"Enchiridion":48,"PreservedInsect":38,"Incense Burner":56,"Medical Kit":48,"Boot":56,"Sling":106,"Burning Blood":0,"White Beast Statue":15,"WarpedTongs":48,"Peace Pipe":21,"SlaversCollar":81,"Strawberry":127,"Pantograph":160,"Turnip":29,"Fusion Hammer":43,"Bag of Marbles":145,"Kunai":60,"Toxic Egg 2":119,"NlothsMask":60,"Meat on the Bone":66}],"Burning Blood":137,"WarpedTongs":[120],"Meat on the Bone":36},"card_choices":[{"not_picked":["Dropkick","Flex"],"picked":"Cleave","floor":1.0},{"not_picked":["Iron Wave","Dark Embrace"],"picked":"Armaments","floor":2.0},{"not_picked":["Twin Strike","Anger"],"picked":"Bludgeon","floor":5.0},{"not_picked":["Dark Embrace","Dual Wield"],"picked":"Exhume","floor":7.0},{"not_picked":["Twin Strike","Clothesline","Whirlwind"],"picked":"SKIP","floor":8.0},{"not_picked":["Dark Embrace","Pummel"],"picked":"Metallicize","floor":10.0},{"not_picked":["True Grit","Blood for Blood","Metallicize"],"picked":"SKIP","floor":11.0},{"not_picked":["Anger","Sentinel"],"picked":"Battle Trance","floor":13.0},{"not_picked":["Feel No Pain","Whirlwind"],"picked":"Offering","floor":14.0},{"not_picked":["Limit Break","Corruption"],"picked":"Barricade","floor":16.0},{"not_picked":["Havoc","Perfected Strike"],"picked":"Power Through","floor":18.0},{"not_picked":["Flex","Shrug It Off"],"picked":"Bloodletting","floor":22},{"not_picked":["Flame Barrier","Perfected Strike"],"picked":"Feel No Pain","floor":24},{"not_picked":["Clothesline","Anger","Sword Boomerang"],"picked":"SKIP","floor":27},{"not_picked":["Headbutt+1","Flex","Twin Strike"],"picked":"SKIP","floor":30},{"not_picked":["Burning Pact+1","Pummel"],"picked":"Disarm","floor":31},{"not_picked":["Exhume","Demon Form"],"picked":"Reaper","floor":33},{"not_picked":["Dropkick","Seeing Red","Wild Strike"],"picked":"SKIP","floor":35},{"not_picked":["Havoc","Second Wind"],"picked":"Entrench+1","floor":36},{"not_picked":["Cleave","Rampage+1","Havoc"],"picked":"SKIP","floor":37},{"not_picked":["Armaments+1","Wild Strike","Feed"],"picked":"SKIP","floor":40},{"not_picked":["Hemokinesis","Clothesline"],"picked":"Entrench+1","floor":42},{"not_picked":["Twin Strike","Cleave+1"],"picked":"Shrug It Off+1","floor":44},{"not_picked":["Reckless Charge","Entrench+1","Pommel Strike+1"],"picked":"SKIP","floor":45},{"not_picked":["Entrench+1","Uppercut"],"picked":"Burning Pact+1","floor":47},{"not_picked":["Armaments+1","Shrug It Off+1"],"picked":"Body Slam","floor":48}],"player_experience":3355480,"relics_obtained":[{"floor":7.0,"key":"White Beast Statue"},{"floor":9.0,"key":"Peace Pipe"},{"floor":11.0,"key":"Turnip"},{"floor":14.0,"key":"PreservedInsect"},{"floor":19.0,"key":"Enchiridion"},{"floor":24,"key":"Boot"},{"floor":26,"key":"Incense Burner"},{"floor":27,"key":"Kunai"},{"floor":30,"key":"Meat on the Bone"},{"floor":40,"key":"Toxic Egg 2"},{"floor":42,"key":"Strawberry"},{"floor":45,"key":"Bag of Marbles"},{"floor":48,"key":"Pantograph"}],"event_choices":[{"damage_healed":0.0,"max_hp_gain":0.0,"max_hp_loss":0.0,"gold_gain":0.0,"event_name":"Match and Keep!","player_choice":"1 cards matched","floor":4.0,"gold_loss":0.0,"damage_taken":0.0,"cards_obtained":["Impervious"]},{"damage_healed":0.0,"max_hp_gain":0.0,"max_hp_loss":0.0,"gold_gain":0.0,"event_name":"Cursed Tome","player_choice":"Obtained Book","floor":19.0,"gold_loss":0.0,"damage_taken":21.0},{"damage_healed":0.0,"max_hp_gain":0.0,"max_hp_loss":0.0,"gold_gain":0.0,"event_name":"Accursed Blacksmith","player_choice":"Rummage","floor":20.0,"gold_loss":0.0,"damage_taken":0.0,"relics_obtained":["WarpedTongs"],"cards_obtained":["Pain"]},{"damage_healed":0,"gold_gain":0,"player_choice":"Became a Ghost","damage_taken":0,"max_hp_gain":0,"max_hp_loss":38,"event_name":"Ghosts","floor":25,"gold_loss":0,"cards_obtained":["Ghostly","Ghostly","Ghostly"]},{"damage_healed":0,"gold_gain":0,"player_choice":"Trade","damage_taken":0,"relics_obtained":["NlothsMask"],"max_hp_gain":0,"max_hp_loss":0,"event_name":"FaceTrader","floor":29,"gold_loss":0},{"damage_healed":0,"gold_gain":0,"player_choice":"Got Potions","damage_taken":0,"max_hp_gain":0,"max_hp_loss":0,"event_name":"Lab","floor":38,"gold_loss":0}],"is_beta":true,"boss_relics":[{"not_picked":["Philosopher\u0027s Stone","Runic Pyramid"],"picked":"Fusion Hammer"},{"not_picked":["Coffee Dripper","Calling Bell"],"picked":"SlaversCollar"}],"items_purged_floors":[3,21],"is_endless":false,"potions_floor_spawned":[1,2,5,8,10,11,13,14,16,18,22,24,27,30,31,33,35,36,37,40,42,44,45,47,48],"ascension_level":20}