{"gold_per_floor":[216,236,236,236,29,29,63,79,79,108,122,122,151,212,212,212],"floor_reached":16,"playtime":837,"items_purged":[],"score":286,"play_id":"b709d631-df80-4c4a-83a9-5a0016d2f603","local_time":"20210220215805","is_ascension_mode":true,"campfire_choices":[{"floor":6,"key":"REST"},{"floor":12,"key":"REST"},{"data":"Armaments","floor":15,"key":"SMITH"}],"neow_cost":"NONE","seed_source_timestamp":677948642001300,"circlet_count":0,"master_deck":["AscendersBane","Strike_R","Strike_R","Strike_R","Strike_R","Defend_R+1","Defend_R","Defend_R","Defend_R","Bash+1","Fire Breathing","Hemokinesis","Armaments+1","Blood for Blood","Corruption"],"relics":["Burning Blood","Sling","Dream Catcher","Shuriken","Meat on the Bone","Blood Vial","Juzu Bracelet"],"potions_floor_usage":[11,13,16],"damage_taken":[{"damage":6,"enemies":"Cultist","floor":1,"turns":4},{"damage":6,"enemies":"Jaw Worm","floor":2,"turns":6},{"damage":26,"enemies":"3 Sentries","floor":7,"turns":5},{"damage":3,"enemies":"2 Louse","floor":8,"turns":2},{"damage":31,"enemies":"Lagavulin","floor":10,"turns":6},{"damage":5,"enemies":"Blue Slaver","floor":11,"turns":4},{"damage":2,"enemies":"3 Sentries","floor":13,"turns":4},{"damage":26,"enemies":"3 Sentries","floor":14,"turns":6},{"damage":55,"enemies":"Hexaghost","floor":16,"turns":8}],"seed_played":"-3599583296423190121","potions_obtained":[{"floor":8,"key":"SteroidPotion"},{"floor":11,"key":"DistilledChaos"},{"floor":13,"key":"Dexterity Potion"}],"is_trial":false,"path_per_floor":["M","M","?","?","$","R","E","M","T","E","M","R","E","?","R","B"],"character_chosen":"IRONCLAD","items_purchased":["Sling","Hemokinesis"],"campfire_rested":2,"item_purchase_floors":[5,5],"current_hp_per_floor":[68,68,61,38,38,60,40,43,43,18,31,53,57,51,51,0],"gold":212,"neow_bonus":"HUNDRED_GOLD","is_prod":false,"is_daily":false,"chose_seed":false,"campfire_upgraded":1,"win_rate":0,"timestamp":1613887085,"path_taken":["M","M","?","?","$","R","E","M","T","E","M","R","E","?","R","BOSS"],"build_version":"2020-12-18","purchased_purges":0,"victory":false,"max_hp_per_floor":[75,75,75,75,75,75,75,75,75,75,75,75,75,75,75,75],"relic_stats":{"Blood Vial":4,"Dream Catcher":1,"counters":[9,45],"Shuriken":[1],"Juzu Bracelet":0,"obtain_stats":[{"Blood Vial":13,"Dream Catcher":7,"Shuriken":9,"Juzu Bracelet":14,"Sling":5,"Burning Blood":0,"Meat on the Bone":10},{"Blood Vial":7,"Dream Catcher":3,"Shuriken":4,"Juzu Bracelet":8,"Sling":2,"Burning Blood":0,"Meat on the Bone":5},{"Blood Vial":31,"Dream Catcher":15,"Shuriken":17,"Juzu Bracelet":37,"Sling":10,"Burning Blood":0,"Meat on the Bone":23}],"Burning Blood":48,"Meat on the Bone":24},"card_choices":[{"not_picked":["Iron Wave","Flex","Heavy Blade"],"picked":"SKIP","floor":1},{"not_picked":["Cleave","True Grit"],"picked":"Fire Breathing","floor":2},{"not_picked":["Double Tap","Havoc"],"picked":"Armaments","floor":7},{"not_picked":["Cleave","Havoc","Perfected Strike"],"picked":"SKIP","floor":8},{"not_picked":["Warcry","Pommel Strike"],"picked":"Blood for Blood","floor":10},{"not_picked":["Demon Form","Warcry","Seeing Red"],"picked":"SKIP","floor":11},{"not_picked":["Fire Breathing","Rage"],"picked":"Corruption","floor":13}],"player_experience":3452360,"relics_obtained":[{"floor":7,"key":"Dream Catcher"},{"floor":9,"key":"Shuriken"},{"floor":10,"key":"Meat on the Bone"},{"floor":13,"key":"Blood Vial"},{"floor":14,"key":"Juzu Bracelet"}],"event_choices":[{"cards_removed":["Strike_R"],"damage_healed":0,"gold_gain":0,"player_choice":"Card Removal","damage_taken":7,"max_hp_gain":0,"max_hp_loss":0,"event_name":"Golden Wing","floor":3,"gold_loss":0},{"damage_healed":0,"gold_gain":0,"player_choice":"Entered Light","damage_taken":23,"max_hp_gain":0,"max_hp_loss":0,"event_name":"Shining Light","floor":4,"gold_loss":0,"cards_upgraded":["Defend_R","Bash"]},{"damage_healed":0,"gold_gain":0,"player_choice":"Searched \u00272\u0027 times","damage_taken":0,"max_hp_gain":0,"max_hp_loss":0,"event_name":"Dead Adventurer","floor":14,"gold_loss":0}],"is_beta":true,"boss_relics":[],"items_purged_floors":[],"is_endless":false,"potions_floor_spawned":[8,11,13],"killed_by":"Hexaghost","ascension_level":20}