{"gold_per_floor":[126,126,146,146,146,146,180,205,280,280,309,345,44,83,83,83],"floor_reached":16,"playtime":905,"items_purged":[],"score":236,"play_id":"570aef60-463c-47be-b75b-df67d9e2f48c","local_time":"20210214135311","is_ascension_mode":true,"campfire_choices":[{"data":"Perfected Strike","floor":6,"key":"SMITH"},{"floor":10,"key":"REST"},{"data":"Armaments","floor":15,"key":"SMITH"}],"neow_cost":"NONE","seed_source_timestamp":130393635696700,"circlet_count":0,"master_deck":["AscendersBane","Strike_R","Strike_R","Strike_R","Strike_R","Strike_R","Defend_R","Defend_R","Defend_R","Defend_R","Bash","Perfected Strike+1","Cleave","Headbutt","Armaments+1","Feed","Thunderclap","Metallicize+1"],"relics":["Burning Blood","CeramicFish","Toy Ornithopter","MealTicket","Oddly Smooth Stone","Frozen Egg 2","Bottled Lightning","Mummified Hand","Anchor"],"potions_floor_usage":[12,16],"damage_taken":[{"damage":2,"enemies":"2 Louse","floor":1,"turns":4},{"damage":14,"enemies":"Small Slimes","floor":3,"turns":4},{"damage":42,"enemies":"Lagavulin","floor":7,"turns":7},{"damage":0,"enemies":"Cultist","floor":8,"turns":2},{"damage":6,"enemies":"2 Fungi Beasts","floor":11,"turns":3},{"damage":14,"enemies":"3 Sentries","floor":12,"turns":6},{"damage":30,"enemies":"Gremlin Nob","floor":14,"turns":4},{"damage":52,"enemies":"Slime Boss","floor":16,"turns":8}],"seed_played":"2727330279881549367","potions_obtained":[{"floor":1,"key":"Fire Potion"},{"floor":3,"key":"ElixirPotion"},{"floor":8,"key":"Swift Potion"}],"is_trial":false,"path_per_floor":["M","$","M","?","?","R","E","M","T","R","M","E","$","E","R","B"],"character_chosen":"IRONCLAD","items_purchased":["Mummified Hand","Thunderclap"],"campfire_rested":1,"item_purchase_floors":[13,13],"current_hp_per_floor":[72,72,64,53,53,53,17,23,23,45,45,42,57,33,33,0],"gold":83,"neow_bonus":"RANDOM_COMMON_RELIC","is_prod":false,"is_daily":false,"chose_seed":false,"campfire_upgraded":2,"win_rate":0,"timestamp":1613339591,"path_taken":["M","$","M","?","?","R","E","?","T","R","M","E","$","E","R","BOSS"],"build_version":"2020-12-18","purchased_purges":0,"victory":false,"max_hp_per_floor":[75,75,75,75,75,75,75,75,75,75,75,75,75,75,75,79],"relic_stats":{"counters":[8,38],"Mummified Hand":[2],"CeramicFish":63,"MealTicket":15,"obtain_stats":[{"Anchor":14,"Mummified Hand":13,"CeramicFish":0,"Oddly Smooth Stone":7,"MealTicket":5,"Bottled Lightning":12,"Frozen Egg 2":9,"Burning Blood":0,"Toy Ornithopter":4},{"Anchor":7,"Mummified Hand":6,"CeramicFish":0,"Oddly Smooth Stone":3,"MealTicket":2,"Bottled Lightning":6,"Frozen Egg 2":4,"Burning Blood":0,"Toy Ornithopter":2},{"Anchor":30,"Mummified Hand":26,"CeramicFish":0,"Oddly Smooth Stone":15,"MealTicket":8,"Bottled Lightning":26,"Frozen Egg 2":17,"Burning Blood":0,"Toy Ornithopter":8}],"Burning Blood":42,"Toy Ornithopter":10},"card_choices":[{"not_picked":["Twin Strike","Iron Wave"],"picked":"Perfected Strike","floor":1},{"not_picked":["Corruption","Havoc","Wild Strike"],"picked":"SKIP","floor":3},{"not_picked":["Heavy Blade","Iron Wave"],"picked":"Cleave","floor":7},{"not_picked":["Sword Boomerang","Burning Pact"],"picked":"Headbutt","floor":8},{"not_picked":["Intimidate","Whirlwind"],"picked":"Armaments","floor":11},{"not_picked":["Shrug It Off","Heavy Blade"],"picked":"Feed","floor":12},{"not_picked":["Thunderclap","Twin Strike"],"picked":"Metallicize+1","floor":14}],"player_experience":3344040,"relics_obtained":[{"floor":7,"key":"Oddly Smooth Stone"},{"floor":9,"key":"Frozen Egg 2"},{"floor":12,"key":"Bottled Lightning"},{"floor":14,"key":"Anchor"}],"event_choices":[{"damage_healed":0,"gold_gain":0,"player_choice":"Success","damage_taken":11,"relics_obtained":["Toy Ornithopter"],"max_hp_gain":0,"max_hp_loss":0,"event_name":"Scrap Ooze","floor":4,"gold_loss":0},{"damage_healed":0,"gold_gain":0,"player_choice":"Gave Potion","damage_taken":0,"relics_obtained":["MealTicket"],"max_hp_gain":0,"max_hp_loss":0,"event_name":"WeMeetAgain","floor":5,"gold_loss":0}],"is_beta":true,"boss_relics":[],"items_purged_floors":[],"is_endless":false,"potions_floor_spawned":[1,3,8],"killed_by":"Slime Boss","ascension_level":20}