{"gold_per_floor":[213,213,226,239,41,41,70,70,70,98,114,131,131,160,160,232,232,246,2,2,12,28,61,81,81,81,81],"floor_reached":27,"playtime":1697,"items_purged":["Strike_R"],"score":506,"play_id":"605b38b5-6602-4be6-a31a-1fdfb6df4691","local_time":"20210221233234","is_ascension_mode":true,"campfire_choices":[{"data":"Blood for Blood","floor":6.0,"key":"SMITH"},{"data":"Combust","floor":8.0,"key":"SMITH"},{"data":"Bash","floor":13.0,"key":"SMITH"},{"data":"True Grit","floor":15.0,"key":"SMITH"},{"data":"Spot Weakness","floor":25,"key":"SMITH"}],"neow_cost":"NONE","seed_source_timestamp":769128954133400,"circlet_count":0,"master_deck":["AscendersBane","Strike_R","Strike_R","Strike_R","Strike_R","Defend_R","Defend_R","Defend_R","Defend_R","Bash+1","Headbutt","Combust+1","Blood for Blood+1","True Grit+1","Rage","Offering","Armaments+1","Secret Technique","Spot Weakness+1","Pommel Strike","Twin Strike"],"special_seed":0,"relics":["Burning Blood","Mercury Hourglass","Centennial Puzzle","HornCleat","Boot","StrikeDummy","Black Star","Oddly Smooth Stone","Juzu Bracelet","Mummified Hand"],"potions_floor_usage":[23,23,24],"damage_taken":[{"damage":4.0,"enemies":"2 Louse","floor":1.0,"turns":3.0},{"damage":5.0,"enemies":"Small Slimes","floor":3.0,"turns":4.0},{"damage":3.0,"enemies":"Cultist","floor":4.0,"turns":3.0},{"damage":13.0,"enemies":"Lagavulin","floor":7.0,"turns":4.0},{"damage":26.0,"enemies":"Gremlin Nob","floor":10.0,"turns":4.0},{"damage":0.0,"enemies":"Exordium Wildlife","floor":11.0,"turns":2.0},{"damage":13.0,"enemies":"Blue Slaver","floor":12.0,"turns":4.0},{"damage":6.0,"enemies":"3 Sentries","floor":14.0,"turns":3.0},{"damage":12.0,"enemies":"Hexaghost","floor":16.0,"turns":8.0},{"damage":8.0,"enemies":"Chosen","floor":18.0,"turns":3.0},{"damage":7,"enemies":"Shell Parasite","floor":21,"turns":3},{"damage":30,"enemies":"Snecko","floor":22,"turns":5},{"damage":29,"enemies":"Slavers","floor":23,"turns":6},{"damage":19,"enemies":"Sentry and Sphere","floor":24,"turns":7},{"damage":11,"enemies":"Colosseum Slavers","floor":27,"turns":3},{"damage":17,"enemies":"Colosseum Nobs","floor":27,"turns":3}],"seed_played":"-1155204296697248432","potions_obtained":[{"floor":4.0,"key":"Fruit Juice"},{"floor":12.0,"key":"Weak Potion"},{"floor":14.0,"key":"Dexterity Potion"},{"floor":16.0,"key":"SteroidPotion"},{"floor":18.0,"key":"BloodPotion"},{"floor":21,"key":"Strength Potion"},{"floor":23,"key":"EssenceOfSteel"}],"is_trial":false,"path_per_floor":["M","?","M","M","$","R","E","R","T","E","M","M","R","E","R","B",null,"M","$","?","M","M","E","M","R","T","?"],"character_chosen":"IRONCLAD","items_purchased":["Blood for Blood","LiquidMemories","Fire Potion","Secret Technique"],"campfire_rested":0,"item_purchase_floors":[5,5,19,19],"current_hp_per_floor":[70,44,45,48,48,48,46,46,46,26,32,25,25,25,25,19,65,63,79,80,79,55,32,19,19,19,0],"gold":81,"neow_bonus":"HUNDRED_GOLD","is_prod":false,"is_daily":false,"chose_seed":false,"campfire_upgraded":5,"win_rate":0,"timestamp":1613979154,"path_taken":["M","?","M","M","$","R","E","R","T","E","M","M","R","E","R","BOSS","M","$","?","?","M","E","M","R","T","?"],"build_version":"2020-12-18","purchased_purges":1,"victory":false,"max_hp_per_floor":[75,75,75,75,75,75,80,80,80,80,80,80,80,80,80,80,80,80,80,80,80,80,80,80,80,80,80],"relic_stats":{"Centennial Puzzle":[33],"counters":[16,63],"Mummified Hand":[2],"Black Star":1,"Juzu Bracelet":0,"Boot":[7],"obtain_stats":[{"Centennial Puzzle":7,"HornCleat":9,"Mummified Hand":26,"Oddly Smooth Stone":23,"Black Star":17,"Juzu Bracelet":23,"Boot":10,"StrikeDummy":14,"Burning Blood":0,"Mercury Hourglass":2},{"Centennial Puzzle":4,"HornCleat":4,"Mummified Hand":14,"Oddly Smooth Stone":13,"Black Star":9,"Juzu Bracelet":13,"Boot":5,"StrikeDummy":8,"Burning Blood":0,"Mercury Hourglass":1},{"Centennial Puzzle":14,"HornCleat":14,"Mummified Hand":58,"Oddly Smooth Stone":51,"Black Star":35,"Juzu Bracelet":51,"Boot":18,"StrikeDummy":27,"Burning Blood":0,"Mercury Hourglass":3}],"Burning Blood":90,"Mercury Hourglass":[203]},"card_choices":[{"not_picked":["Sword Boomerang","Bloodletting"],"picked":"Headbutt","floor":1.0},{"not_picked":["Warcry","Evolve"],"picked":"Combust","floor":3.0},{"not_picked":["Clothesline","Second Wind"],"picked":"Perfected Strike","floor":4.0},{"not_picked":["Bloodletting","Dual Wield"],"picked":"True Grit","floor":7.0},{"not_picked":["Cleave","Wild Strike","Entrench"],"picked":"SKIP","floor":10.0},{"not_picked":["Flex","Sword Boomerang","Ghostly Armor"],"picked":"SKIP","floor":11.0},{"not_picked":["Intimidate","Juggernaut"],"picked":"Rage","floor":12.0},{"not_picked":["Cleave","Clash","Wild Strike"],"picked":"SKIP","floor":14.0},{"not_picked":["Demon Form","Limit Break"],"picked":"Offering","floor":16.0},{"not_picked":["Flex","Hemokinesis"],"picked":"Armaments+1","floor":18.0},{"not_picked":["Iron Wave","Sword Boomerang"],"picked":"Spot Weakness","floor":21},{"not_picked":["Searing Blow","Infernal Blade"],"picked":"Pommel Strike","floor":22},{"not_picked":["Juggernaut","Thunderclap"],"picked":"Twin Strike","floor":23},{"not_picked":["Heavy Blade","Juggernaut","Evolve"],"picked":"SKIP","floor":24}],"player_experience":3484174,"relics_obtained":[{"floor":7.0,"key":"Centennial Puzzle"},{"floor":9.0,"key":"HornCleat"},{"floor":10.0,"key":"Boot"},{"floor":14.0,"key":"StrikeDummy"},{"floor":23,"key":"Oddly Smooth Stone"},{"floor":23,"key":"Juzu Bracelet"},{"floor":26,"key":"Mummified Hand"}],"event_choices":[{"damage_healed":0.0,"max_hp_gain":0.0,"max_hp_loss":0.0,"gold_gain":0.0,"event_name":"Scrap Ooze","player_choice":"Success","floor":2.0,"gold_loss":0.0,"damage_taken":26.0,"relics_obtained":["Mercury Hourglass"]},{"cards_removed":["Perfected Strike"],"damage_healed":5.0,"max_hp_gain":0.0,"max_hp_loss":0.0,"gold_gain":0.0,"event_name":"Bonfire Elementals","player_choice":"Offered Common","floor":20.0,"gold_loss":0.0,"damage_taken":0.0},{"cards_removed":["Perfected Strike"],"damage_healed":5.0,"max_hp_gain":0.0,"max_hp_loss":0.0,"gold_gain":0.0,"event_name":"Bonfire Elementals","player_choice":"Offered Special","floor":20.0,"gold_loss":0.0,"damage_taken":0.0},{"damage_healed":0,"gold_gain":0,"player_choice":"Fight","damage_taken":0,"max_hp_gain":0,"max_hp_loss":0,"event_name":"Colosseum","floor":27,"gold_loss":0},{"damage_healed":0,"gold_gain":0,"player_choice":"Fought Nobs","damage_taken":0,"max_hp_gain":0,"max_hp_loss":0,"event_name":"Colosseum","floor":27,"gold_loss":0}],"is_beta":true,"boss_relics":[{"not_picked":["Black Blood","Runic Cube"],"picked":"Black Star"}],"items_purged_floors":[5],"is_endless":false,"potions_floor_spawned":[4,12,14,16,18,21,22,23],"killed_by":"Colosseum Nobs","ascension_level":20}