{"gold_per_floor":[20,33,33,54,54,54,94,94,94,134,134,153,167,180,180,270,270,286,10,35,80,5,44,44,77,102,127,148,148,167,211,211,211],"floor_reached":33,"playtime":2134,"items_purged":["Strike_R"],"score":684,"play_id":"e5703acc-cd18-463d-bbe3-6613e73da535","local_time":"20210218225525","is_ascension_mode":true,"campfire_choices":[{"data":"Bash","floor":6,"key":"SMITH"},{"data":"Rampage","floor":8,"key":"SMITH"},{"floor":11,"key":"REST"},{"data":"Combust","floor":15,"key":"SMITH"},{"data":"Immolate","floor":24,"key":"SMITH"},{"floor":29,"key":"REST"},{"data":"Demon Form","floor":32,"key":"SMITH"}],"neow_cost":"NO_GOLD","seed_source_timestamp":507292296079600,"circlet_count":0,"master_deck":["AscendersBane","Strike_R","Strike_R","Strike_R","Strike_R","Defend_R","Defend_R","Defend_R","Defend_R","Bash+1","Impervious","Battle Trance","Rampage+1","Headbutt","Impervious","Pommel Strike","Twin Strike","Flame Barrier","Combust+1","Immolate+1","Burning Pact+1","Perfected Strike","Twin Strike","Demon Form+1"],"relics":["Burning Blood","Golden Idol","StrikeDummy","Pen Nib","Question Card","Snecko Eye","Mummified Hand","Red Skull","Orichalcum","Bottled Flame","Regal Pillow"],"potions_floor_usage":[7,25,33,33],"damage_taken":[{"damage":2,"enemies":"2 Louse","floor":1,"turns":3},{"damage":8,"enemies":"Small Slimes","floor":2,"turns":6},{"damage":6,"enemies":"Cultist","floor":4,"turns":3},{"damage":16,"enemies":"Lagavulin","floor":7,"turns":7},{"damage":31,"enemies":"Gremlin Nob","floor":10,"turns":4},{"damage":9,"enemies":"Red Slaver","floor":12,"turns":2},{"damage":4,"enemies":"Exordium Thugs","floor":13,"turns":4},{"damage":1,"enemies":"Exordium Wildlife","floor":14,"turns":4},{"damage":11,"enemies":"Slime Boss","floor":16,"turns":7},{"damage":6,"enemies":"Spheric Guardian","floor":18,"turns":3},{"damage":1,"enemies":"Chosen","floor":20,"turns":3},{"damage":6,"enemies":"Gremlin Leader","floor":23,"turns":5},{"damage":12,"enemies":"Book of Stabbing","floor":25,"turns":4},{"damage":26,"enemies":"Shelled Parasite and Fungi","floor":27,"turns":4},{"damage":0,"enemies":"Cultist and Chosen","floor":28,"turns":4},{"damage":0,"enemies":"3 Cultists","floor":30,"turns":3},{"damage":2,"enemies":"Slavers","floor":31,"turns":2},{"damage":68,"enemies":"Automaton","floor":33,"turns":6}],"seed_played":"-2312672621340169350","potions_obtained":[{"floor":1,"key":"BlessingOfTheForge"},{"floor":5,"key":"Fire Potion"},{"floor":10,"key":"DistilledChaos"},{"floor":18,"key":"LiquidBronze"},{"floor":30,"key":"BlessingOfTheForge"}],"is_trial":false,"path_per_floor":["M","M","?","M","?","R","E","R","T","E","R","M","M","M","R","B",null,"M","$","M","T","$","E","R","E","T","M","M","R","M","E","R","B"],"character_chosen":"IRONCLAD","items_purchased":["Mummified Hand"],"campfire_rested":2,"item_purchase_floors":[19],"current_hp_per_floor":[72,70,68,68,68,68,58,58,58,33,53,50,52,57,57,52,64,64,64,68,68,68,68,68,62,62,42,48,68,68,68,68,0],"gold":211,"neow_bonus":"THREE_RARE_CARDS","is_prod":false,"is_daily":false,"chose_seed":false,"campfire_upgraded":5,"win_rate":0,"timestamp":1613717725,"path_taken":["M","M","?","M","?","R","E","R","T","E","R","M","M","?","R","BOSS","M","$","M","?","?","E","R","E","T","M","M","R","?","E","R","BOSS"],"build_version":"2020-12-18","purchased_purges":1,"victory":false,"max_hp_per_floor":[75,75,68,68,68,68,68,68,68,68,68,68,68,68,68,68,68,68,68,68,68,68,68,68,68,68,68,68,68,68,68,68,68],"relic_stats":{"Regal Pillow":0,"counters":[18,74],"Golden Idol":93,"Mummified Hand":[15],"Snecko Eye":[66,52,64,67],"Pen Nib":[11],"Orichalcum":[42],"Question Card":12,"obtain_stats":[{"Bottled Flame":25,"Regal Pillow":31,"Golden Idol":3,"Mummified Hand":19,"Snecko Eye":17,"Pen Nib":9,"Orichalcum":23,"StrikeDummy":7,"Question Card":10,"Burning Blood":0,"Red Skull":21},{"Bottled Flame":13,"Regal Pillow":17,"Golden Idol":2,"Mummified Hand":10,"Snecko Eye":9,"Pen Nib":4,"Orichalcum":12,"StrikeDummy":4,"Question Card":5,"Burning Blood":0,"Red Skull":11},{"Bottled Flame":55,"Regal Pillow":68,"Golden Idol":9,"Mummified Hand":43,"Snecko Eye":40,"Pen Nib":19,"Orichalcum":51,"StrikeDummy":19,"Question Card":23,"Burning Blood":0,"Red Skull":46}],"Burning Blood":91},"card_choices":[{"not_picked":["Demon Form","Reaper"],"picked":"Impervious","floor":0},{"not_picked":["Body Slam","Cleave"],"picked":"Battle Trance","floor":1},{"not_picked":["Entrench","True Grit"],"picked":"Rampage","floor":2},{"not_picked":["Havoc","Anger"],"picked":"Headbutt","floor":4},{"not_picked":["Whirlwind","Cleave"],"picked":"Impervious","floor":7},{"not_picked":["Infernal Blade","Pummel"],"picked":"Pommel Strike","floor":10},{"not_picked":["Pommel Strike","Perfected Strike","Shrug It Off"],"picked":"Twin Strike","floor":12},{"not_picked":["Havoc","Dual Wield","Iron Wave"],"picked":"Flame Barrier","floor":13},{"not_picked":["Carnage","Clash","Fire Breathing"],"picked":"Combust","floor":14},{"not_picked":["Impervious","Reaper","Bludgeon"],"picked":"Immolate","floor":16},{"not_picked":["True Grit","Armaments","Combust","Battle Trance"],"picked":"SKIP","floor":18},{"not_picked":["Flex","Warcry","Wild Strike","Thunderclap"],"picked":"SKIP","floor":20},{"not_picked":["Ghostly Armor","Immolate","Body Slam"],"picked":"Burning Pact+1","floor":23},{"not_picked":["Bloodletting","Dropkick","Flex","Disarm"],"picked":"SKIP","floor":25},{"not_picked":["Iron Wave","Sword Boomerang","Dual Wield"],"picked":"Perfected Strike","floor":27},{"not_picked":["Heavy Blade","Body Slam","Sword Boomerang"],"picked":"Twin Strike","floor":28},{"not_picked":["Pommel Strike","Flex","Second Wind","Warcry"],"picked":"SKIP","floor":30},{"not_picked":["Bloodletting","Warcry","Sentinel"],"picked":"Demon Form","floor":31}],"player_experience":3409915,"relics_obtained":[{"floor":7,"key":"StrikeDummy"},{"floor":9,"key":"Pen Nib"},{"floor":10,"key":"Question Card"},{"floor":21,"key":"Red Skull"},{"floor":23,"key":"Orichalcum"},{"floor":25,"key":"Bottled Flame"},{"floor":31,"key":"Regal Pillow"}],"event_choices":[{"damage_healed":0,"gold_gain":0,"player_choice":"Lose Max HP","damage_taken":0,"relics_obtained":["Golden Idol"],"max_hp_gain":0,"max_hp_loss":7,"event_name":"Golden Idol","floor":3,"gold_loss":0},{"damage_healed":0,"gold_gain":0,"player_choice":"Got Potions","damage_taken":0,"max_hp_gain":0,"max_hp_loss":0,"event_name":"Lab","floor":5,"gold_loss":0}],"is_beta":true,"boss_relics":[{"not_picked":["Velvet Choker","Runic Dome"],"picked":"Snecko Eye"}],"items_purged_floors":[22],"is_endless":false,"potions_floor_spawned":[1,10,12,14,18,20,23,30],"killed_by":"Automaton","ascension_level":20}