{"gold_per_floor":[111,126,144,159,159,159,184,184,238,249,249,249,274,308,320,428,440,476,174,195,195,218,262,276,276,356,48,87,110,110,123,123,221,221,236,250,250,250,311,334,369,384,429,429,469,484,285,316,316,316,316,316,316,153,153],"floor_reached":55,"playtime":4797,"items_purged":["Pain"],"score":2023,"play_id":"8ed284be-c49e-450f-8af4-687c4a6f7443","local_time":"20210215233523","is_ascension_mode":true,"campfire_choices":[{"data":"Armaments","floor":6,"key":"SMITH"},{"data":"Blood for Blood","floor":8,"key":"SMITH"},{"floor":12,"key":"REST"},{"floor":15,"key":"REST"},{"floor":30,"key":"REST"},{"floor":32,"key":"REST"},{"floor":44,"key":"RECALL"},{"data":"Offering","floor":49,"key":"SMITH"},{"floor":53,"key":"REST"}],"neow_cost":"NONE","seed_source_timestamp":247829006046900,"circlet_count":0,"master_deck":["AscendersBane","Bash","Spot Weakness","Armaments+1","Blood for Blood+1","Shrug It Off","Battle Trance","Shrug It Off","Offering+1","Hemokinesis","Demon Form","Iron Wave","Power Through","True Grit","Battle Trance","Limit Break","Immolate","Flex","Rage","Evolve","Limit Break","Sword Boomerang","Uppercut","Headbutt","Secret Technique","Enlightenment","Disarm","Intimidate","Inflame"],"relics":["Burning Blood","Bronze Scales","Odd Mushroom","MealTicket","Golden Idol","MawBank","Pandora\u0027s Box","Vajra","FossilizedHelix","WarpedTongs","Sundial","Medical Kit","Pen Nib","Sozu","Gambling Chip","Art of War","Omamori","Lantern","Bottled Lightning","Oddly Smooth Stone"],"potions_floor_usage":[4,7,13,16,23,33,39,55],"damage_taken":[{"damage":1,"enemies":"Cultist","floor":1,"turns":4},{"damage":9,"enemies":"2 Louse","floor":2,"turns":2},{"damage":24,"enemies":"Jaw Worm","floor":3,"turns":4},{"damage":8,"enemies":"Lots of Slimes","floor":4,"turns":2},{"damage":21,"enemies":"The Mushroom Lair","floor":7,"turns":5},{"damage":7,"enemies":"2 Fungi Beasts","floor":10,"turns":4},{"damage":3,"enemies":"Gremlin Gang","floor":13,"turns":5},{"damage":45,"enemies":"Gremlin Nob","floor":14,"turns":5},{"damage":16,"enemies":"The Guardian","floor":16,"turns":13},{"damage":7,"enemies":"Shell Parasite","floor":18,"turns":9},{"damage":11,"enemies":"Spheric Guardian","floor":20,"turns":4},{"damage":6,"enemies":"Centurion and Healer","floor":22,"turns":9},{"damage":31,"enemies":"Gremlin Leader","floor":23,"turns":6},{"damage":6,"enemies":"Snecko","floor":24,"turns":6},{"damage":20,"enemies":"Book of Stabbing","floor":28,"turns":6},{"damage":16,"enemies":"Snake Plant","floor":29,"turns":4},{"damage":12,"enemies":"Cultist and Chosen","floor":31,"turns":4},{"damage":41,"enemies":"Automaton","floor":33,"turns":8},{"damage":10,"enemies":"Orb Walker","floor":35,"turns":5},{"damage":2,"enemies":"3 Shapes","floor":36,"turns":2},{"damage":36,"enemies":"2 Orb Walkers","floor":39,"turns":5},{"damage":6,"enemies":"Writhing Mass","floor":40,"turns":5},{"damage":6,"enemies":"Nemesis","floor":41,"turns":5},{"damage":2,"enemies":"Jaw Worm Horde","floor":42,"turns":3},{"damage":6,"enemies":"Reptomancer","floor":45,"turns":5},{"damage":0,"enemies":"4 Shapes","floor":46,"turns":1},{"damage":6,"enemies":"Giant Head","floor":48,"turns":5},{"damage":23,"enemies":"Time Eater","floor":50,"turns":4},{"damage":25,"enemies":"Donu and Deca","floor":51,"turns":4},{"damage":68,"enemies":"Shield and Spear","floor":55,"turns":3}],"seed_played":"-3173181415582659038","potions_obtained":[{"floor":1,"key":"Explosive Potion"},{"floor":3,"key":"SkillPotion"},{"floor":7,"key":"AttackPotion"},{"floor":13,"key":"Regen Potion"},{"floor":18,"key":"Block Potion"},{"floor":23,"key":"Block Potion"},{"floor":29,"key":"Weak Potion"},{"floor":33,"key":"Explosive Potion"}],"is_trial":false,"path_per_floor":["M","M","M","M","?","R","?","R","T","M","?","R","M","E","R","B",null,"M","$","M","?","M","E","M","?","T","$","E","M","R","M","R","B",null,"M","M","$","?","?","M","E","M","T","R","E","M","$","E","R","B","B",null,"R","$","E"],"character_chosen":"IRONCLAD","items_purchased":["Vajra","FearPotion","Rage","Medical Kit","Limit Break","Lantern","Inflame","Oddly Smooth Stone"],"campfire_rested":5,"item_purchase_floors":[19,19,19,27,27,47,47,54],"current_hp_per_floor":[73,70,52,50,43,43,28,28,28,27,27,47,50,11,31,36,60,59,68,63,63,63,38,38,38,38,53,39,29,49,43,63,28,58,54,58,68,58,28,28,28,32,32,32,32,38,53,53,53,36,17,55,68,68,0],"gold":153,"neow_bonus":"RANDOM_COMMON_RELIC","is_prod":false,"is_daily":false,"chose_seed":false,"campfire_upgraded":3,"win_rate":0,"timestamp":1613460923,"path_taken":["M","M","?","M","?","R","?","R","T","M","?","R","M","E","R","BOSS","M","$","M","?","M","E","?","?","T","$","E","M","R","?","R","BOSS","M","M","$","?","?","M","E","M","T","R","E","M","$","E","R","BOSS","BOSS","R","$","E"],"build_version":"2020-12-18","purchased_purges":1,"victory":false,"max_hp_per_floor":[75,75,75,75,75,75,75,75,75,75,68,68,68,68,68,68,68,68,68,68,68,68,68,68,68,68,68,68,68,68,68,68,68,68,68,68,68,68,68,68,68,68,68,68,68,68,68,68,68,68,68,68,68,68,68],"relic_stats":{"counters":[30,147],"Golden Idol":183,"Pen Nib":[8],"MawBank":60,"Medical Kit":[49],"Burning Blood":174,"WarpedTongs":[69],"Sozu":4,"Sundial":[10],"Bronze Scales":[398],"Gambling Chip":[25],"MealTicket":49,"Pandora\u0027s Box":["Hemokinesis","Demon Form","Iron Wave","Power Through","True Grit","Battle Trance","Limit Break","Immolate"],"Art of War":[5],"obtain_stats":[{"Lantern":47,"Golden Idol":11,"Vajra":19,"Oddly Smooth Stone":54,"Pen Nib":28,"Omamori":45,"Odd Mushroom":7,"MawBank":14,"Medical Kit":27,"Burning Blood":0,"WarpedTongs":25,"Sozu":34,"Sundial":26,"Bronze Scales":0,"Gambling Chip":39,"MealTicket":9,"Pandora\u0027s Box":17,"Art of War":41,"Bottled Lightning":48,"FossilizedHelix":23},{"Lantern":26,"Golden Idol":6,"Vajra":10,"Oddly Smooth Stone":29,"Pen Nib":15,"Omamori":25,"Odd Mushroom":5,"MawBank":8,"Medical Kit":14,"Burning Blood":0,"WarpedTongs":14,"Sozu":18,"Sundial":14,"Bronze Scales":0,"Gambling Chip":21,"MealTicket":5,"Pandora\u0027s Box":9,"Art of War":23,"Bottled Lightning":27,"FossilizedHelix":13},{"Lantern":131,"Golden Idol":21,"Vajra":53,"Oddly Smooth Stone":144,"Pen Nib":84,"Omamori":130,"Odd Mushroom":17,"MawBank":31,"Medical Kit":78,"Burning Blood":0,"WarpedTongs":78,"Sozu":100,"Sundial":78,"Bronze Scales":0,"Gambling Chip":112,"MealTicket":17,"Pandora\u0027s Box":44,"Art of War":122,"Bottled Lightning":136,"FossilizedHelix":72}]},"card_choices":[{"not_picked":["True Grit","Flex"],"picked":"Spot Weakness","floor":1},{"not_picked":["Bloodletting","Reckless Charge","Body Slam"],"picked":"SKIP","floor":2},{"not_picked":["Wild Strike","Rage"],"picked":"Armaments","floor":3},{"not_picked":["Bloodletting","Twin Strike"],"picked":"Blood for Blood","floor":4},{"not_picked":["Clash","Body Slam"],"picked":"Shrug It Off","floor":7},{"not_picked":["Bloodletting","Dropkick","Cleave"],"picked":"SKIP","floor":10},{"not_picked":["Rupture","Cleave"],"picked":"Battle Trance","floor":13},{"not_picked":["Anger","Power Through"],"picked":"Shrug It Off","floor":14},{"not_picked":["Feed","Brutality"],"picked":"Offering","floor":16},{"not_picked":["Feel No Pain","Anger"],"picked":"Flex","floor":18},{"not_picked":["Body Slam","Perfected Strike","Clothesline"],"picked":"SKIP","floor":20},{"not_picked":["Warcry+1","Perfected Strike","Carnage"],"picked":"SKIP","floor":22},{"not_picked":["Armaments","True Grit","Anger"],"picked":"SKIP","floor":23},{"not_picked":["Juggernaut","True Grit"],"picked":"Evolve","floor":24},{"not_picked":["Juggernaut","Twin Strike"],"picked":"Sword Boomerang","floor":28},{"not_picked":["Combust","Shrug It Off"],"picked":"Uppercut","floor":29},{"not_picked":["Thunderclap","Anger","Pummel"],"picked":"SKIP","floor":31},{"not_picked":["Shrug It Off+1","Iron Wave"],"picked":"Headbutt","floor":35},{"not_picked":["Armaments","Rage","Shockwave"],"picked":"SKIP","floor":36},{"not_picked":["Mind Blast","Impatience"],"picked":"Secret Technique","floor":38},{"not_picked":["Madness","Violence"],"picked":"Enlightenment","floor":38},{"not_picked":["Burning Pact","Clash","Evolve+1"],"picked":"SKIP","floor":40},{"not_picked":["Seeing Red","Thunderclap"],"picked":"Disarm","floor":41},{"not_picked":["Second Wind","Whirlwind","Spot Weakness"],"picked":"SKIP","floor":42},{"not_picked":["Shrug It Off+1","Sword Boomerang"],"picked":"Intimidate","floor":45},{"not_picked":["Evolve","Whirlwind","Clash"],"picked":"SKIP","floor":46},{"not_picked":["Clash","Dropkick","Wild Strike"],"picked":"SKIP","floor":48}],"player_experience":3371570,"relics_obtained":[{"floor":7,"key":"Odd Mushroom"},{"floor":9,"key":"MealTicket"},{"floor":14,"key":"MawBank"},{"floor":23,"key":"FossilizedHelix"},{"floor":26,"key":"Sundial"},{"floor":28,"key":"Pen Nib"},{"floor":39,"key":"Gambling Chip"},{"floor":41,"key":"Art of War"},{"floor":45,"key":"Omamori"},{"floor":48,"key":"Bottled Lightning"}],"event_choices":[{"cards_removed":["Strike_R"],"damage_healed":0,"gold_gain":0,"player_choice":"Card Removal","damage_taken":7,"max_hp_gain":0,"max_hp_loss":0,"event_name":"Golden Wing","floor":5,"gold_loss":0},{"damage_healed":0,"gold_gain":0,"player_choice":"Fought Mushrooms","damage_taken":0,"max_hp_gain":0,"max_hp_loss":0,"event_name":"Mushrooms","floor":7,"gold_loss":0},{"damage_healed":0,"gold_gain":0,"player_choice":"Lose Max HP","damage_taken":0,"relics_obtained":["Golden Idol"],"max_hp_gain":0,"max_hp_loss":7,"event_name":"Golden Idol","floor":11,"gold_loss":0},{"damage_healed":0,"gold_gain":0,"player_choice":"0 cards matched","damage_taken":0,"max_hp_gain":0,"max_hp_loss":0,"event_name":"Match and Keep!","floor":21,"gold_loss":0,"cards_obtained":[]},{"damage_healed":0,"gold_gain":0,"player_choice":"Rummage","damage_taken":0,"relics_obtained":["WarpedTongs"],"max_hp_gain":0,"max_hp_loss":0,"event_name":"Accursed Blacksmith","floor":25,"gold_loss":0,"cards_obtained":["Pain"]},{"damage_healed":0,"gold_gain":0,"player_choice":"Memory 3","damage_taken":10,"max_hp_gain":0,"max_hp_loss":0,"event_name":"SensoryStone","floor":38,"gold_loss":0},{"damage_healed":0,"gold_gain":0,"player_choice":"Fight","damage_taken":0,"max_hp_gain":0,"max_hp_loss":0,"event_name":"Mysterious Sphere","floor":39,"gold_loss":0}],"is_beta":true,"boss_relics":[{"not_picked":["SlaversCollar","Ectoplasm"],"picked":"Pandora\u0027s Box"},{"not_picked":["Empty Cage","Velvet Choker"],"picked":"Sozu"}],"items_purged_floors":[27],"is_endless":false,"potions_floor_spawned":[1,3,7,13,18,23,29,33,39,41,42,46],"killed_by":"Shield and Spear","ascension_level":20}