{"gold_per_floor":[116,116,129,129,129,162,162,182,229,229,257,270,283,310,310,387,387,407,407,407,53,73,73,73,104,130,130,156,176,9,28,28,100,100,116,1115,1115],"floor_reached":37,"playtime":2147,"items_purged":["Strike_R+1"],"score":975,"play_id":"6e32401d-5bb9-42a4-82c6-f419ecc7a539","local_time":"20210214233520","is_ascension_mode":true,"campfire_choices":[{"data":"Bash","floor":7,"key":"SMITH"},{"data":"Clothesline","floor":10,"key":"SMITH"},{"data":"Spot Weakness","floor":15,"key":"SMITH"},{"data":"Immolate","floor":23,"key":"SMITH"},{"data":"Ghostly","floor":27,"key":"SMITH"},{"data":"Ghostly","floor":32,"key":"SMITH"}],"neow_cost":"NONE","seed_source_timestamp":164078713167900,"circlet_count":0,"master_deck":["AscendersBane","Strike_R+1","Defend_R+1","Defend_R+1","Defend_R+1","Defend_R+1","Bash+1","Hemokinesis+1","Shrug It Off+1","Reaper","Clothesline+1","Disarm","Pommel Strike","Spot Weakness+1","Immolate+1","Dark Shackles+1","Ghostly+1","Ghostly+1","Ghostly","Flame Barrier","Impervious","Twin Strike+1","Limit Break+1","Entrench+1","Normality","Normality"],"relics":["Burning Blood","NeowsBlessing","Art of War","Toy Ornithopter","Oddly Smooth Stone","Akabeko","Dream Catcher","Velvet Choker","War Paint","Pantograph","Regal Pillow","Gremlin Horn","Red Skull","Astrolabe"],"potions_floor_usage":[11,16,16,16,33,33],"damage_taken":[{"damage":0,"enemies":"2 Louse","floor":1,"turns":1},{"damage":0,"enemies":"Small Slimes","floor":3,"turns":1},{"damage":0,"enemies":"Lagavulin","floor":6,"turns":1},{"damage":4,"enemies":"Jaw Worm","floor":8,"turns":4},{"damage":18,"enemies":"Gremlin Nob","floor":11,"turns":4},{"damage":8,"enemies":"Blue Slaver","floor":12,"turns":4},{"damage":2,"enemies":"2 Fungi Beasts","floor":13,"turns":4},{"damage":13,"enemies":"Lagavulin","floor":14,"turns":7},{"damage":36,"enemies":"Slime Boss","floor":16,"turns":12},{"damage":24,"enemies":"2 Thieves","floor":18,"turns":3},{"damage":2,"enemies":"Chosen","floor":22,"turns":3},{"damage":14,"enemies":"Book of Stabbing","floor":25,"turns":7},{"damage":1,"enemies":"Gremlin Leader","floor":28,"turns":7},{"damage":13,"enemies":"Shelled Parasite and Fungi","floor":29,"turns":8},{"damage":15,"enemies":"Centurion and Healer","floor":31,"turns":9},{"damage":36,"enemies":"Automaton","floor":33,"turns":11},{"damage":32,"enemies":"3 Darklings","floor":35,"turns":6},{"damage":42,"enemies":"3 Shapes","floor":37,"turns":3}],"seed_played":"3477600671788882475","potions_obtained":[{"floor":1,"key":"SpeedPotion"},{"floor":3,"key":"Block Potion"},{"floor":13,"key":"SkillPotion"},{"floor":14,"key":"EntropicBrew"},{"floor":16,"key":"Regen Potion"},{"floor":25,"key":"DuplicationPotion"},{"floor":29,"key":"Dexterity Potion"}],"is_trial":false,"path_per_floor":["M","?","M","?","?","E","R","M","T","R","E","M","M","E","R","B",null,"M","?","?","$","M","R","?","E","T","R","E","M","$","M","R","B",null,"M","?","M"],"character_chosen":"IRONCLAD","items_purchased":["Dark Shackles","War Paint","Red Skull"],"campfire_rested":0,"item_purchase_floors":[21,21,30],"current_hp_per_floor":[74,74,75,57,50,56,56,58,58,58,55,54,68,67,67,57,71,59,59,59,59,63,63,37,37,37,37,37,36,36,32,32,34,36,24,24,0],"gold":1115,"neow_bonus":"THREE_ENEMY_KILL","is_prod":false,"is_daily":false,"chose_seed":false,"campfire_upgraded":6,"win_rate":0,"timestamp":1613374520,"path_taken":["M","?","M","?","?","E","R","M","T","R","E","M","?","E","R","BOSS","M","?","?","$","?","R","?","E","T","R","E","M","?","M","R","BOSS","M","?","M"],"build_version":"2020-12-18","purchased_purges":1,"victory":false,"max_hp_per_floor":[75,75,75,75,75,75,75,75,75,75,75,75,75,75,75,75,75,75,75,75,75,75,75,37,37,37,37,37,37,37,37,37,37,37,37,37,37],"relic_stats":{"Dream Catcher":0,"Regal Pillow":0,"Gremlin Horn":[9,9],"counters":[18,95],"Pantograph":5,"Astrolabe":["Twin Strike","Limit Break","Entrench"],"Art of War":[9],"War Paint":["Dark Shackles","Shrug It Off"],"obtain_stats":[{"Regal Pillow":26,"NeowsBlessing":0,"Gremlin Horn":28,"Astrolabe":34,"Oddly Smooth Stone":9,"Velvet Choker":17,"War Paint":21,"Burning Blood":0,"Akabeko":11,"Dream Catcher":14,"Pantograph":25,"Art of War":4,"Toy Ornithopter":6,"Red Skull":30},{"Regal Pillow":12,"NeowsBlessing":0,"Gremlin Horn":13,"Astrolabe":16,"Oddly Smooth Stone":4,"Velvet Choker":9,"War Paint":10,"Burning Blood":0,"Akabeko":5,"Dream Catcher":8,"Pantograph":12,"Art of War":2,"Toy Ornithopter":3,"Red Skull":14},{"Regal Pillow":51,"NeowsBlessing":0,"Gremlin Horn":58,"Astrolabe":86,"Oddly Smooth Stone":7,"Velvet Choker":38,"War Paint":41,"Burning Blood":0,"Akabeko":11,"Dream Catcher":26,"Pantograph":51,"Art of War":2,"Toy Ornithopter":3,"Red Skull":66}],"Burning Blood":87,"Toy Ornithopter":15},"card_choices":[{"not_picked":["Flex","Heavy Blade"],"picked":"Hemokinesis","floor":1},{"not_picked":["Sword Boomerang","Warcry"],"picked":"Shrug It Off","floor":3},{"not_picked":["Pommel Strike","Armaments"],"picked":"Reaper","floor":6},{"not_picked":["Reckless Charge","Rampage"],"picked":"Clothesline","floor":8},{"not_picked":["Flame Barrier","Wild Strike"],"picked":"Disarm","floor":11},{"not_picked":["Dual Wield","Clothesline","Whirlwind"],"picked":"SKIP","floor":12},{"not_picked":["Clash","Perfected Strike"],"picked":"Pommel Strike","floor":13},{"not_picked":["Headbutt","Iron Wave"],"picked":"Spot Weakness","floor":14},{"not_picked":["Barricade","Berserk"],"picked":"Immolate","floor":16},{"not_picked":["Sword Boomerang","Entrench"],"picked":"Intimidate","floor":18},{"not_picked":["Anger","Clash","Body Slam"],"picked":"SKIP","floor":22},{"not_picked":["Anger","Sentinel"],"picked":"Flame Barrier","floor":25},{"not_picked":["Searing Blow","Twin Strike","Infernal Blade+1"],"picked":"SKIP","floor":28},{"not_picked":["Heavy Blade","Headbutt","Seeing Red"],"picked":"SKIP","floor":29},{"not_picked":["Wild Strike","Disarm","Warcry"],"picked":"SKIP","floor":31},{"not_picked":["Double Tap","Corruption"],"picked":"Impervious","floor":33},{"not_picked":["Iron Wave","Intimidate","Heavy Blade"],"picked":"SKIP","floor":35}],"player_experience":3351084,"relics_obtained":[{"floor":6,"key":"Toy Ornithopter"},{"floor":9,"key":"Oddly Smooth Stone"},{"floor":11,"key":"Akabeko"},{"floor":14,"key":"Dream Catcher"},{"floor":25,"key":"Pantograph"},{"floor":26,"key":"Regal Pillow"},{"floor":28,"key":"Gremlin Horn"}],"event_choices":[{"damage_healed":0,"gold_gain":0,"player_choice":"Grow","damage_taken":0,"max_hp_gain":0,"max_hp_loss":0,"event_name":"Living Wall","floor":2,"gold_loss":0,"cards_upgraded":["Hemokinesis"]},{"damage_healed":0,"gold_gain":0,"player_choice":"Success","damage_taken":18,"relics_obtained":["Art of War"],"max_hp_gain":0,"max_hp_loss":0,"event_name":"Scrap Ooze","floor":4,"gold_loss":0},{"cards_removed":["Strike_R"],"damage_healed":0,"gold_gain":0,"player_choice":"Card Removal","damage_taken":7,"max_hp_gain":0,"max_hp_loss":0,"event_name":"Golden Wing","floor":5,"gold_loss":0},{"damage_healed":0,"gold_gain":0,"player_choice":"Simplicity","damage_taken":0,"max_hp_gain":0,"max_hp_loss":0,"event_name":"Back to Basics","floor":19,"gold_loss":0,"cards_upgraded":["Strike_R","Strike_R","Strike_R","Strike_R","Defend_R","Defend_R","Defend_R","Defend_R"]},{"damage_healed":0,"gold_gain":0,"player_choice":"Ignored","damage_taken":0,"max_hp_gain":0,"max_hp_loss":0,"event_name":"N\u0027loth","floor":20,"gold_loss":0},{"damage_healed":0,"gold_gain":0,"player_choice":"Became a Ghost","damage_taken":0,"max_hp_gain":0,"max_hp_loss":38,"event_name":"Ghosts","floor":24,"gold_loss":0,"cards_obtained":["Ghostly","Ghostly","Ghostly"]},{"damage_healed":0,"gold_gain":999,"player_choice":"Gold","damage_taken":0,"max_hp_gain":0,"max_hp_loss":0,"event_name":"MindBloom","floor":36,"gold_loss":0,"cards_obtained":["Normality","Normality"]}],"is_beta":true,"boss_relics":[{"not_picked":["SlaversCollar","Philosopher\u0027s Stone"],"picked":"Velvet Choker"},{"not_picked":["Pandora\u0027s Box","SacredBark"],"picked":"Astrolabe"}],"items_purged_floors":[21],"is_endless":false,"potions_floor_spawned":[1,3,13,14,16,25,29,31],"killed_by":"3 Shapes","ascension_level":20}