{"gold_per_floor":[117,38,52,69,82,110,110,142,142,142,17,30,55,55,55,127,127,141,3,3,14,30,30,30,30],"floor_reached":25,"playtime":1603,"items_purged":["Strike_R"],"score":482,"play_id":"63466e9d-93ea-441b-a0ae-e2f09ac7c5d4","local_time":"20210214093948","is_ascension_mode":true,"campfire_choices":[{"data":"Armaments","floor":7,"key":"SMITH"},{"floor":10,"key":"REST"},{"data":"Bash","floor":15,"key":"SMITH"},{"data":"Immolate","floor":24,"key":"SMITH"}],"neow_cost":"NONE","seed_source_timestamp":114491220235600,"circlet_count":0,"master_deck":["AscendersBane","Strike_R","Strike_R","Strike_R","Defend_R","Defend_R","Defend_R","Defend_R","Bash+1","Pommel Strike","Battle Trance","Cleave","Bloodletting","Armaments+1","Feed","Pommel Strike","Flex","Fiend Fire","Immolate+1","Shrug It Off","Feed"],"relics":["Burning Blood","Happy Flower","Letter Opener","Omamori","Sundial","Bag of Marbles","Regal Pillow","Calling Bell","Oddly Smooth Stone","InkBottle","Calipers"],"potions_floor_usage":[6,8,16,23,23],"damage_taken":[{"damage":7,"enemies":"Small Slimes","floor":1,"turns":4},{"damage":1,"enemies":"Cultist","floor":3,"turns":3},{"damage":7,"enemies":"Jaw Worm","floor":4,"turns":2},{"damage":19,"enemies":"Lots of Slimes","floor":5,"turns":3},{"damage":25,"enemies":"3 Sentries","floor":6,"turns":7},{"damage":10,"enemies":"Lagavulin","floor":8,"turns":6},{"damage":0,"enemies":"3 Louse","floor":12,"turns":2},{"damage":10,"enemies":"3 Sentries","floor":13,"turns":8},{"damage":6,"enemies":"Slime Boss","floor":16,"turns":7},{"damage":17,"enemies":"Spheric Guardian","floor":18,"turns":4},{"damage":25,"enemies":"Chosen","floor":21,"turns":4},{"damage":12,"enemies":"Snake Plant","floor":22,"turns":2},{"damage":13,"enemies":"Slavers","floor":23,"turns":2},{"damage":39,"enemies":"Book of Stabbing","floor":25,"turns":4}],"seed_played":"4567326900156024525","potions_obtained":[{"floor":1,"key":"Fire Potion"},{"floor":3,"key":"SmokeBomb"},{"floor":6,"key":"EssenceOfSteel"},{"floor":13,"key":"Swift Potion"},{"floor":18,"key":"Dexterity Potion"}],"is_trial":false,"path_per_floor":["M","?","M","M","M","E","R","E","T","R","$","M","E","?","R","B",null,"M","$","?","M","M","E","R","E"],"character_chosen":"IRONCLAD","items_purchased":["Pommel Strike","Immolate","Shrug It Off"],"campfire_rested":1,"item_purchase_floors":[11,19,19],"current_hp_per_floor":[67,67,72,71,58,39,39,35,35,57,57,66,65,65,65,65,77,66,66,66,47,41,34,34,0],"gold":30,"neow_bonus":"RANDOM_COMMON_RELIC","is_prod":false,"is_daily":false,"chose_seed":false,"campfire_upgraded":3,"win_rate":0,"timestamp":1613324388,"path_taken":["M","?","M","M","?","E","R","E","T","R","$","M","E","?","R","BOSS","M","?","?","M","?","E","R","E"],"build_version":"2020-12-18","purchased_purges":1,"victory":false,"max_hp_per_floor":[75,75,75,75,75,75,75,75,75,75,75,78,81,81,81,81,81,81,81,81,81,81,81,81,81],"relic_stats":{"Regal Pillow":0,"Happy Flower":[19],"counters":[14,58],"Sundial":[4],"Letter Opener":[75],"obtain_stats":[{"Calling Bell":17,"Regal Pillow":13,"Calipers":17,"Happy Flower":0,"Sundial":8,"Oddly Smooth Stone":17,"Omamori":6,"Bag of Marbles":9,"Letter Opener":2,"Burning Blood":0,"InkBottle":17},{"Calling Bell":9,"Regal Pillow":8,"Calipers":9,"Happy Flower":0,"Sundial":6,"Oddly Smooth Stone":9,"Omamori":5,"Bag of Marbles":6,"Letter Opener":1,"Burning Blood":0,"InkBottle":9},{"Calling Bell":42,"Regal Pillow":35,"Calipers":42,"Happy Flower":0,"Sundial":25,"Oddly Smooth Stone":42,"Omamori":19,"Bag of Marbles":25,"Letter Opener":4,"Burning Blood":0,"InkBottle":42}],"Burning Blood":78,"InkBottle":[2]},"card_choices":[{"not_picked":["Bloodletting","Twin Strike"],"picked":"Pommel Strike","floor":1},{"not_picked":["True Grit","Bloodletting"],"picked":"Battle Trance","floor":3},{"not_picked":["True Grit","Body Slam"],"picked":"Cleave","floor":4},{"not_picked":["Entrench","Pommel Strike"],"picked":"Bloodletting","floor":5},{"not_picked":["Searing Blow","Havoc"],"picked":"Armaments","floor":6},{"not_picked":["Cleave","Blood for Blood"],"picked":"Feed","floor":8},{"not_picked":["Twin Strike","Pummel"],"picked":"Flex","floor":12},{"not_picked":["Disarm","Iron Wave","Infernal Blade"],"picked":"SKIP","floor":13},{"not_picked":["Corruption","Barricade"],"picked":"Fiend Fire","floor":16},{"not_picked":["Twin Strike","Warcry","Bloodletting"],"picked":"SKIP","floor":18},{"not_picked":["Twin Strike","Metallicize","Dark Embrace"],"picked":"SKIP","floor":21},{"not_picked":["Ghostly Armor","Body Slam"],"picked":"Feed","floor":22}],"player_experience":3330855,"relics_obtained":[{"floor":6,"key":"Omamori"},{"floor":8,"key":"Sundial"},{"floor":9,"key":"Bag of Marbles"},{"floor":13,"key":"Regal Pillow"},{"floor":17,"key":"Oddly Smooth Stone"},{"floor":17,"key":"InkBottle"},{"floor":17,"key":"Calipers"}],"event_choices":[{"damage_healed":0,"gold_gain":0,"player_choice":"Paid Gold","damage_taken":0,"relics_obtained":["Letter Opener"],"max_hp_gain":0,"max_hp_loss":0,"event_name":"WeMeetAgain","floor":2,"gold_loss":79},{"cards_removed":["Strike_R"],"damage_healed":0,"gold_gain":0,"player_choice":"Purged","damage_taken":0,"max_hp_gain":0,"max_hp_loss":0,"event_name":"Purifier","floor":14,"gold_loss":0},{"damage_healed":0,"gold_gain":0,"player_choice":"Ignored","damage_taken":0,"max_hp_gain":0,"max_hp_loss":0,"event_name":"N\u0027loth","floor":20,"gold_loss":0}],"is_beta":true,"boss_relics":[{"not_picked":["Sozu","Black Blood"],"picked":"Calling Bell"}],"items_purged_floors":[11],"is_endless":false,"potions_floor_spawned":[1,3,6,13,18,23],"killed_by":"Book of Stabbing","ascension_level":20}