{"gold_per_floor":[14,14,14,33,56,56,75,109,109,109,142,173,197,233,233,233],"floor_reached":16,"playtime":901,"items_purged":[],"score":294,"play_id":"eb09ed6a-a1cb-467f-9a1a-fe76f107fd21","local_time":"20210213224900","is_ascension_mode":true,"campfire_choices":[{"data":"Clothesline","floor":6,"key":"SMITH"},{"data":"Demon Form","floor":10,"key":"SMITH"},{"data":"Shrug It Off","floor":15,"key":"SMITH"}],"neow_cost":"NO_GOLD","seed_source_timestamp":76145143224000,"circlet_count":0,"master_deck":["AscendersBane","Strike_R","Strike_R","Strike_R","Strike_R","Strike_R","Defend_R","Defend_R","Defend_R","Defend_R","Bash+1","Clothesline+1","Battle Trance","Demon Form+1","Thunderclap","Shrug It Off+1"],"relics":["Burning Blood","Unceasing Top","Golden Idol","Shuriken","Frozen Egg 2","Happy Flower","Lantern"],"potions_floor_usage":[11,14,14],"damage_taken":[{"damage":9,"enemies":"Jaw Worm","floor":1,"turns":4},{"damage":1,"enemies":"Small Slimes","floor":4,"turns":4},{"damage":0,"enemies":"Cultist","floor":5,"turns":3},{"damage":6,"enemies":"Looter","floor":7,"turns":3},{"damage":24,"enemies":"Gremlin Nob","floor":8,"turns":4},{"damage":4,"enemies":"3 Louse","floor":11,"turns":3},{"damage":10,"enemies":"Lagavulin","floor":12,"turns":5},{"damage":19,"enemies":"Exordium Wildlife","floor":13,"turns":4},{"damage":0,"enemies":"Gremlin Nob","floor":14,"turns":2},{"damage":42,"enemies":"Hexaghost","floor":16,"turns":7}],"seed_played":"-6670065249100806647","potions_obtained":[{"floor":7,"key":"DistilledChaos"},{"floor":8,"key":"ColorlessPotion"},{"floor":12,"key":"GamblersBrew"},{"floor":13,"key":"Strength Potion"}],"is_trial":false,"path_per_floor":["M","?","?","M","M","R","M","E","T","R","M","E","M","E","R","B"],"character_chosen":"IRONCLAD","items_purchased":[],"campfire_rested":0,"item_purchase_floors":[],"current_hp_per_floor":[65,65,65,68,68,68,68,50,50,50,52,48,35,41,41,0],"gold":233,"neow_bonus":"ONE_RARE_RELIC","is_prod":false,"is_daily":false,"chose_seed":false,"campfire_upgraded":3,"win_rate":0,"timestamp":1613285340,"path_taken":["M","?","?","M","M","R","M","E","T","R","M","E","M","E","R","BOSS"],"build_version":"2020-12-18","purchased_purges":0,"victory":false,"max_hp_per_floor":[75,75,68,68,68,68,68,68,68,68,68,68,68,68,68,68],"relic_stats":{"Happy Flower":[4],"counters":[10,39],"Golden Idol":41,"Shuriken":[4],"obtain_stats":[{"Lantern":14,"Happy Flower":12,"Golden Idol":3,"Shuriken":8,"Frozen Egg 2":9,"Burning Blood":0,"Unceasing Top":0},{"Lantern":9,"Happy Flower":7,"Golden Idol":1,"Shuriken":5,"Frozen Egg 2":5,"Burning Blood":0,"Unceasing Top":0},{"Lantern":32,"Happy Flower":26,"Golden Idol":4,"Shuriken":18,"Frozen Egg 2":18,"Burning Blood":0,"Unceasing Top":0}],"Burning Blood":46,"Unceasing Top":[0]},"card_choices":[{"not_picked":["Clash","Heavy Blade"],"picked":"Clothesline","floor":1},{"not_picked":["Ghostly Armor","True Grit","Flex"],"picked":"SKIP","floor":4},{"not_picked":["Uppercut","Rampage"],"picked":"Battle Trance","floor":5},{"not_picked":["Clash","Sword Boomerang","Thunderclap"],"picked":"SKIP","floor":7},{"not_picked":["Rampage","Iron Wave"],"picked":"Demon Form","floor":8},{"not_picked":["Havoc","True Grit","Clash"],"picked":"SKIP","floor":11},{"not_picked":["Double Tap","Cleave"],"picked":"Thunderclap","floor":12},{"not_picked":["Iron Wave","Battle Trance","Pommel Strike"],"picked":"SKIP","floor":13},{"not_picked":["Dropkick","Ghostly Armor"],"picked":"Shrug It Off","floor":14}],"player_experience":3329477,"relics_obtained":[{"floor":8,"key":"Shuriken"},{"floor":9,"key":"Frozen Egg 2"},{"floor":12,"key":"Happy Flower"},{"floor":14,"key":"Lantern"}],"event_choices":[{"damage_healed":0,"gold_gain":0,"player_choice":"Grow","damage_taken":0,"max_hp_gain":0,"max_hp_loss":0,"event_name":"Living Wall","floor":2,"gold_loss":0,"cards_upgraded":["Bash"]},{"damage_healed":0,"gold_gain":0,"player_choice":"Lose Max HP","damage_taken":0,"relics_obtained":["Golden Idol"],"max_hp_gain":0,"max_hp_loss":7,"event_name":"Golden Idol","floor":3,"gold_loss":0}],"is_beta":true,"boss_relics":[],"items_purged_floors":[],"is_endless":false,"potions_floor_spawned":[7,8,12,13],"killed_by":"Hexaghost","ascension_level":20}