{"gold_per_floor":[17,29,45,45,62,62,89,89,161,171,196,32,107,107,107,184,184,199,199,215,215,52,52,85,85,85,112,112,143,155,183,183,260,260,273,273,288,288,96,96,122,140,217,242,261,287,287,287,287,287,287,287,287,118,149,149],"floor_reached":57,"playtime":6838,"items_purged":["Pain","Strike_R+1"],"score":3113,"play_id":"720f4b31-1d01-4723-9f2b-40af231b5582","local_time":"20210217184032","is_ascension_mode":true,"campfire_choices":[{"data":"Bash","floor":6,"key":"SMITH"},{"data":"Inflame","floor":8,"key":"SMITH"},{"floor":15,"key":"REST"},{"data":"Immolate","floor":23,"key":"SMITH"},{"data":"Ghostly","floor":28,"key":"SMITH"},{"data":"Ghostly","floor":32,"key":"SMITH"},{"floor":40,"key":"RECALL"},{"data":"Ghostly","floor":47,"key":"SMITH"},{"data":"Ghostly","floor":49,"key":"SMITH"},{"data":"Uppercut","floor":53,"key":"SMITH"}],"neow_cost":"NO_GOLD","seed_source_timestamp":400877902409400,"circlet_count":0,"master_deck":["AscendersBane","Strike_R+1","Defend_R","Defend_R","Defend_R","Bash+1","Sword Boomerang","Inflame+1","Flame Barrier","True Grit","Shrug It Off","Battle Trance+1","Immolate+1","Feel No Pain","Barricade","Shrug It Off","Flame Barrier+1","Ghostly+1","Ghostly+1","Ghostly+1","Ghostly+1","Dark Embrace","Offering","Feel No Pain","Corruption","Second Wind+1","Shockwave+1","Twin Strike+1","Dark Shackles","Thinking Ahead","Uppercut+1","Body Slam","Feel No Pain+1","Clothesline"],"relics":["Burning Blood","Du-Vu Doll","WarpedTongs","Gambling Chip","Matryoshka","Oddly Smooth Stone","Snecko Eye","Enchiridion","DollysMirror","Incense Burner","Paper Frog","Pear","Whetstone","CaptainsWheel","Art of War","Astrolabe","Blood Vial","CeramicFish","TungstenRod","Mercury Hourglass","Medical Kit","Happy Flower"],"potions_floor_usage":[11,27,41,56],"damage_taken":[{"damage":7,"enemies":"Cultist","floor":1,"turns":4},{"damage":0,"enemies":"Small Slimes","floor":2,"turns":4},{"damage":3,"enemies":"2 Louse","floor":3,"turns":3},{"damage":4,"enemies":"Exordium Wildlife","floor":5,"turns":3},{"damage":23,"enemies":"Lagavulin","floor":7,"turns":7},{"damage":2,"enemies":"2 Fungi Beasts","floor":10,"turns":4},{"damage":14,"enemies":"Gremlin Nob","floor":11,"turns":3},{"damage":16,"enemies":"Slime Boss","floor":16,"turns":6},{"damage":0,"enemies":"2 Thieves","floor":18,"turns":3},{"damage":0,"enemies":"Chosen","floor":20,"turns":4},{"damage":11,"enemies":"Book of Stabbing","floor":24,"turns":6},{"damage":0,"enemies":"Slavers","floor":27,"turns":1},{"damage":5,"enemies":"Book of Stabbing","floor":29,"turns":6},{"damage":1,"enemies":"Centurion and Healer","floor":30,"turns":4},{"damage":6,"enemies":"Gremlin Leader","floor":31,"turns":6},{"damage":1,"enemies":"Collector","floor":33,"turns":11},{"damage":2,"enemies":"Orb Walker","floor":35,"turns":2},{"damage":0,"enemies":"3 Shapes","floor":37,"turns":5},{"damage":1,"enemies":"Reptomancer","floor":41,"turns":6},{"damage":1,"enemies":"Transient","floor":42,"turns":5},{"damage":0,"enemies":"Mind Bloom Boss Battle","floor":44,"turns":6},{"damage":0,"enemies":"Spire Growth","floor":45,"turns":7},{"damage":0,"enemies":"Giant Head","floor":46,"turns":5},{"damage":1,"enemies":"Donu and Deca","floor":50,"turns":7},{"damage":0,"enemies":"Time Eater","floor":51,"turns":11},{"damage":10,"enemies":"Shield and Spear","floor":55,"turns":5},{"damage":9,"enemies":"The Heart","floor":56,"turns":6}],"seed_played":"-3708700361845867683","potions_obtained":[{"floor":1,"key":"Swift Potion"},{"floor":5,"key":"Ancient Potion"},{"floor":10,"key":"SkillPotion"},{"floor":11,"key":"Energy Potion"},{"floor":24,"key":"DuplicationPotion"},{"floor":27,"key":"EssenceOfSteel"},{"floor":41,"key":"Explosive Potion"},{"floor":42,"key":"HeartOfIron"}],"is_trial":false,"path_per_floor":["M","M","M","?","M","R","E","R","T","M","E","$","?","?","R","B",null,"M","?","M","?","$","R","E","?","T","E","R","E","M","E","R","B",null,"M","?","M","?","$","R","E","M","T","?","M","E","R","$","R","B","B",null,"R","$","E","B",null],"character_chosen":"IRONCLAD","items_purchased":["Feel No Pain","DollysMirror","Uppercut","Body Slam","Medical Kit"],"campfire_rested":1,"item_purchase_floors":[12,22,39,39,54],"current_hp_per_floor":[67,73,75,75,75,75,58,58,58,62,54,54,43,20,42,32,64,70,49,55,37,37,37,32,32,42,47,47,47,47,47,47,47,47,47,37,43,43,43,43,47,47,47,47,47,47,47,47,47,47,47,47,47,47,43,42],"gold":149,"neow_bonus":"ONE_RARE_RELIC","is_prod":false,"is_daily":false,"chose_seed":false,"campfire_upgraded":8,"win_rate":0,"timestamp":1613616032,"path_taken":["M","M","M","?","M","R","E","R","T","?","E","$","?","?","R","BOSS","M","?","M","?","$","R","E","?","T","E","R","E","M","E","R","BOSS","M","?","M","?","$","R","E","M","T","?","M","E","R","$","R","BOSS","BOSS","R","$","E","BOSS"],"build_version":"2020-12-18","purchased_purges":2,"victory":true,"max_hp_per_floor":[75,75,75,75,75,75,75,75,75,75,75,75,75,75,75,75,75,75,75,75,37,37,37,37,37,47,47,47,47,47,47,47,47,47,47,47,47,47,47,47,47,47,47,47,47,47,47,47,47,47,47,47,47,47,47,47],"relic_stats":{"Happy Flower":[2],"counters":[27,140],"Astrolabe":["Second Wind","Shockwave","Twin Strike"],"CeramicFish":0,"Whetstone":["Strike_R","Strike_R"],"Medical Kit":[9],"Burning Blood":108,"WarpedTongs":[125],"Mercury Hourglass":[78],"Blood Vial":2,"Gambling Chip":[105],"Snecko Eye":[245,257,269,274],"Art of War":[27],"obtain_stats":[{"Pear":26,"Happy Flower":55,"Astrolabe":34,"CeramicFish":43,"Oddly Smooth Stone":11,"Enchiridion":19,"Incense Burner":24,"Whetstone":27,"Medical Kit":54,"Burning Blood":0,"WarpedTongs":4,"Mercury Hourglass":46,"Du-Vu Doll":0,"Blood Vial":41,"CaptainsWheel":29,"Matryoshka":9,"DollysMirror":22,"Gambling Chip":7,"Snecko Eye":17,"Art of War":31,"TungstenRod":44,"Paper Frog":26},{"Pear":11,"Happy Flower":26,"Astrolabe":16,"CeramicFish":20,"Oddly Smooth Stone":7,"Enchiridion":9,"Incense Burner":11,"Whetstone":12,"Medical Kit":25,"Burning Blood":0,"WarpedTongs":3,"Mercury Hourglass":23,"Du-Vu Doll":0,"Blood Vial":19,"CaptainsWheel":13,"Matryoshka":5,"DollysMirror":10,"Gambling Chip":5,"Snecko Eye":8,"Art of War":15,"TungstenRod":21,"Paper Frog":11},{"Pear":47,"Happy Flower":134,"Astrolabe":75,"CeramicFish":93,"Oddly Smooth Stone":28,"Enchiridion":37,"Incense Burner":47,"Whetstone":48,"Medical Kit":129,"Burning Blood":0,"WarpedTongs":11,"Mercury Hourglass":111,"Du-Vu Doll":0,"Blood Vial":88,"CaptainsWheel":54,"Matryoshka":21,"DollysMirror":41,"Gambling Chip":21,"Snecko Eye":34,"Art of War":64,"TungstenRod":99,"Paper Frog":47}],"TungstenRod":16},"card_choices":[{"not_picked":["Body Slam","Searing Blow"],"picked":"Sword Boomerang","floor":1},{"not_picked":["Disarm","Wild Strike"],"picked":"Inflame","floor":2},{"not_picked":["Clash","Havoc"],"picked":"Flame Barrier","floor":3},{"not_picked":["Headbutt","Body Slam"],"picked":"True Grit","floor":5},{"not_picked":["Burning Pact","Perfected Strike"],"picked":"Shrug It Off","floor":7},{"not_picked":["Heavy Blade","Anger"],"picked":"Battle Trance","floor":10},{"not_picked":["Metallicize","Flex"],"picked":"Immolate","floor":11},{"not_picked":["Impervious","Brutality"],"picked":"Barricade","floor":16},{"not_picked":["Body Slam","Armaments"],"picked":"Shrug It Off","floor":18},{"not_picked":["Havoc","Flex"],"picked":"Flame Barrier+1","floor":20},{"not_picked":["Spot Weakness","Shrug It Off","Rupture"],"picked":"SKIP","floor":24},{"not_picked":["Shrug It Off","Reckless Charge","Clash"],"picked":"SKIP","floor":27},{"not_picked":["True Grit","Ghostly Armor"],"picked":"Offering","floor":29},{"not_picked":["Sever Soul","Cleave","Iron Wave"],"picked":"SKIP","floor":30},{"not_picked":["Sever Soul","Cleave","Iron Wave"],"picked":"SKIP","floor":30},{"not_picked":["Havoc","Warcry"],"picked":"Feel No Pain","floor":31},{"not_picked":["Reaper","Fiend Fire"],"picked":"Corruption","floor":33},{"not_picked":["Dark Embrace","Clash+1","Havoc"],"picked":"SKIP","floor":35},{"not_picked":["Secret Weapon","The Bomb"],"picked":"Dark Shackles","floor":36},{"not_picked":["Dark Shackles","Madness"],"picked":"Thinking Ahead","floor":36},{"not_picked":["Iron Wave+1","Cleave","Bloodletting"],"picked":"SKIP","floor":37},{"not_picked":["Clash","Infernal Blade"],"picked":"Feel No Pain+1","floor":41},{"not_picked":["True Grit","Shrug It Off"],"picked":"Clothesline","floor":42},{"not_picked":["Brutality","Anger+1","Flex+1"],"picked":"SKIP","floor":45},{"not_picked":["Pommel Strike","Searing Blow","Carnage"],"picked":"SKIP","floor":46},{"not_picked":["Sword Boomerang","Limit Break","Searing Blow"],"picked":"SKIP","floor":55}],"player_experience":3385178,"relics_obtained":[{"floor":7,"key":"Gambling Chip"},{"floor":9,"key":"Matryoshka"},{"floor":11,"key":"Oddly Smooth Stone"},{"floor":19,"key":"Enchiridion"},{"floor":24,"key":"Incense Burner"},{"floor":26,"key":"Paper Frog"},{"floor":26,"key":"Pear"},{"floor":27,"key":"Whetstone"},{"floor":29,"key":"CaptainsWheel"},{"floor":31,"key":"Art of War"},{"floor":41,"key":"Blood Vial"},{"floor":43,"key":"CeramicFish"},{"floor":44,"key":"TungstenRod"},{"floor":46,"key":"Mercury Hourglass"},{"floor":55,"key":"Happy Flower"}],"event_choices":[{"damage_healed":0,"gold_gain":0,"player_choice":"Rummage","damage_taken":0,"relics_obtained":["WarpedTongs"],"max_hp_gain":0,"max_hp_loss":0,"event_name":"Accursed Blacksmith","floor":4,"gold_loss":0,"cards_obtained":["Pain"]},{"damage_healed":0,"gold_gain":75,"player_choice":"Gather Gold","damage_taken":11,"max_hp_gain":0,"max_hp_loss":0,"event_name":"World of Goop","floor":13,"gold_loss":0},{"damage_healed":0,"gold_gain":0,"player_choice":"Entered Light","damage_taken":23,"max_hp_gain":0,"max_hp_loss":0,"event_name":"Shining Light","floor":14,"gold_loss":0,"cards_upgraded":["Defend_R","Battle Trance"]},{"damage_healed":0,"gold_gain":0,"player_choice":"Obtained Book","damage_taken":21,"max_hp_gain":0,"max_hp_loss":0,"event_name":"Cursed Tome","floor":19,"gold_loss":0},{"damage_healed":0,"gold_gain":0,"player_choice":"Became a Ghost","damage_taken":0,"max_hp_gain":0,"max_hp_loss":38,"event_name":"Ghosts","floor":21,"gold_loss":0,"cards_obtained":["Ghostly","Ghostly","Ghostly"]},{"damage_healed":0,"gold_gain":0,"player_choice":"Read","damage_taken":0,"max_hp_gain":0,"max_hp_loss":0,"event_name":"The Library","floor":25,"gold_loss":0,"cards_obtained":["Dark Embrace"]},{"damage_healed":0,"gold_gain":0,"player_choice":"Memory 3","damage_taken":10,"max_hp_gain":0,"max_hp_loss":0,"event_name":"SensoryStone","floor":36,"gold_loss":0},{"cards_removed":["Defend_R"],"damage_healed":0,"gold_gain":0,"player_choice":"Removed Skill","damage_taken":0,"max_hp_gain":0,"max_hp_loss":0,"event_name":"Falling","floor":38,"gold_loss":0},{"damage_healed":0,"gold_gain":0,"player_choice":"Fight","damage_taken":0,"max_hp_gain":0,"max_hp_loss":0,"event_name":"MindBloom","floor":44,"gold_loss":0}],"is_beta":true,"boss_relics":[{"not_picked":["SacredBark","Sozu"],"picked":"Snecko Eye"},{"not_picked":["Coffee Dripper","SlaversCollar"],"picked":"Astrolabe"}],"items_purged_floors":[12,39],"is_endless":false,"potions_floor_spawned":[1,5,10,11,24,27,31,33,37,41,42],"ascension_level":20}