{"gold_per_floor":[114,160,174,174,189,223,239,239,239,11,11,39,39,59,59,136,136,156,166,91,105,124,124,124,151,151,186,186,204,11,11,11,11],"floor_reached":33,"playtime":2335,"items_purged":["Defend_R","Strike_R"],"score":615,"play_id":"7c269d83-8c6d-4fd1-b183-9d9d737fd305","local_time":"20210220214321","is_ascension_mode":true,"campfire_choices":[{"data":"Armaments","floor":8,"key":"SMITH"},{"data":"Bash","floor":11,"key":"SMITH"},{"data":"Inflame","floor":13,"key":"SMITH"},{"data":"Pommel Strike","floor":15,"key":"SMITH"},{"floor":23,"key":"REST"},{"floor":32,"key":"REST"}],"neow_cost":"NONE","seed_source_timestamp":675564721348400,"circlet_count":0,"master_deck":["AscendersBane","Strike_R","Strike_R","Defend_R","Defend_R","Defend_R","Bash+1","Spot Weakness","Shrug It Off","True Grit+1","Armaments+1","Feed","Inflame+1","Pommel Strike+1","Twin Strike","Reckless Charge","Dropkick","Thunderclap","RitualDagger","Reaper","Uppercut+1","Pommel Strike+1"],"relics":["Burning Blood","NeowsBlessing","Pen Nib","Toy Ornithopter","Eternal Feather","StrikeDummy","Velvet Choker","Bronze Scales","Potion Belt","The Courier"],"potions_floor_usage":[6,6,14,16,21,25,25,29,33,33],"damage_taken":[{"damage":0,"enemies":"Cultist","floor":1,"turns":1},{"damage":0,"enemies":"Small Slimes","floor":3,"turns":1},{"damage":0,"enemies":"Jaw Worm","floor":5,"turns":1},{"damage":20,"enemies":"3 Sentries","floor":6,"turns":5},{"damage":23,"enemies":"Lots of Slimes","floor":7,"turns":6},{"damage":36,"enemies":"Gremlin Nob","floor":12,"turns":4},{"damage":25,"enemies":"3 Louse","floor":14,"turns":3},{"damage":20,"enemies":"The Guardian","floor":16,"turns":11},{"damage":21,"enemies":"Shell Parasite","floor":18,"turns":2},{"damage":13,"enemies":"3 Byrds","floor":19,"turns":5},{"damage":12,"enemies":"Snake Plant","floor":21,"turns":3},{"damage":21,"enemies":"Cultist and Chosen","floor":22,"turns":6},{"damage":28,"enemies":"Gremlin Leader","floor":25,"turns":4},{"damage":56,"enemies":"Book of Stabbing","floor":27,"turns":4},{"damage":16,"enemies":"Shelled Parasite and Fungi","floor":29,"turns":3},{"damage":132,"enemies":"Collector","floor":33,"turns":9}],"seed_played":"-6715113439077617613","potions_obtained":[{"floor":1,"key":"Explosive Potion"},{"floor":5,"key":"Explosive Potion"},{"floor":12,"key":"EntropicBrew"},{"floor":16,"key":"Strength Potion"},{"floor":22,"key":"Strength Potion"},{"floor":27,"key":"LiquidMemories"}],"is_trial":false,"path_per_floor":["M","T","M","?","M","E","M","R","T","$","R","E","R","M","R","B",null,"M","M","?","M","M","R","?","E","T","E","?","M","$","?","R","B"],"character_chosen":"IRONCLAD","items_purchased":["Feed","EssenceOfSteel","Swift Potion"],"campfire_rested":2,"item_purchase_floors":[10,30,30],"current_hp_per_floor":[74,74,75,80,80,66,49,49,49,49,58,28,37,26,35,30,73,61,57,57,56,41,77,71,59,59,29,29,41,41,41,81,0],"gold":11,"neow_bonus":"THREE_ENEMY_KILL","is_prod":false,"is_daily":false,"chose_seed":false,"campfire_upgraded":4,"win_rate":0,"timestamp":1613886201,"path_taken":["M","?","M","?","?","E","M","R","T","$","R","E","R","M","R","BOSS","M","?","?","M","?","R","?","E","T","E","?","?","$","?","R","BOSS"],"build_version":"2020-12-18","purchased_purges":2,"victory":false,"max_hp_per_floor":[75,75,75,80,80,80,80,80,80,80,80,80,80,83,83,87,87,90,93,93,93,93,93,93,93,93,93,93,96,96,96,96,96],"relic_stats":{"counters":[16,68],"Bronze Scales":[57],"Eternal Feather":48,"Pen Nib":[12],"obtain_stats":[{"Potion Belt":26,"NeowsBlessing":0,"Bronze Scales":25,"Velvet Choker":17,"Eternal Feather":9,"Pen Nib":2,"The Courier":27,"StrikeDummy":12,"Burning Blood":0,"Toy Ornithopter":6},{"Potion Belt":13,"NeowsBlessing":0,"Bronze Scales":13,"Velvet Choker":8,"Eternal Feather":5,"Pen Nib":1,"The Courier":14,"StrikeDummy":6,"Burning Blood":0,"Toy Ornithopter":4},{"Potion Belt":52,"NeowsBlessing":0,"Bronze Scales":52,"Velvet Choker":32,"Eternal Feather":14,"Pen Nib":1,"The Courier":56,"StrikeDummy":18,"Burning Blood":0,"Toy Ornithopter":8}],"Burning Blood":79,"Toy Ornithopter":40},"card_choices":[{"not_picked":["Dark Embrace","Cleave"],"picked":"Spot Weakness","floor":1},{"not_picked":["Havoc","Wild Strike","Anger"],"picked":"SKIP","floor":3},{"not_picked":["Headbutt","Clash"],"picked":"Shrug It Off","floor":5},{"not_picked":["Fire Breathing","Seeing Red"],"picked":"True Grit","floor":6},{"not_picked":["Burning Pact","Battle Trance"],"picked":"Armaments","floor":7},{"not_picked":["Evolve","Flex"],"picked":"Inflame","floor":12},{"not_picked":["Hemokinesis","Body Slam"],"picked":"Pommel Strike","floor":14},{"not_picked":["Sword Boomerang","Perfected Strike"],"picked":"Twin Strike","floor":18},{"not_picked":["Armaments","Perfected Strike","Anger"],"picked":"SKIP","floor":19},{"not_picked":["Dropkick","Cleave","Havoc"],"picked":"SKIP","floor":21},{"not_picked":["Body Slam","Perfected Strike"],"picked":"Thunderclap","floor":22},{"not_picked":["Combust","Sword Boomerang"],"picked":"Reaper","floor":25},{"not_picked":["True Grit","Perfected Strike"],"picked":"Uppercut+1","floor":27},{"not_picked":["Metallicize","Disarm"],"picked":"Pommel Strike+1","floor":29}],"player_experience":3450025,"relics_obtained":[{"floor":2,"key":"Pen Nib"},{"floor":6,"key":"Toy Ornithopter"},{"floor":9,"key":"Eternal Feather"},{"floor":12,"key":"StrikeDummy"},{"floor":25,"key":"Bronze Scales"},{"floor":26,"key":"Potion Belt"},{"floor":27,"key":"The Courier"}],"event_choices":[{"damage_healed":0,"gold_gain":0,"player_choice":"Donut","damage_taken":0,"max_hp_gain":5,"max_hp_loss":0,"event_name":"Big Fish","floor":4,"gold_loss":0},{"damage_healed":0,"gold_gain":0,"cards_transformed":["Strike_R","Strike_R"],"player_choice":"Transformed Cards","damage_taken":0,"max_hp_gain":0,"max_hp_loss":0,"event_name":"Designer","floor":20,"gold_loss":75,"cards_obtained":["Reckless Charge","Dropkick"]},{"damage_healed":0,"gold_gain":0,"player_choice":"Joined the Cult","damage_taken":6,"max_hp_gain":0,"max_hp_loss":0,"event_name":"Nest","floor":24,"gold_loss":0,"cards_obtained":["RitualDagger"]},{"damage_healed":0,"gold_gain":0,"player_choice":"Upgraded","damage_taken":0,"max_hp_gain":0,"max_hp_loss":0,"event_name":"Upgrade Shrine","floor":28,"gold_loss":0,"cards_upgraded":["True Grit"]},{"damage_healed":0,"gold_gain":0,"player_choice":"Ignored","damage_taken":0,"max_hp_gain":0,"max_hp_loss":0,"event_name":"Vampires","floor":31,"gold_loss":0}],"is_beta":true,"boss_relics":[{"not_picked":["Ectoplasm","Runic Cube"],"picked":"Velvet Choker"}],"items_purged_floors":[10,30],"is_endless":false,"potions_floor_spawned":[1,5,12,16,18,22,27],"killed_by":"Collector","ascension_level":20}