{"gold_per_floor":[20,20,32,32,49,49,78,78,78,78,111,127,152,187,187,263,263,274,8,8,8,8,42,58,58,112,212,230,255,255,281,281,354,354,368,388,388,388,399,399],"floor_reached":40,"playtime":5011,"items_purged":["Strike_R"],"score":1024,"play_id":"24648eb5-5e6b-4118-9e35-68664069e510","local_time":"20210219222459","is_ascension_mode":true,"campfire_choices":[{"data":"Hemokinesis","floor":6.0,"key":"SMITH"},{"data":"Battle Trance","floor":8.0,"key":"SMITH"},{"floor":10.0,"key":"REST"},{"data":"Armaments","floor":15.0,"key":"SMITH"},{"floor":25,"key":"REST"},{"data":"Fiend Fire","floor":30,"key":"SMITH"},{"floor":32,"key":"REST"}],"neow_cost":"NO_GOLD","seed_source_timestamp":588966827964800,"circlet_count":0,"master_deck":["AscendersBane","Strike_R+1","Defend_R+1","Defend_R+1","Defend_R+1","Defend_R+1","Bash+1","Hemokinesis+1","Battle Trance+1","Armaments+1","Second Wind","Impervious","Disarm","Hemokinesis","Shrug It Off","Spot Weakness","Fiend Fire+1","Offering","Corruption+1","Seeing Red+1","Headbutt+1","Shockwave","Evolve"],"special_seed":0,"relics":["Burning Blood","Gambling Chip","Lizard Tail","Potion Belt","Singing Bowl","Nunchaku","Red Skull","Mark of Pain","PreservedInsect","Omamori","Torii","HornCleat","Boot","Bag of Preparation","Astrolabe"],"potions_floor_usage":[16,16,23,23,33,33,33,33,36,38,39],"damage_taken":[{"damage":11.0,"enemies":"Jaw Worm","floor":1.0,"turns":6.0},{"damage":4.0,"enemies":"Small Slimes","floor":3.0,"turns":7.0},{"damage":2.0,"enemies":"2 Louse","floor":5.0,"turns":2.0},{"damage":38.0,"enemies":"3 Sentries","floor":7.0,"turns":9.0},{"damage":12.0,"enemies":"Gremlin Nob","floor":11.0,"turns":3.0},{"damage":5.0,"enemies":"Exordium Thugs","floor":12.0,"turns":3.0},{"damage":35.0,"enemies":"3 Sentries","floor":14.0,"turns":8.0},{"damage":25,"enemies":"Hexaghost","floor":16,"turns":8},{"damage":31,"enemies":"Spheric Guardian","floor":18,"turns":6},{"damage":41,"enemies":"Gremlin Leader","floor":23,"turns":9},{"damage":7,"enemies":"2 Thieves","floor":24,"turns":3},{"damage":4,"enemies":"Colosseum Slavers","floor":27,"turns":5},{"damage":14,"enemies":"Colosseum Nobs","floor":27,"turns":5},{"damage":9,"enemies":"Centurion and Healer","floor":28,"turns":6},{"damage":4,"enemies":"Slavers","floor":29,"turns":3},{"damage":8,"enemies":"Gremlin Leader","floor":31,"turns":6},{"damage":99,"enemies":"Collector","floor":33,"turns":13},{"damage":8,"enemies":"Orb Walker","floor":35,"turns":3},{"damage":4,"enemies":"3 Shapes","floor":36,"turns":5},{"damage":32,"enemies":"Maw","floor":38,"turns":7},{"damage":24,"enemies":"Transient","floor":39,"turns":6},{"damage":42,"enemies":"Giant Head","floor":40,"turns":5}],"seed_played":"-6796228221407189754","potions_obtained":[{"floor":3.0,"key":"SkillPotion"},{"floor":7.0,"key":"BloodPotion"},{"floor":11.0,"key":"AttackPotion"},{"floor":12.0,"key":"GamblersBrew"},{"floor":16,"key":"ElixirPotion"},{"floor":23,"key":"LiquidMemories"},{"floor":28,"key":"BloodPotion"},{"floor":33,"key":"LiquidMemories"},{"floor":37,"key":"SmokeBomb"},{"floor":37,"key":"AttackPotion"}],"is_trial":false,"path_per_floor":["M","?","M","?","M","R","E","R","T","R","E","M","T","E","R","B",null,"M","$","?","$","?","E","M","R","T","?","M","E","R","E","R","B",null,"M","M","?","M","M","E"],"character_chosen":"IRONCLAD","items_purchased":["PowerPotion","BloodPotion","Hemokinesis"],"campfire_rested":3,"item_purchase_floors":[19,19,19],"current_hp_per_floor":[63,63,65,54,58,58,26,26,26,48,44,45,45,16,16,12,61,36,36,36,36,36,18,17,40,40,36,33,35,35,35,59,47,74,72,76,76,50,32,0],"gold":399,"neow_bonus":"ONE_RARE_RELIC","is_prod":false,"is_daily":false,"chose_seed":false,"campfire_upgraded":4,"win_rate":0,"timestamp":1613802299,"path_taken":["M","?","M","?","M","R","E","R","T","R","E","M","?","E","R","BOSS","M","$","?","?","?","E","M","R","T","?","?","E","R","E","R","BOSS","M","M","?","M","M","E"],"build_version":"2020-12-18","purchased_purges":1,"victory":false,"max_hp_per_floor":[75,75,75,75,75,75,75,75,75,75,77,77,77,77,77,77,77,77,77,77,77,77,79,79,79,79,81,81,81,81,83,83,83,83,83,85,85,85,85,85],"relic_stats":{"Lizard Tail":41,"Nunchaku":[16],"Singing Bowl":10,"Torii":7,"counters":[22,128],"Gambling Chip":[74],"Astrolabe":["Corruption","Seeing Red","Headbutt"],"PreservedInsect":261,"Bag of Preparation":[12],"Boot":[0],"obtain_stats":[{"Potion Belt":7,"Singing Bowl":9,"Torii":27,"Astrolabe":34,"PreservedInsect":23,"Omamori":26,"Bag of Preparation":31,"Boot":29,"Burning Blood":0,"Lizard Tail":4,"Nunchaku":13,"HornCleat":27,"Gambling Chip":0,"Mark of Pain":17,"Red Skull":14},{"Potion Belt":4,"Singing Bowl":4,"Torii":13,"Astrolabe":17,"PreservedInsect":10,"Omamori":11,"Bag of Preparation":16,"Boot":15,"Burning Blood":0,"Lizard Tail":2,"Nunchaku":6,"HornCleat":13,"Gambling Chip":0,"Mark of Pain":8,"Red Skull":7},{"Potion Belt":24,"Singing Bowl":24,"Torii":74,"Astrolabe":102,"PreservedInsect":61,"Omamori":64,"Bag of Preparation":89,"Boot":83,"Burning Blood":0,"Lizard Tail":13,"Nunchaku":30,"HornCleat":74,"Gambling Chip":0,"Mark of Pain":46,"Red Skull":38}],"Burning Blood":126},"card_choices":[{"not_picked":["True Grit","Clash","Pummel"],"picked":"SKIP","floor":1.0},{"not_picked":["Armaments","Seeing Red"],"picked":"Hemokinesis","floor":3.0},{"not_picked":["Seeing Red","Thunderclap","Clothesline"],"picked":"SKIP","floor":5.0},{"not_picked":["Warcry","Anger"],"picked":"Battle Trance","floor":7.0},{"not_picked":["Sever Soul","Cleave","Perfected Strike"],"picked":"Singing Bowl","floor":11.0},{"not_picked":["Warcry","Entrench"],"picked":"Armaments","floor":12.0},{"not_picked":["Havoc","Infernal Blade"],"picked":"Second Wind","floor":14.0},{"not_picked":["Fiend Fire","Feed"],"picked":"Impervious","floor":16},{"not_picked":["Rampage","Dual Wield"],"picked":"Disarm","floor":18},{"not_picked":["Ghostly Armor","Perfected Strike","Headbutt"],"picked":"Singing Bowl","floor":23},{"not_picked":["Warcry","Bloodletting+1"],"picked":"Shrug It Off","floor":24},{"not_picked":["Warcry","Body Slam","Fire Breathing"],"picked":"Singing Bowl","floor":27},{"not_picked":["Flex","Sword Boomerang"],"picked":"Spot Weakness","floor":28},{"not_picked":["Feed","Power Through"],"picked":"Fiend Fire","floor":29},{"not_picked":["Dropkick","Fire Breathing+1","True Grit"],"picked":"Singing Bowl","floor":31},{"not_picked":["Fiend Fire","Demon Form"],"picked":"Offering","floor":33},{"not_picked":["Hemokinesis","Armaments+1"],"picked":"Shockwave","floor":35},{"not_picked":["Warcry","Armaments","Heavy Blade"],"picked":"Singing Bowl","floor":36},{"not_picked":["Flex+1","Seeing Red+1"],"picked":"Evolve","floor":39}],"player_experience":3417964,"relics_obtained":[{"floor":7.0,"key":"Potion Belt"},{"floor":9.0,"key":"Singing Bowl"},{"floor":13.0,"key":"Nunchaku"},{"floor":14.0,"key":"Red Skull"},{"floor":23,"key":"PreservedInsect"},{"floor":26,"key":"Omamori"},{"floor":27,"key":"Torii"},{"floor":27,"key":"HornCleat"},{"floor":29,"key":"Boot"},{"floor":31,"key":"Bag of Preparation"}],"event_choices":[{"damage_healed":0.0,"max_hp_gain":0.0,"max_hp_loss":0.0,"gold_gain":0.0,"event_name":"Living Wall","player_choice":"Grow","floor":2.0,"gold_loss":0.0,"damage_taken":0.0,"cards_upgraded":["Bash"]},{"damage_healed":0.0,"max_hp_gain":0.0,"max_hp_loss":0.0,"gold_gain":0.0,"event_name":"Scrap Ooze","player_choice":"Success","floor":4.0,"gold_loss":0.0,"damage_taken":11.0,"relics_obtained":["Lizard Tail"]},{"damage_healed":0,"gold_gain":0,"player_choice":"Ignored","damage_taken":0,"max_hp_gain":0,"max_hp_loss":0,"event_name":"The Mausoleum","floor":20,"gold_loss":0},{"damage_healed":0,"gold_gain":0,"player_choice":"Simplicity","damage_taken":0,"max_hp_gain":0,"max_hp_loss":0,"event_name":"Back to Basics","floor":22,"gold_loss":0,"cards_upgraded":["Strike_R","Strike_R","Strike_R","Strike_R","Defend_R","Defend_R","Defend_R","Defend_R"]},{"damage_healed":0,"gold_gain":0,"player_choice":"Fight","damage_taken":0,"max_hp_gain":0,"max_hp_loss":0,"event_name":"Colosseum","floor":27,"gold_loss":0},{"damage_healed":0,"gold_gain":0,"player_choice":"Fought Nobs","damage_taken":0,"max_hp_gain":0,"max_hp_loss":0,"event_name":"Colosseum","floor":27,"gold_loss":0},{"damage_healed":0,"gold_gain":0,"player_choice":"Got Potions","damage_taken":0,"max_hp_gain":0,"max_hp_loss":0,"event_name":"Lab","floor":37,"gold_loss":0}],"is_beta":true,"boss_relics":[{"not_picked":["Ectoplasm","Black Blood"],"picked":"Mark of Pain"},{"not_picked":["Tiny House","Empty Cage"],"picked":"Astrolabe"}],"items_purged_floors":[19],"is_endless":false,"potions_floor_spawned":[3,7,11,12,16,23,27,28,33,38],"killed_by":"Giant Head","ascension_level":20}