{"gold_per_floor":[367,517,60,75,95,95,125,125,125,135,165,177,211,211,211,283,283,299,299,316,316,34,34,44,44,44,54,54,67,67],"floor_reached":30,"playtime":1542,"items_purged":["Doubt"],"score":500,"play_id":"64c0e672-4b0f-4165-a32f-dce08478960e","local_time":"20210212234348","is_ascension_mode":true,"campfire_choices":[{"data":"Bash","floor":6.0,"key":"SMITH"},{"data":"Inflame","floor":8.0,"key":"SMITH"},{"data":"Rupture","floor":15,"key":"SMITH"},{"data":"Limit Break","floor":23,"key":"SMITH"},{"data":"Fiend Fire","floor":25,"key":"SMITH"}],"neow_cost":"TEN_PERCENT_HP_LOSS","seed_source_timestamp":166744015968700,"circlet_count":0,"master_deck":["AscendersBane","Strike_R","Strike_R","Strike_R","Strike_R","Strike_R","Defend_R","Defend_R","Defend_R","Defend_R","Bash+1","Shrug It Off","Pommel Strike","Twin Strike","Battle Trance","Inflame+1","Anger","Combust","Rupture+1","Sword Boomerang","Fiend Fire+1","Headbutt+1","Limit Break+1","Impervious+1","True Grit+1","Pain","Battle Trance+1"],"special_seed":0,"relics":["Burning Blood","Pen Nib","Pantograph","HornCleat","Orichalcum","StrikeDummy","SlaversCollar","Toxic Egg 2","Bottled Lightning","WarpedTongs"],"potions_floor_usage":[20,24,30],"damage_taken":[{"damage":4.0,"enemies":"Jaw Worm","floor":1.0,"turns":5.0},{"damage":7.0,"enemies":"Small Slimes","floor":4.0,"turns":3.0},{"damage":0.0,"enemies":"Cultist","floor":5.0,"turns":3.0},{"damage":8.0,"enemies":"Gremlin Nob","floor":7.0,"turns":3.0},{"damage":0.0,"enemies":"Large Slime","floor":10.0,"turns":3.0},{"damage":23.0,"enemies":"3 Sentries","floor":11.0,"turns":5.0},{"damage":3.0,"enemies":"2 Fungi Beasts","floor":12.0,"turns":3.0},{"damage":25,"enemies":"Lagavulin","floor":13,"turns":6},{"damage":23,"enemies":"Hexaghost","floor":16,"turns":6},{"damage":17,"enemies":"3 Byrds","floor":18,"turns":4},{"damage":0,"enemies":"Spheric Guardian","floor":20,"turns":1},{"damage":4,"enemies":"Snecko","floor":24,"turns":4},{"damage":19,"enemies":"Snake Plant","floor":27,"turns":4},{"damage":4,"enemies":"Sentry and Sphere","floor":29,"turns":4},{"damage":49,"enemies":"Slavers","floor":30,"turns":4}],"seed_played":"-6278897989630972006","potions_obtained":[{"floor":4.0,"key":"FearPotion"},{"floor":7.0,"key":"SteroidPotion"},{"floor":13,"key":"LiquidMemories"},{"floor":20,"key":"FearPotion"},{"floor":24,"key":"DuplicationPotion"}],"is_trial":false,"path_per_floor":["M","?","$","M","M","R","E","R","T","M","E","M","E","?","R","B",null,"M","?","M","?","$","R","M","R","T","M","?","M","E"],"character_chosen":"IRONCLAD","items_purchased":["Pen Nib","Pommel Strike","SteroidPotion","Twin Strike","Battle Trance","Toxic Egg 2"],"campfire_rested":0,"item_purchase_floors":[3,3,3,3,3,22],"current_hp_per_floor":[68,68,68,67,68,68,66,66,66,68,51,54,35,40,40,48,67,56,52,58,58,58,58,60,60,60,47,47,49,0],"gold":67,"neow_bonus":"TWO_FIFTY_GOLD","is_prod":false,"is_daily":false,"chose_seed":false,"campfire_upgraded":5,"win_rate":0,"timestamp":1613202228,"path_taken":["M","?","$","M","M","R","E","R","T","M","E","M","E","?","R","BOSS","M","?","?","?","$","R","M","R","T","M","?","?","E"],"build_version":"2020-12-18","purchased_purges":1,"victory":false,"max_hp_per_floor":[68,68,68,68,68,68,68,68,68,68,68,68,68,73,73,73,73,73,73,73,73,73,73,73,73,73,73,73,73,73],"relic_stats":{"counters":[15,58],"Pantograph":25,"Pen Nib":[9],"Orichalcum":[84],"obtain_stats":[{"SlaversCollar":17,"HornCleat":9,"Pantograph":7,"Pen Nib":3,"Bottled Lightning":26,"Orichalcum":11,"Toxic Egg 2":22,"StrikeDummy":13,"Burning Blood":0,"WarpedTongs":28},{"SlaversCollar":9,"HornCleat":4,"Pantograph":4,"Pen Nib":1,"Bottled Lightning":12,"Orichalcum":6,"Toxic Egg 2":11,"StrikeDummy":8,"Burning Blood":0,"WarpedTongs":13},{"SlaversCollar":37,"HornCleat":14,"Pantograph":14,"Pen Nib":5,"Bottled Lightning":46,"Orichalcum":22,"Toxic Egg 2":42,"StrikeDummy":31,"Burning Blood":0,"WarpedTongs":50}],"Burning Blood":73,"WarpedTongs":[8]},"card_choices":[{"not_picked":["Infernal Blade","Body Slam"],"picked":"Shrug It Off","floor":1.0},{"not_picked":["Burning Pact","Thunderclap"],"picked":"Inflame","floor":4.0},{"not_picked":["Seeing Red","Cleave","Body Slam"],"picked":"SKIP","floor":5.0},{"not_picked":["Metallicize","Pommel Strike"],"picked":"Anger","floor":7.0},{"not_picked":["Sever Soul","Pommel Strike"],"picked":"Combust","floor":10.0},{"not_picked":["Sever Soul","Clothesline"],"picked":"Rupture","floor":11.0},{"not_picked":["Juggernaut","Reckless Charge"],"picked":"Sword Boomerang","floor":12.0},{"not_picked":["Iron Wave","Reckless Charge","Perfected Strike"],"picked":"SKIP","floor":13},{"not_picked":["Demon Form","Berserk"],"picked":"Fiend Fire","floor":16},{"not_picked":["Havoc","True Grit","Inflame"],"picked":"SKIP","floor":18},{"not_picked":["Flex","Pommel Strike"],"picked":"Headbutt+1","floor":20},{"not_picked":["Evolve","Headbutt"],"picked":"Impervious+1","floor":24},{"not_picked":["Searing Blow","Wild Strike"],"picked":"True Grit+1","floor":27},{"not_picked":["Havoc+1","Clash"],"picked":"Battle Trance+1","floor":29}],"player_experience":3312245,"relics_obtained":[{"floor":7.0,"key":"Pantograph"},{"floor":9.0,"key":"HornCleat"},{"floor":11.0,"key":"Orichalcum"},{"floor":13,"key":"StrikeDummy"},{"floor":26,"key":"Bottled Lightning"}],"event_choices":[{"damage_healed":0.0,"max_hp_gain":0.0,"max_hp_loss":0.0,"gold_gain":150.0,"event_name":"Liars Game","player_choice":"AGREE","floor":2.0,"gold_loss":0.0,"damage_taken":0.0,"cards_obtained":["Doubt"]},{"damage_healed":0,"gold_gain":0,"player_choice":"Donut","damage_taken":0,"max_hp_gain":5,"max_hp_loss":0,"event_name":"Big Fish","floor":14,"gold_loss":0},{"damage_healed":0,"gold_gain":0,"player_choice":"Bought 0 Potions","damage_taken":0,"max_hp_gain":0,"max_hp_loss":0,"event_name":"The Woman in Blue","floor":19,"gold_loss":0},{"damage_healed":0,"gold_gain":0,"player_choice":"Read","damage_taken":0,"max_hp_gain":0,"max_hp_loss":0,"event_name":"The Library","floor":21,"gold_loss":0,"cards_obtained":["Limit Break"]},{"damage_healed":0,"gold_gain":0,"player_choice":"Rummage","damage_taken":0,"relics_obtained":["WarpedTongs"],"max_hp_gain":0,"max_hp_loss":0,"event_name":"Accursed Blacksmith","floor":28,"gold_loss":0,"cards_obtained":["Pain"]}],"is_beta":true,"boss_relics":[{"not_picked":["Mark of Pain","Fusion Hammer"],"picked":"SlaversCollar"}],"items_purged_floors":[3],"is_endless":false,"potions_floor_spawned":[4,5,7,13,20,24],"killed_by":"Slavers","ascension_level":20}