{"gold_per_floor":[110,129,141,141,155,155,155,155,155,168,168],"floor_reached":11,"playtime":575,"items_purged":[],"score":130,"play_id":"57a29792-2b18-455f-ba00-886072684a42","local_time":"20210218212623","is_ascension_mode":true,"campfire_choices":[{"data":"Perfected Strike","floor":6,"key":"SMITH"},{"floor":8,"key":"REST"}],"neow_cost":"TEN_PERCENT_HP_LOSS","seed_source_timestamp":503509914007200,"circlet_count":0,"master_deck":["AscendersBane","Strike_R","Strike_R","Strike_R","Strike_R","Defend_R","Defend_R","Defend_R","Bash","Sword Boomerang","Evolve","Pommel Strike","Perfected Strike+1"],"relics":["Burning Blood","Question Card","Golden Idol","Toy Ornithopter"],"potions_floor_usage":[5],"damage_taken":[{"damage":1,"enemies":"Cultist","floor":1,"turns":3},{"damage":15,"enemies":"Small Slimes","floor":2,"turns":5},{"damage":5,"enemies":"2 Louse","floor":3,"turns":4},{"damage":47,"enemies":"Large Slime","floor":5,"turns":9},{"damage":18,"enemies":"Red Slaver","floor":10,"turns":3},{"damage":30,"enemies":"Lagavulin","floor":11,"turns":4}],"seed_played":"-3986147007951288588","potions_obtained":[{"floor":1,"key":"Dexterity Potion"}],"is_trial":false,"path_per_floor":["M","M","M","?","M","R","?","R","T","M","E"],"character_chosen":"IRONCLAD","items_purchased":[],"campfire_rested":1,"item_purchase_floors":[],"current_hp_per_floor":[68,59,60,49,8,8,8,26,26,14,0],"gold":168,"neow_bonus":"REMOVE_TWO","is_prod":false,"is_daily":false,"chose_seed":false,"campfire_upgraded":1,"win_rate":0,"timestamp":1613712383,"path_taken":["M","?","M","?","M","R","?","R","T","M","E"],"build_version":"2020-12-18","purchased_purges":0,"victory":false,"max_hp_per_floor":[68,68,68,68,68,68,62,62,62,62,62],"relic_stats":{"counters":[6,28],"Golden Idol":3,"Question Card":2,"obtain_stats":[{"Golden Idol":7,"Question Card":4,"Burning Blood":0,"Toy Ornithopter":9},{"Golden Idol":4,"Question Card":3,"Burning Blood":0,"Toy Ornithopter":4},{"Golden Idol":21,"Question Card":12,"Burning Blood":0,"Toy Ornithopter":21}],"Burning Blood":25,"Toy Ornithopter":0},"card_choices":[{"not_picked":["Bloodletting","Entrench"],"picked":"Sword Boomerang","floor":1},{"not_picked":["Fire Breathing","Body Slam"],"picked":"Evolve","floor":2},{"not_picked":["Anger","True Grit"],"picked":"Pommel Strike","floor":3},{"not_picked":["Sever Soul","Body Slam","Wild Strike"],"picked":"Perfected Strike","floor":5},{"not_picked":["Anger","Sever Soul","Rampage","Warcry"],"picked":"SKIP","floor":10}],"player_experience":3406190,"relics_obtained":[{"floor":9,"key":"Toy Ornithopter"}],"event_choices":[{"damage_healed":0,"gold_gain":0,"player_choice":"Success","damage_taken":11,"relics_obtained":["Question Card"],"max_hp_gain":0,"max_hp_loss":0,"event_name":"Scrap Ooze","floor":4,"gold_loss":0},{"damage_healed":0,"gold_gain":0,"player_choice":"Lose Max HP","damage_taken":0,"relics_obtained":["Golden Idol"],"max_hp_gain":0,"max_hp_loss":6,"event_name":"Golden Idol","floor":7,"gold_loss":0}],"is_beta":true,"boss_relics":[],"items_purged_floors":[],"is_endless":false,"potions_floor_spawned":[1],"killed_by":"Lagavulin","ascension_level":20}