{"gold_per_floor":[109,46,46,66,85,85,120,120,120,152,152,163,163,9,9,9],"floor_reached":16,"playtime":589,"items_purged":[],"score":216,"play_id":"896db90c-22c6-4faa-b419-ffd0407f4d1c","local_time":"20210221140922","is_ascension_mode":true,"campfire_choices":[{"data":"Bash","floor":6,"key":"SMITH"},{"floor":8,"key":"REST"},{"data":"Hemokinesis","floor":13,"key":"SMITH"},{"data":"Barricade","floor":15,"key":"SMITH"}],"neow_cost":"PERCENT_DAMAGE","seed_source_timestamp":736472357733100,"circlet_count":0,"master_deck":["AscendersBane","Strike_R","Strike_R","Strike_R","Strike_R","Strike_R","Defend_R","Defend_R","Defend_R","Defend_R","Bash+1","Sword Boomerang","Pommel Strike","Feed","Disarm","Hemokinesis+1","Barricade+1"],"relics":["Burning Blood","Unceasing Top","Pear","Vajra","Kunai","HornCleat"],"potions_floor_usage":[5],"damage_taken":[{"damage":19,"enemies":"Small Slimes","floor":1,"turns":4},{"damage":6,"enemies":"Cultist","floor":4,"turns":3},{"damage":2,"enemies":"Jaw Worm","floor":5,"turns":3},{"damage":32,"enemies":"Gremlin Nob","floor":7,"turns":4},{"damage":34,"enemies":"Lagavulin","floor":10,"turns":6},{"damage":2,"enemies":"2 Fungi Beasts","floor":12,"turns":3},{"damage":32,"enemies":"Hexaghost","floor":16,"turns":7}],"seed_played":"-7387331876857880391","potions_obtained":[{"floor":1,"key":"BlessingOfTheForge"},{"floor":12,"key":"Energy Potion"}],"is_trial":false,"path_per_floor":["M","?","?","M","M","R","E","R","T","E","$","M","R","$","R","B"],"character_chosen":"IRONCLAD","items_purchased":["Barricade"],"campfire_rested":1,"item_purchase_floors":[14],"current_hp_per_floor":[37,37,47,47,51,51,25,50,50,25,25,32,32,32,32,0],"gold":9,"neow_bonus":"ONE_RARE_RELIC","is_prod":false,"is_daily":false,"chose_seed":false,"campfire_upgraded":3,"win_rate":0,"timestamp":1613945362,"path_taken":["M","?","?","?","M","R","E","R","T","E","$","M","R","$","R","BOSS"],"build_version":"2020-12-18","purchased_purges":0,"victory":false,"max_hp_per_floor":[75,75,85,85,85,85,85,85,85,88,88,91,91,91,91,91],"relic_stats":{"counters":[7,30],"Kunai":[6],"obtain_stats":[{"Pear":3,"HornCleat":10,"Vajra":7,"Kunai":9,"Burning Blood":0,"Unceasing Top":0},{"Pear":1,"HornCleat":5,"Vajra":4,"Kunai":4,"Burning Blood":0,"Unceasing Top":0},{"Pear":4,"HornCleat":20,"Vajra":14,"Kunai":14,"Burning Blood":0,"Unceasing Top":0}],"Burning Blood":36,"Unceasing Top":[0]},"card_choices":[{"not_picked":["Rupture","Havoc"],"picked":"Pommel Strike","floor":1},{"not_picked":["Havoc","Wild Strike"],"picked":"Sword Boomerang","floor":4},{"not_picked":["Disarm","Body Slam"],"picked":"Pommel Strike","floor":5},{"not_picked":["Cleave","True Grit"],"picked":"Feed","floor":7},{"not_picked":["Headbutt","Combust"],"picked":"Disarm","floor":10},{"not_picked":["Heavy Blade","Flex"],"picked":"Hemokinesis","floor":12}],"player_experience":3469591,"relics_obtained":[{"floor":7,"key":"Vajra"},{"floor":9,"key":"Kunai"},{"floor":10,"key":"HornCleat"}],"event_choices":[{"damage_healed":0,"gold_gain":0,"player_choice":"Left Gold","damage_taken":0,"max_hp_gain":0,"max_hp_loss":0,"event_name":"World of Goop","floor":2,"gold_loss":63},{"cards_removed":["Pommel Strike"],"damage_healed":0,"gold_gain":0,"player_choice":"Gave Card","damage_taken":0,"relics_obtained":["Pear"],"max_hp_gain":0,"max_hp_loss":0,"event_name":"WeMeetAgain","floor":3,"gold_loss":0}],"is_beta":true,"boss_relics":[],"items_purged_floors":[],"is_endless":false,"potions_floor_spawned":[1,12],"killed_by":"Hexaghost","ascension_level":20}