{"gold_per_floor":[110,110,127,137,212,212,224,258,258,276,308,308,327,364,364,450,450,468,477,496,506,115,154,54,54,80,80],"floor_reached":27,"playtime":1791,"items_purged":["Strike_R","Strike_R"],"score":506,"play_id":"4fb8e312-8764-46ee-a720-4f906b804c48","local_time":"20210211233001","is_ascension_mode":true,"campfire_choices":[{"data":"Spot Weakness","floor":6,"key":"SMITH"},{"floor":12,"key":"REST"},{"floor":15,"key":"REST"}],"neow_cost":"PERCENT_DAMAGE","seed_source_timestamp":79296505636000,"circlet_count":0,"master_deck":["AscendersBane","Strike_R","Strike_R","Strike_R","Defend_R","Defend_R","Defend_R","Defend_R","Bash","Apotheosis+1","Spot Weakness+1","True Grit","Thunderclap","Flex","Metallicize","Shockwave","Flame Barrier","Perfected Strike","Pommel Strike","Offering","Disarm","Uppercut","Burning Pact","Corruption","Inflame+1"],"relics":["Burning Blood","Du-Vu Doll","Shuriken","Matryoshka","CeramicFish","Velvet Choker","Lantern","Tiny Chest","Smiling Mask","Nunchaku"],"potions_floor_usage":[8,8,16,27,27],"damage_taken":[{"damage":1,"enemies":"Cultist","floor":1,"turns":3},{"damage":7,"enemies":"Jaw Worm","floor":3,"turns":3},{"damage":2,"enemies":"2 Louse","floor":4,"turns":4},{"damage":13,"enemies":"Large Slime","floor":7,"turns":5},{"damage":27,"enemies":"3 Sentries","floor":8,"turns":8},{"damage":6,"enemies":"Exordium Wildlife","floor":10,"turns":5},{"damage":18,"enemies":"Lagavulin","floor":11,"turns":7},{"damage":12,"enemies":"Lots of Slimes","floor":13,"turns":4},{"damage":10,"enemies":"3 Sentries","floor":14,"turns":9},{"damage":30,"enemies":"Slime Boss","floor":16,"turns":8},{"damage":7,"enemies":"Chosen","floor":18,"turns":4},{"damage":14,"enemies":"3 Byrds","floor":20,"turns":4},{"damage":22,"enemies":"Snake Plant","floor":21,"turns":5},{"damage":30,"enemies":"Gremlin Leader","floor":23,"turns":6},{"damage":21,"enemies":"Slavers","floor":27,"turns":1}],"seed_played":"-5830441874480790666","potions_obtained":[{"floor":4,"key":"Regen Potion"},{"floor":7,"key":"GamblersBrew"},{"floor":8,"key":"Explosive Potion"},{"floor":11,"key":"AttackPotion"},{"floor":18,"key":"LiquidBronze"}],"is_trial":false,"path_per_floor":["M","?","M","M","?","R","M","E","T","M","E","R","M","E","R","B",null,"M","?","M","M","$","E","$","?","T","E"],"character_chosen":"IRONCLAD","items_purchased":["Lantern","Burning Pact","Corruption"],"campfire_rested":2,"item_purchase_floors":[22,22,22],"current_hp_per_floor":[55,55,54,58,47,47,40,34,34,34,22,44,38,34,56,32,64,63,63,55,39,39,15,15,15,15,0],"gold":80,"neow_bonus":"RANDOM_COLORLESS_2","is_prod":false,"is_daily":false,"chose_seed":false,"campfire_upgraded":1,"win_rate":0,"timestamp":1613115001,"path_taken":["M","?","M","M","?","R","M","E","T","M","E","R","M","E","R","BOSS","M","?","M","M","$","E","$","?","T","E"],"build_version":"2020-12-18","purchased_purges":2,"victory":false,"max_hp_per_floor":[75,75,75,75,75,75,75,75,75,75,75,75,75,75,75,75,75,75,75,75,75,75,75,75,75,75,75],"relic_stats":{"Nunchaku":[0],"counters":[15,76],"Shuriken":[8],"CeramicFish":63,"Tiny Chest":0,"Smiling Mask":0,"obtain_stats":[{"Du-Vu Doll":8,"Lantern":22,"Nunchaku":26,"Matryoshka":11,"Shuriken":9,"CeramicFish":14,"Velvet Choker":17,"Tiny Chest":23,"Smiling Mask":26,"Burning Blood":0},{"Du-Vu Doll":5,"Lantern":13,"Nunchaku":14,"Matryoshka":7,"Shuriken":5,"CeramicFish":9,"Velvet Choker":10,"Tiny Chest":14,"Smiling Mask":14,"Burning Blood":0},{"Du-Vu Doll":23,"Lantern":69,"Nunchaku":75,"Matryoshka":35,"Shuriken":23,"CeramicFish":48,"Velvet Choker":56,"Tiny Chest":75,"Smiling Mask":75,"Burning Blood":0}],"Burning Blood":84},"card_choices":[{"not_picked":["Secret Weapon","Metamorphosis"],"picked":"Apotheosis","floor":0},{"not_picked":["Iron Wave","Pummel"],"picked":"Spot Weakness","floor":1},{"not_picked":["Searing Blow","Intimidate"],"picked":"True Grit","floor":3},{"not_picked":["Sword Boomerang","Body Slam"],"picked":"Thunderclap","floor":4},{"not_picked":["Dual Wield","Thunderclap"],"picked":"Flex","floor":7},{"not_picked":["Thunderclap","Bloodletting"],"picked":"Metallicize","floor":8},{"not_picked":["Armaments","Havoc"],"picked":"Shockwave","floor":10},{"not_picked":["Dual Wield","Double Tap"],"picked":"Flame Barrier","floor":11},{"not_picked":["Clothesline","Dark Embrace"],"picked":"Perfected Strike","floor":13},{"not_picked":["Armaments","Wild Strike"],"picked":"Pommel Strike","floor":14},{"not_picked":["Bludgeon","Brutality"],"picked":"Offering","floor":16},{"not_picked":["Iron Wave","Dropkick","Second Wind"],"picked":"SKIP","floor":18},{"not_picked":["Searing Blow","Thunderclap"],"picked":"Uppercut","floor":20},{"not_picked":["Wild Strike+1","Pommel Strike","Fire Breathing"],"picked":"SKIP","floor":21},{"not_picked":["Reckless Charge","Sword Boomerang"],"picked":"Inflame+1","floor":23}],"player_experience":3294734,"relics_obtained":[{"floor":8,"key":"Du-Vu Doll"},{"floor":9,"key":"Shuriken"},{"floor":11,"key":"Matryoshka"},{"floor":14,"key":"CeramicFish"},{"floor":23,"key":"Tiny Chest"},{"floor":26,"key":"Smiling Mask"},{"floor":26,"key":"Nunchaku"}],"event_choices":[{"damage_healed":0,"gold_gain":0,"player_choice":"Grow","damage_taken":0,"max_hp_gain":0,"max_hp_loss":0,"event_name":"Living Wall","floor":2,"gold_loss":0,"cards_upgraded":["Apotheosis"]},{"damage_healed":0,"gold_gain":75,"player_choice":"Gather Gold","damage_taken":11,"max_hp_gain":0,"max_hp_loss":0,"event_name":"World of Goop","floor":5,"gold_loss":0},{"damage_healed":0,"gold_gain":0,"player_choice":"Read","damage_taken":0,"max_hp_gain":0,"max_hp_loss":0,"event_name":"The Library","floor":19,"gold_loss":0,"cards_obtained":["Disarm"]},{"damage_healed":0,"gold_gain":0,"player_choice":"Ignored","damage_taken":0,"max_hp_gain":0,"max_hp_loss":0,"event_name":"Cursed Tome","floor":25,"gold_loss":0}],"is_beta":true,"boss_relics":[{"not_picked":["Sozu","Coffee Dripper"],"picked":"Velvet Choker"}],"items_purged_floors":[22,24],"is_endless":false,"potions_floor_spawned":[4,7,8,11,18],"killed_by":"Slavers","ascension_level":20}