{"gold_per_floor":[112,122,47,47,60,60,94,94,94,94,107,121,150,170,170,243,243,263,188,205,205,219,219,245,257,257,268,296,19,19,54,54,131,131,141,141,86,86,86,117,127,146,171,171,190,90,123,141,141,141,141],"floor_reached":51,"playtime":5672,"items_purged":["Strike_R","Strike_R"],"score":1464,"play_id":"9969c034-2ef1-4530-8267-bdce6e891115","local_time":"20210213154032","is_ascension_mode":true,"campfire_choices":[{"data":"Bash","floor":6.0,"key":"SMITH"},{"floor":10.0,"key":"REST"},{"data":"Blood for Blood","floor":15.0,"key":"SMITH"},{"data":"Immolate","floor":23,"key":"SMITH"},{"data":"Juggernaut","floor":30,"key":"SMITH"},{"floor":32,"key":"REST"},{"floor":44,"key":"RECALL"},{"floor":49,"key":"REST"}],"neow_cost":"NONE","seed_source_timestamp":45644087595800,"circlet_count":0,"master_deck":["AscendersBane","Strike_R+1","Defend_R","Defend_R+1","Defend_R","Defend_R","Bash+1","Cleave+1","Metallicize","Evolve","Clothesline+1","Pommel Strike+1","Ghostly Armor+1","Offering","Immolate+1","Feel No Pain","Juggernaut+1","Flame Barrier","Burning Pact","Battle Trance","Offering","Shrug It Off","Pommel Strike+1","Feel No Pain","Impervious","Shrug It Off+1","Dark Shackles","Thinking Ahead","Blind","Spot Weakness+1","Power Through+1"],"special_seed":0,"relics":["Burning Blood","Bag of Preparation","Darkstone Periapt","Shuriken","Meat on the Bone","Mark of Pain","Girya","Kunai","Red Mask","Ancient Tea Set","War Paint","Fusion Hammer","Bronze Scales","Whetstone","Art of War"],"potions_floor_usage":[24,31,33,33,50,51],"damage_taken":[{"damage":3.0,"enemies":"2 Louse","floor":1.0,"turns":4.0},{"damage":15.0,"enemies":"Small Slimes","floor":2.0,"turns":3.0},{"damage":1.0,"enemies":"Cultist","floor":5.0,"turns":3.0},{"damage":21.0,"enemies":"3 Sentries","floor":7.0,"turns":6.0},{"damage":8.0,"enemies":"Exordium Wildlife","floor":11.0,"turns":5.0},{"damage":9.0,"enemies":"Gremlin Gang","floor":12.0,"turns":4.0},{"damage":24.0,"enemies":"Gremlin Nob","floor":13.0,"turns":4.0},{"damage":3.0,"enemies":"Looter","floor":14.0,"turns":3.0},{"damage":27.0,"enemies":"Hexaghost","floor":16.0,"turns":9.0},{"damage":11.0,"enemies":"Chosen","floor":18.0,"turns":4.0},{"damage":28,"enemies":"2 Thieves","floor":20,"turns":2},{"damage":19,"enemies":"Centurion and Healer","floor":22,"turns":5},{"damage":21,"enemies":"Gremlin Leader","floor":24,"turns":5},{"damage":12,"enemies":"Chosen and Byrds","floor":25,"turns":3},{"damage":25,"enemies":"Snake Plant","floor":27,"turns":3},{"damage":6,"enemies":"Masked Bandits","floor":28,"turns":1},{"damage":24,"enemies":"Slavers","floor":31,"turns":4},{"damage":48,"enemies":"Champ","floor":33,"turns":12},{"damage":6,"enemies":"3 Shapes","floor":35,"turns":4},{"damage":26,"enemies":"Giant Head","floor":40,"turns":9},{"damage":6,"enemies":"Orb Walker","floor":41,"turns":4},{"damage":12,"enemies":"Transient","floor":42,"turns":6},{"damage":12,"enemies":"Sphere and 2 Shapes","floor":45,"turns":3},{"damage":12,"enemies":"Nemesis","floor":47,"turns":7},{"damage":12,"enemies":"3 Darklings","floor":48,"turns":3},{"damage":16,"enemies":"Donu and Deca","floor":50,"turns":8},{"damage":73,"enemies":"Awakened One","floor":51,"turns":8}],"seed_played":"3815529956481340939","potions_obtained":[{"floor":1.0,"key":"PowerPotion"},{"floor":8.0,"key":"EssenceOfSteel"},{"floor":13.0,"key":"Strength Potion"},{"floor":24,"key":"ColorlessPotion"},{"floor":25,"key":"HeartOfIron"},{"floor":28,"key":"FearPotion"},{"floor":31,"key":"Strength Potion"},{"floor":41,"key":"Swift Potion"},{"floor":42,"key":"BloodPotion"},{"floor":47,"key":"PowerPotion"}],"is_trial":false,"path_per_floor":["M","M","$","?","M","R","E","?","T","R","M","M","E","M","R","B",null,"M","?","M","?","M","R","E","M","T","M","?","$","R","E","R","B",null,"M","?","$","?","?","E","M","M","T","R","M","$","E","M","R","B","B"],"character_chosen":"IRONCLAD","items_purchased":["Evolve","Feel No Pain","Ancient Tea Set","Energy Potion"],"campfire_rested":3,"item_purchase_floors":[3,29,29,37],"current_hp_per_floor":[71,62,62,39,44,44,29,29,29,51,49,46,28,43,43,34,65,60,60,50,50,49,49,46,52,52,45,45,45,45,39,61,31,64,64,64,64,54,54,46,46,52,52,52,46,46,52,46,68,58,0],"gold":141,"neow_bonus":"RANDOM_COMMON_RELIC","is_prod":false,"is_daily":false,"chose_seed":false,"campfire_upgraded":4,"win_rate":0,"timestamp":1613259632,"path_taken":["M","M","$","?","M","R","E","?","T","R","M","?","E","M","R","BOSS","M","?","?","?","M","R","E","M","T","M","?","?","R","E","R","BOSS","M","?","$","?","?","E","M","?","T","R","M","$","E","M","R","BOSS","BOSS"],"build_version":"2020-12-18","purchased_purges":2,"victory":false,"max_hp_per_floor":[75,75,75,75,75,75,75,75,75,75,75,75,75,75,75,75,75,75,75,75,75,75,75,75,75,75,75,75,75,75,75,75,75,75,75,75,75,75,75,75,75,75,75,75,75,75,75,75,75,75,75],"relic_stats":{"Darkstone Periapt":0,"counters":[27,132],"Shuriken":[32],"Bronze Scales":[165],"Bag of Preparation":[54],"Art of War":[2],"Kunai":[19],"Whetstone":["Pommel Strike","Clothesline"],"War Paint":["Defend_R","Ghostly Armor"],"obtain_stats":[{"Darkstone Periapt":7,"Girya":24,"Bag of Preparation":0,"Whetstone":40,"War Paint":31,"Ancient Tea Set":29,"Burning Blood":0,"Shuriken":9,"Bronze Scales":39,"Mark of Pain":17,"Fusion Hammer":34,"Red Mask":28,"Art of War":47,"Kunai":26,"Meat on the Bone":13},{"Darkstone Periapt":4,"Girya":13,"Bag of Preparation":0,"Whetstone":20,"War Paint":17,"Ancient Tea Set":16,"Burning Blood":0,"Shuriken":4,"Bronze Scales":19,"Mark of Pain":9,"Fusion Hammer":18,"Red Mask":16,"Art of War":24,"Kunai":14,"Meat on the Bone":7},{"Darkstone Periapt":16,"Girya":57,"Bag of Preparation":0,"Whetstone":93,"War Paint":68,"Ancient Tea Set":64,"Burning Blood":0,"Shuriken":16,"Bronze Scales":84,"Mark of Pain":41,"Fusion Hammer":80,"Red Mask":64,"Art of War":113,"Kunai":60,"Meat on the Bone":29}],"Burning Blood":156,"Meat on the Bone":144},"card_choices":[{"not_picked":["Wild Strike","Clash"],"picked":"Cleave","floor":1.0},{"not_picked":["Warcry","Clash"],"picked":"Metallicize","floor":2.0},{"not_picked":["Shrug It Off","Ghostly Armor"],"picked":"Twin Strike","floor":5.0},{"not_picked":["Bloodletting","Flex"],"picked":"Blood for Blood","floor":7.0},{"not_picked":["Sever Soul","Pommel Strike"],"picked":"Clothesline","floor":11.0},{"not_picked":["Evolve","Cleave"],"picked":"Pommel Strike","floor":12.0},{"not_picked":["Metallicize","Iron Wave"],"picked":"Ghostly Armor","floor":13.0},{"not_picked":["Sword Boomerang","True Grit"],"picked":"Offering","floor":14.0},{"not_picked":["Berserk","Limit Break"],"picked":"Immolate","floor":16.0},{"not_picked":["Dropkick","Uppercut"],"picked":"Feel No Pain","floor":18.0},{"not_picked":["True Grit","Rupture"],"picked":"Burning Pact","floor":20},{"not_picked":["Flex","Twin Strike","Sword Boomerang"],"picked":"SKIP","floor":22},{"not_picked":["Headbutt","Armaments"],"picked":"Offering","floor":24},{"not_picked":["Combust","Perfected Strike","True Grit"],"picked":"SKIP","floor":25},{"not_picked":["Uppercut","Clash"],"picked":"Shrug It Off","floor":27},{"not_picked":["Body Slam+1","Iron Wave+1"],"picked":"Pommel Strike+1","floor":28},{"not_picked":["Wild Strike","Perfected Strike","Immolate"],"picked":"SKIP","floor":31},{"not_picked":["Juggernaut","Demon Form"],"picked":"Impervious","floor":33},{"not_picked":["Body Slam+1","Battle Trance"],"picked":"Shrug It Off+1","floor":35},{"not_picked":["PanicButton","Purity"],"picked":"Dark Shackles","floor":38},{"not_picked":["Good Instincts","Impatience"],"picked":"Thinking Ahead","floor":38},{"not_picked":["Dramatic Entrance","Jack Of All Trades"],"picked":"Blind","floor":38},{"not_picked":["Iron Wave","Ghostly Armor"],"picked":"Spot Weakness+1","floor":40},{"not_picked":["Flex+1","Spot Weakness+1","Cleave"],"picked":"SKIP","floor":41},{"not_picked":["Perfected Strike","Ghostly Armor","Pummel"],"picked":"SKIP","floor":42},{"not_picked":["Headbutt+1","Wild Strike+1","Cleave"],"picked":"SKIP","floor":45},{"not_picked":["Havoc+1","Inflame","Pommel Strike"],"picked":"SKIP","floor":47},{"not_picked":["Shrug It Off+1","Dark Embrace"],"picked":"Power Through+1","floor":48}],"player_experience":3320047,"relics_obtained":[{"floor":7.0,"key":"Darkstone Periapt"},{"floor":9.0,"key":"Shuriken"},{"floor":13.0,"key":"Meat on the Bone"},{"floor":24,"key":"Girya"},{"floor":26,"key":"Kunai"},{"floor":28,"key":"Red Mask"},{"floor":31,"key":"War Paint"},{"floor":40,"key":"Whetstone"},{"floor":47,"key":"Art of War"}],"event_choices":[{"damage_healed":0.0,"max_hp_gain":0.0,"max_hp_loss":0.0,"gold_gain":0.0,"event_name":"Shining Light","player_choice":"Entered Light","floor":4.0,"gold_loss":0.0,"damage_taken":23.0,"cards_upgraded":["Strike_R","Cleave"]},{"damage_healed":0.0,"max_hp_gain":0.0,"max_hp_loss":0.0,"gold_gain":0.0,"event_name":"Lab","player_choice":"Got Potions","floor":8.0,"gold_loss":0.0,"damage_taken":0.0},{"damage_healed":0.0,"max_hp_gain":0.0,"max_hp_loss":0.0,"gold_gain":0.0,"cards_transformed":["Strike_R","Strike_R"],"event_name":"Designer","player_choice":"Transformed Cards","floor":19.0,"gold_loss":75.0,"damage_taken":0.0,"cards_obtained":["Juggernaut","Flame Barrier"]},{"damage_healed":0,"gold_gain":0,"player_choice":"Read","damage_taken":0,"max_hp_gain":0,"max_hp_loss":0,"event_name":"The Library","floor":21,"gold_loss":0,"cards_obtained":["Battle Trance"]},{"damage_healed":0,"gold_gain":0,"player_choice":"Fought Bandits","damage_taken":0,"max_hp_gain":0,"max_hp_loss":0,"event_name":"Masked Bandits","floor":28,"gold_loss":0},{"cards_removed":["Twin Strike"],"damage_healed":0,"gold_gain":0,"player_choice":"Removed Attack","damage_taken":0,"max_hp_gain":0,"max_hp_loss":0,"event_name":"Falling","floor":36,"gold_loss":0},{"damage_healed":0,"gold_gain":0,"player_choice":"Memory 3","damage_taken":10,"max_hp_gain":0,"max_hp_loss":0,"event_name":"SensoryStone","floor":38,"gold_loss":0},{"cards_removed":["Blood for Blood"],"damage_healed":0,"gold_gain":0,"player_choice":"Gave Card","damage_taken":0,"relics_obtained":["Bronze Scales"],"max_hp_gain":0,"max_hp_loss":0,"event_name":"WeMeetAgain","floor":39,"gold_loss":0}],"is_beta":true,"boss_relics":[{"not_picked":["Busted Crown","Astrolabe"],"picked":"Mark of Pain"},{"not_picked":["Runic Dome","Runic Cube"],"picked":"Fusion Hammer"}],"items_purged_floors":[29,46],"is_endless":false,"potions_floor_spawned":[1,11,12,13,14,24,25,28,31,41,42,47],"killed_by":"Awakened One","ascension_level":20}