{"gold_per_floor":[212,226,245,19,31,65,65,97,122,122,156,168,215,27,27,27],"floor_reached":16,"playtime":803,"items_purged":[],"score":256,"play_id":"b21293ef-d589-439b-be9a-625ec4185a9e","local_time":"20210214154900","is_ascension_mode":true,"campfire_choices":[{"data":"Perfected Strike","floor":7,"key":"SMITH"},{"data":"Bash","floor":10,"key":"SMITH"},{"data":"Rupture","floor":15,"key":"SMITH"}],"neow_cost":"NONE","seed_source_timestamp":137444016110500,"circlet_count":0,"master_deck":["AscendersBane","Strike_R","Strike_R","Strike_R","Strike_R","Strike_R","Defend_R","Defend_R","Defend_R","Defend_R","Bash+1","Thunderclap","Hemokinesis","Perfected Strike+1","Intimidate","Rupture+1","Combust","Master of Strategy"],"relics":["Burning Blood","Vajra","White Beast Statue","Dream Catcher","Tiny Chest","MawBank","Omamori"],"potions_floor_usage":[6,8,8,11,16,16],"damage_taken":[{"damage":2,"enemies":"Cultist","floor":1,"turns":4},{"damage":9,"enemies":"Small Slimes","floor":2,"turns":4},{"damage":6,"enemies":"Jaw Worm","floor":3,"turns":3},{"damage":12,"enemies":"Looter","floor":5,"turns":3},{"damage":8,"enemies":"Gremlin Nob","floor":6,"turns":3},{"damage":12,"enemies":"3 Sentries","floor":8,"turns":4},{"damage":22,"enemies":"Lagavulin","floor":11,"turns":6},{"damage":8,"enemies":"Gremlin Nob","floor":13,"turns":3},{"damage":38,"enemies":"Hexaghost","floor":16,"turns":6}],"seed_played":"1007197576715868755","potions_obtained":[{"floor":2,"key":"Swift Potion"},{"floor":5,"key":"AttackPotion"},{"floor":6,"key":"SteroidPotion"},{"floor":8,"key":"PowerPotion"},{"floor":11,"key":"ElixirPotion"},{"floor":13,"key":"Fire Potion"}],"is_trial":false,"path_per_floor":["M","M","M","$","M","E","R","E","T","R","E","$","E","$","R","B"],"character_chosen":"IRONCLAD","items_purchased":["Vajra","BlessingOfTheForge","Master of Strategy"],"campfire_rested":0,"item_purchase_floors":[4,4,14],"current_hp_per_floor":[72,69,69,69,63,61,61,55,55,55,39,39,37,37,37,0],"gold":27,"neow_bonus":"HUNDRED_GOLD","is_prod":false,"is_daily":false,"chose_seed":false,"campfire_upgraded":3,"win_rate":0,"timestamp":1613346540,"path_taken":["M","M","M","$","M","E","R","E","T","R","E","?","E","$","R","BOSS"],"build_version":"2020-12-18","purchased_purges":0,"victory":false,"max_hp_per_floor":[75,75,75,75,75,75,75,75,75,75,75,75,75,75,75,75],"relic_stats":{"Dream Catcher":0,"counters":[9,36],"Tiny Chest":0,"MawBank":36,"obtain_stats":[{"Dream Catcher":8,"Vajra":4,"Tiny Chest":9,"Omamori":13,"MawBank":11,"Burning Blood":0,"White Beast Statue":6},{"Dream Catcher":6,"Vajra":3,"Tiny Chest":6,"Omamori":8,"MawBank":7,"Burning Blood":0,"White Beast Statue":5},{"Dream Catcher":21,"Vajra":11,"Tiny Chest":21,"Omamori":30,"MawBank":27,"Burning Blood":0,"White Beast Statue":17}],"Burning Blood":48},"card_choices":[{"not_picked":["Heavy Blade","Clash"],"picked":"Thunderclap","floor":1},{"not_picked":["Headbutt","Thunderclap"],"picked":"Hemokinesis","floor":2},{"not_picked":["Anger","Entrench"],"picked":"Perfected Strike","floor":3},{"not_picked":["True Grit","Clothesline","Corruption"],"picked":"SKIP","floor":5},{"not_picked":["Flame Barrier","Bludgeon","Body Slam"],"picked":"SKIP","floor":6},{"not_picked":["Clothesline","Pommel Strike"],"picked":"Intimidate","floor":8},{"not_picked":["Fire Breathing","Perfected Strike"],"picked":"Rupture","floor":11},{"not_picked":["Anger","Reaper"],"picked":"Combust","floor":13}],"player_experience":3350281,"relics_obtained":[{"floor":6,"key":"White Beast Statue"},{"floor":8,"key":"Dream Catcher"},{"floor":9,"key":"Tiny Chest"},{"floor":11,"key":"MawBank"},{"floor":13,"key":"Omamori"}],"event_choices":[],"is_beta":true,"boss_relics":[],"items_purged_floors":[],"is_endless":false,"potions_floor_spawned":[2,5,6,8,11,13],"killed_by":"Hexaghost","ascension_level":20}