{"gold_per_floor":[111,4,19,19,32,32,66,66,66,66,99,118,159,174,174,270,270,283,283,283,198,213,213],"floor_reached":23,"playtime":1182,"items_purged":[],"score":418,"play_id":"644183ef-93b4-4664-9cdc-9f0641f4c6e3","local_time":"20210217213926","is_ascension_mode":true,"campfire_choices":[{"data":"Blood for Blood","floor":6.0,"key":"SMITH"},{"data":"Armaments","floor":8.0,"key":"SMITH"},{"data":"Clothesline","floor":10.0,"key":"SMITH"},{"data":"Combust","floor":15,"key":"SMITH"}],"neow_cost":"NONE","seed_source_timestamp":417248871151600,"circlet_count":0,"master_deck":["AscendersBane","Strike_R","Strike_R","Strike_R","Strike_R","Strike_R","Defend_R","Defend_R","Defend_R","Defend_R","Bash+1","Clothesline+1","Blood for Blood+1","Armaments+1","Combust+1","Evolve","Offering","Feel No Pain","Pommel Strike"],"special_seed":0,"relics":["Burning Blood","Golden Idol","Pear","Red Skull","Unceasing Top","Smiling Mask","Fusion Hammer","Darkstone Periapt"],"potions_floor_usage":[13,16,22,23],"damage_taken":[{"damage":1.0,"enemies":"Cultist","floor":1.0,"turns":3.0},{"damage":9.0,"enemies":"Jaw Worm","floor":3.0,"turns":4.0},{"damage":9.0,"enemies":"2 Louse","floor":5.0,"turns":4.0},{"damage":13.0,"enemies":"3 Sentries","floor":7.0,"turns":11.0},{"damage":22,"enemies":"Gremlin Nob","floor":11,"turns":4},{"damage":10,"enemies":"Looter","floor":12,"turns":4},{"damage":12,"enemies":"Lagavulin","floor":13,"turns":7},{"damage":19,"enemies":"3 Louse","floor":14,"turns":2},{"damage":22,"enemies":"Hexaghost","floor":16,"turns":6},{"damage":24,"enemies":"Chosen","floor":18,"turns":4},{"damage":23,"enemies":"Spheric Guardian","floor":22,"turns":4},{"damage":30,"enemies":"Slavers","floor":23,"turns":2}],"seed_played":"2126384807442452940","potions_obtained":[{"floor":5.0,"key":"LiquidMemories"},{"floor":7.0,"key":"SkillPotion"},{"floor":13,"key":"PowerPotion"},{"floor":16,"key":"SpeedPotion"},{"floor":22,"key":"ElixirPotion"}],"is_trial":false,"path_per_floor":["M","$","M","?","M","R","E","R","T","R","E","M","E","M","R","B",null,"M","?","?","?","M","E"],"character_chosen":"IRONCLAD","items_purchased":["HeartOfIron"],"campfire_rested":0,"item_purchase_floors":[2],"current_hp_per_floor":[73,73,70,68,65,65,68,68,68,68,52,48,42,29,29,13,62,44,44,44,44,27,0],"gold":213,"neow_bonus":"UPGRADE_CARD","is_prod":false,"is_daily":false,"chose_seed":false,"campfire_upgraded":4,"win_rate":0,"timestamp":1613626766,"path_taken":["M","$","M","?","M","R","E","R","T","R","E","M","E","M","R","BOSS","M","?","?","?","M","E"],"build_version":"2020-12-18","purchased_purges":0,"victory":false,"max_hp_per_floor":[75,75,75,68,68,68,78,78,78,78,78,78,78,78,78,78,78,78,78,78,78,78,78],"relic_stats":{"Darkstone Periapt":0,"counters":[12,55],"Golden Idol":57,"Smiling Mask":0,"obtain_stats":[{"Darkstone Periapt":21,"Pear":7,"Golden Idol":4,"Fusion Hammer":17,"Smiling Mask":13,"Burning Blood":0,"Red Skull":9,"Unceasing Top":11},{"Darkstone Periapt":10,"Pear":4,"Golden Idol":2,"Fusion Hammer":9,"Smiling Mask":7,"Burning Blood":0,"Red Skull":4,"Unceasing Top":5},{"Darkstone Periapt":49,"Pear":22,"Golden Idol":7,"Fusion Hammer":45,"Smiling Mask":37,"Burning Blood":0,"Red Skull":22,"Unceasing Top":26}],"Burning Blood":66,"Unceasing Top":[0]},"card_choices":[{"not_picked":["Ghostly Armor","Power Through"],"picked":"Clothesline","floor":1.0},{"not_picked":["Disarm","Shrug It Off"],"picked":"Blood for Blood","floor":3.0},{"not_picked":["Wild Strike","Thunderclap","Body Slam"],"picked":"SKIP","floor":5.0},{"not_picked":["Thunderclap","Pommel Strike"],"picked":"Armaments","floor":7.0},{"not_picked":["Armaments","Exhume"],"picked":"Combust","floor":11},{"not_picked":["Body Slam","Twin Strike","Dual Wield"],"picked":"SKIP","floor":12},{"not_picked":["Second Wind","Cleave"],"picked":"Evolve","floor":13},{"not_picked":["Armaments","Thunderclap","Burning Pact"],"picked":"SKIP","floor":14},{"not_picked":["Impervious","Berserk"],"picked":"Offering","floor":16},{"not_picked":["Fire Breathing","Inflame","Havoc"],"picked":"SKIP","floor":18},{"not_picked":["Bloodletting","Wild Strike+1"],"picked":"Pommel Strike","floor":22}],"player_experience":3393005,"relics_obtained":[{"floor":7.0,"key":"Pear"},{"floor":9.0,"key":"Red Skull"},{"floor":11,"key":"Unceasing Top"},{"floor":13,"key":"Smiling Mask"}],"event_choices":[{"damage_healed":0.0,"max_hp_gain":0.0,"max_hp_loss":7.0,"gold_gain":0.0,"event_name":"Golden Idol","player_choice":"Lose Max HP","floor":4.0,"gold_loss":0.0,"damage_taken":0.0,"relics_obtained":["Golden Idol"]},{"damage_healed":0,"gold_gain":0,"player_choice":"Read","damage_taken":0,"max_hp_gain":0,"max_hp_loss":0,"event_name":"The Library","floor":19,"gold_loss":0,"cards_obtained":["Feel No Pain"]},{"damage_healed":0,"gold_gain":0,"player_choice":"Ignored","damage_taken":0,"max_hp_gain":0,"max_hp_loss":0,"event_name":"The Mausoleum","floor":20,"gold_loss":0},{"damage_healed":0,"gold_gain":0,"player_choice":"Obtained Relic","damage_taken":0,"relics_obtained":["Darkstone Periapt"],"max_hp_gain":0,"max_hp_loss":0,"event_name":"Addict","floor":21,"gold_loss":85}],"is_beta":true,"boss_relics":[{"not_picked":["Empty Cage","Black Star"],"picked":"Fusion Hammer"}],"items_purged_floors":[],"is_endless":false,"potions_floor_spawned":[5,7,12,13,16,22],"killed_by":"Slavers","ascension_level":20}