{"gold_per_floor":[118,128,203,203,218,218,231,242,242,242,242,242,282,306,306,396,396,415,152,170,170,6,49,49,82,136,136],"floor_reached":27,"playtime":1439,"items_purged":["Strike_R"],"score":502,"play_id":"48cb5005-1a51-4d45-8724-88c264576d8b","local_time":"20210211235442","is_ascension_mode":true,"campfire_choices":[{"data":"Twin Strike","floor":6,"key":"SMITH"},{"data":"Flame Barrier","floor":12,"key":"SMITH"},{"data":"Bash","floor":15,"key":"SMITH"},{"data":"Reaper","floor":24,"key":"SMITH"}],"neow_cost":"NONE","seed_source_timestamp":81129969174400,"circlet_count":0,"master_deck":["AscendersBane","Strike_R","Strike_R","Strike_R","Defend_R","Defend_R","Defend_R","Defend_R","Bash+1","Twin Strike+1","Thunderclap","Headbutt","Combust+1","Flame Barrier+1","Reaper+1","Shrug It Off","Feed","Cleave+1","Shrug It Off"],"relics":["Burning Blood","Lantern","Gremlin Horn","Golden Idol","Omamori","SacredBark","Sling","Red Skull","WingedGreaves","Potion Belt","Bag of Preparation"],"potions_floor_usage":[13,23,25,27],"damage_taken":[{"damage":0,"enemies":"Small Slimes","floor":1,"turns":2},{"damage":7,"enemies":"Cultist","floor":2,"turns":4},{"damage":1,"enemies":"2 Louse","floor":5,"turns":2},{"damage":11,"enemies":"Blue Slaver","floor":7,"turns":3},{"damage":2,"enemies":"Looter","floor":8,"turns":3},{"damage":6,"enemies":"Gremlin Nob","floor":13,"turns":3},{"damage":18,"enemies":"Exordium Thugs","floor":14,"turns":5},{"damage":35,"enemies":"The Guardian","floor":16,"turns":13},{"damage":18,"enemies":"Chosen","floor":18,"turns":7},{"damage":14,"enemies":"Spheric Guardian","floor":20,"turns":5},{"damage":31,"enemies":"Gremlin Leader","floor":23,"turns":6},{"damage":77,"enemies":"Book of Stabbing","floor":25,"turns":7},{"damage":33,"enemies":"Snecko","floor":27,"turns":6}],"seed_played":"-5631918170130670833","potions_obtained":[{"floor":7,"key":"LiquidBronze"},{"floor":8,"key":"SteroidPotion"},{"floor":13,"key":"DuplicationPotion"},{"floor":21,"key":"Regen Potion"},{"floor":25,"key":"EssenceOfSteel"}],"is_trial":false,"path_per_floor":["M","M","?","?","M","R","M","M","T","?","?","R","E","M","R","B",null,"M","$","M","?","$","E","R","E","T","M"],"character_chosen":"IRONCLAD","items_purchased":["Sling","Shrug It Off","Red Skull"],"campfire_rested":0,"item_purchase_floors":[19,19,22],"current_hp_per_floor":[74,73,62,62,67,67,62,66,66,66,40,40,40,40,40,17,61,56,56,51,51,51,81,81,13,13,0],"gold":136,"neow_bonus":"RANDOM_COMMON_RELIC","is_prod":false,"is_daily":false,"chose_seed":false,"campfire_upgraded":4,"win_rate":0,"timestamp":1613116482,"path_taken":["M","M","?","?","M","R","?","M","T","?","?","R","E","M","R","BOSS","M","$","M","?","?","E","R","E","T","?"],"build_version":"2020-12-18","purchased_purges":1,"victory":false,"max_hp_per_floor":[75,75,75,75,75,75,75,75,75,75,75,75,75,75,75,75,75,78,78,81,81,81,81,81,84,84,84],"relic_stats":{"Gremlin Horn":[7,7],"counters":[13,66],"Golden Idol":55,"Bag of Preparation":[2],"obtain_stats":[{"Potion Belt":25,"Lantern":0,"Gremlin Horn":9,"Golden Idol":11,"SacredBark":17,"WingedGreaves":23,"Omamori":13,"Bag of Preparation":26,"Sling":19,"Burning Blood":0,"Red Skull":22},{"Potion Belt":12,"Lantern":0,"Gremlin Horn":5,"Golden Idol":5,"SacredBark":8,"WingedGreaves":11,"Omamori":6,"Bag of Preparation":12,"Sling":9,"Burning Blood":0,"Red Skull":10},{"Potion Belt":60,"Lantern":0,"Gremlin Horn":14,"Golden Idol":14,"SacredBark":35,"WingedGreaves":53,"Omamori":17,"Bag of Preparation":60,"Sling":42,"Burning Blood":0,"Red Skull":47}],"Burning Blood":66},"card_choices":[{"not_picked":["Sword Boomerang","Wild Strike"],"picked":"Twin Strike","floor":1},{"not_picked":["Wild Strike","Body Slam"],"picked":"Thunderclap","floor":2},{"not_picked":["Body Slam","Heavy Blade"],"picked":"Headbutt","floor":5},{"not_picked":["Second Wind","Sword Boomerang"],"picked":"Combust","floor":7},{"not_picked":["Shockwave","Infernal Blade"],"picked":"Flame Barrier","floor":8},{"not_picked":["Armaments","Cleave"],"picked":"Reaper","floor":13},{"not_picked":["Wild Strike","Anger"],"picked":"Shrug It Off","floor":14},{"not_picked":["Impervious","Limit Break"],"picked":"Feed","floor":16},{"not_picked":["Hemokinesis","Sword Boomerang"],"picked":"Cleave+1","floor":18},{"not_picked":["Cleave","Entrench+1","Burning Pact"],"picked":"SKIP","floor":20},{"not_picked":["Sentinel+1","Warcry","Power Through"],"picked":"SKIP","floor":23},{"not_picked":["Whirlwind","Reckless Charge","Clash"],"picked":"SKIP","floor":25}],"player_experience":3296525,"relics_obtained":[{"floor":9,"key":"Gremlin Horn"},{"floor":13,"key":"Omamori"},{"floor":23,"key":"WingedGreaves"},{"floor":25,"key":"Potion Belt"},{"floor":26,"key":"Bag of Preparation"}],"event_choices":[{"damage_healed":0,"gold_gain":75,"player_choice":"Gather Gold","damage_taken":11,"max_hp_gain":0,"max_hp_loss":0,"event_name":"World of Goop","floor":3,"gold_loss":0},{"cards_removed":["Strike_R"],"damage_healed":0,"gold_gain":0,"player_choice":"Purged","damage_taken":0,"max_hp_gain":0,"max_hp_loss":0,"event_name":"Purifier","floor":4,"gold_loss":0},{"damage_healed":0,"gold_gain":0,"player_choice":"Grow","damage_taken":0,"max_hp_gain":0,"max_hp_loss":0,"event_name":"Living Wall","floor":10,"gold_loss":0,"cards_upgraded":["Combust"]},{"damage_healed":0,"gold_gain":0,"player_choice":"Take Damage","damage_taken":26,"relics_obtained":["Golden Idol"],"max_hp_gain":0,"max_hp_loss":0,"event_name":"Golden Idol","floor":11,"gold_loss":0},{"damage_healed":0,"gold_gain":0,"player_choice":"Got Potions","damage_taken":0,"max_hp_gain":0,"max_hp_loss":0,"event_name":"Lab","floor":21,"gold_loss":0}],"is_beta":true,"boss_relics":[{"not_picked":["Empty Cage","Busted Crown"],"picked":"SacredBark"}],"items_purged_floors":[19],"is_endless":false,"potions_floor_spawned":[7,8,13,16,20,25],"killed_by":"Snecko","ascension_level":20}