{"gold_per_floor":[410,410,80,95,105,105,120,120,120,120,149,167,194,205,205,280,280,300,314,229,229,229,229,229,229,229,229,258,268,16,51,51,125,125,144,144,158,176,189,189],"floor_reached":40,"playtime":2919,"items_purged":["Strike_R"],"score":1022,"play_id":"3beef0bd-5fa3-4e27-91c4-7864fa0b245d","local_time":"20210218173726","is_ascension_mode":true,"campfire_choices":[{"data":"Carnage","floor":6.0,"key":"SMITH"},{"data":"Combust","floor":8.0,"key":"SMITH"},{"data":"Armaments","floor":15.0,"key":"SMITH"},{"data":"Shockwave","floor":24,"key":"SMITH"},{"floor":32,"key":"REST"}],"neow_cost":"PERCENT_DAMAGE","seed_source_timestamp":487407563179700,"circlet_count":0,"master_deck":["AscendersBane","Strike_R","Defend_R","Defend_R","Defend_R","Bash","Shrug It Off","Combust+1","Carnage+1","True Grit","Armaments+1","Juggernaut","Shockwave+1","Berserk","Twin Strike+1","Pummel+1","Impervious+1","Intimidate","Impervious+1","Body Slam","Rupture","Offering","Flame Barrier+1","Disarm+1"],"special_seed":0,"relics":["Burning Blood","Old Coin","FossilizedHelix","Bag of Marbles","Tiny Chest","Smiling Mask","Strawberry","Astrolabe","Self Forming Clay","Mercury Hourglass","InkBottle","Kunai","PreservedInsect","Meat on the Bone","Snecko Eye"],"potions_floor_usage":[31,40],"damage_taken":[{"damage":6.0,"enemies":"Cultist","floor":1.0,"turns":3.0},{"damage":0.0,"enemies":"Jaw Worm","floor":4.0,"turns":4.0},{"damage":0.0,"enemies":"2 Louse","floor":5.0,"turns":3.0},{"damage":0.0,"enemies":"Large Slime","floor":7.0,"turns":3.0},{"damage":30.0,"enemies":"Gremlin Nob","floor":11.0,"turns":5.0},{"damage":1.0,"enemies":"3 Louse","floor":12.0,"turns":3.0},{"damage":10.0,"enemies":"3 Sentries","floor":13.0,"turns":5.0},{"damage":7.0,"enemies":"Lots of Slimes","floor":14.0,"turns":2.0},{"damage":4,"enemies":"Slime Boss","floor":16,"turns":7},{"damage":11,"enemies":"Shell Parasite","floor":18,"turns":4},{"damage":19,"enemies":"3 Byrds","floor":19,"turns":5},{"damage":31,"enemies":"Gremlin Leader","floor":28,"turns":7},{"damage":2,"enemies":"Snecko","floor":29,"turns":4},{"damage":24,"enemies":"Slavers","floor":31,"turns":4},{"damage":17,"enemies":"Champ","floor":33,"turns":13},{"damage":16,"enemies":"3 Shapes","floor":35,"turns":9},{"damage":2,"enemies":"Orb Walker","floor":37,"turns":2},{"damage":14,"enemies":"Writhing Mass","floor":38,"turns":4},{"damage":13,"enemies":"Spire Growth","floor":39,"turns":4},{"damage":55,"enemies":"Giant Head","floor":40,"turns":9}],"seed_played":"-4059336606383832488","potions_obtained":[{"floor":7.0,"key":"SpeedPotion"},{"floor":11.0,"key":"SteroidPotion"},{"floor":12.0,"key":"Swift Potion"},{"floor":16,"key":"DuplicationPotion"}],"is_trial":false,"path_per_floor":["M","T","$","M","M","R","M","R","T","?","E","M","E","M","R","B",null,"M","M","?","T","?","?","R","?","T","T","E","M","$","E","R","B",null,"M","?","M","M","M","E"],"character_chosen":"IRONCLAD","items_purchased":["Combust","Bag of Marbles","Rupture","PreservedInsect"],"campfire_rested":1,"item_purchase_floors":[3,3,30,30],"current_hp_per_floor":[50,50,50,56,62,62,68,68,68,57,33,38,41,40,40,42,72,67,54,54,54,54,70,70,70,70,70,45,49,49,31,55,56,76,66,66,70,62,55,0],"gold":189,"neow_bonus":"ONE_RARE_RELIC","is_prod":false,"is_daily":false,"chose_seed":false,"campfire_upgraded":4,"win_rate":0,"timestamp":1613698646,"path_taken":["M","?","$","M","M","R","M","R","T","?","E","?","E","M","R","BOSS","M","M","?","?","?","?","R","?","T","?","E","?","$","E","R","BOSS","M","?","M","M","M","E"],"build_version":"2020-12-18","purchased_purges":1,"victory":false,"max_hp_per_floor":[75,75,75,75,75,75,75,75,75,75,75,75,82,82,82,82,82,82,82,82,82,82,82,82,82,82,82,82,82,82,82,82,82,82,82,82,82,82,82,82],"relic_stats":{"counters":[20,100],"Self Forming Clay":[117],"Astrolabe":["Twin Strike","Pummel","Impervious"],"PreservedInsect":170,"Smiling Mask":0,"Burning Blood":114,"Mercury Hourglass":[199],"Snecko Eye":[50,67,46,54],"Tiny Chest":2,"Kunai":[1],"obtain_stats":[{"Self Forming Clay":20,"Astrolabe":17,"PreservedInsect":30,"Smiling Mask":11,"Burning Blood":0,"Old Coin":0,"Mercury Hourglass":21,"Strawberry":13,"Snecko Eye":34,"Tiny Chest":9,"Bag of Marbles":3,"Kunai":28,"FossilizedHelix":2,"InkBottle":26,"Meat on the Bone":31},{"Self Forming Clay":11,"Astrolabe":9,"PreservedInsect":13,"Smiling Mask":5,"Burning Blood":0,"Old Coin":0,"Mercury Hourglass":11,"Strawberry":7,"Snecko Eye":15,"Tiny Chest":4,"Bag of Marbles":1,"Kunai":12,"FossilizedHelix":1,"InkBottle":11,"Meat on the Bone":14},{"Self Forming Clay":44,"Astrolabe":35,"PreservedInsect":55,"Smiling Mask":18,"Burning Blood":0,"Old Coin":0,"Mercury Hourglass":44,"Strawberry":26,"Snecko Eye":72,"Tiny Chest":13,"Bag of Marbles":3,"Kunai":51,"FossilizedHelix":3,"InkBottle":44,"Meat on the Bone":59}],"InkBottle":[17],"Meat on the Bone":12},"card_choices":[{"not_picked":["Body Slam","Metallicize"],"picked":"Shrug It Off","floor":1.0},{"not_picked":["Thunderclap","Uppercut"],"picked":"Carnage","floor":4.0},{"not_picked":["Twin Strike","Heavy Blade"],"picked":"True Grit","floor":5.0},{"not_picked":["Reckless Charge","Burning Pact","Cleave"],"picked":"SKIP","floor":7.0},{"not_picked":["Seeing Red","Pummel"],"picked":"Armaments","floor":11.0},{"not_picked":["Sword Boomerang","Perfected Strike","Flex"],"picked":"SKIP","floor":12.0},{"not_picked":["Cleave","Twin Strike"],"picked":"Juggernaut","floor":13.0},{"not_picked":["Inflame","Burning Pact"],"picked":"Shockwave","floor":14.0},{"not_picked":["Brutality","Demon Form"],"picked":"Berserk","floor":16},{"not_picked":["Cleave","Carnage"],"picked":"Intimidate","floor":18},{"not_picked":["Intimidate","Perfected Strike","Cleave"],"picked":"SKIP","floor":19},{"not_picked":["Anger","Searing Blow"],"picked":"Body Slam","floor":28},{"not_picked":["Intimidate+1","True Grit","Dark Embrace"],"picked":"SKIP","floor":29},{"not_picked":["Sword Boomerang","True Grit","Anger"],"picked":"SKIP","floor":31},{"not_picked":["Berserk","Bludgeon"],"picked":"Offering","floor":33},{"not_picked":["Armaments","Twin Strike"],"picked":"Flame Barrier+1","floor":35},{"not_picked":["Iron Wave","Armaments"],"picked":"Disarm+1","floor":37},{"not_picked":["Anger","Headbutt+1","Flex"],"picked":"SKIP","floor":38},{"not_picked":["Second Wind+1","Blood for Blood","Wild Strike+1"],"picked":"SKIP","floor":39}],"player_experience":3399313,"relics_obtained":[{"floor":2.0,"key":"FossilizedHelix"},{"floor":9.0,"key":"Tiny Chest"},{"floor":11.0,"key":"Smiling Mask"},{"floor":13.0,"key":"Strawberry"},{"floor":21,"key":"Mercury Hourglass"},{"floor":26,"key":"InkBottle"},{"floor":28,"key":"Kunai"},{"floor":31,"key":"Meat on the Bone"}],"event_choices":[{"damage_healed":0.0,"max_hp_gain":0.0,"max_hp_loss":0.0,"gold_gain":0.0,"event_name":"Wheel of Change","player_choice":"Damaged","floor":10.0,"gold_loss":0.0,"damage_taken":11.0},{"damage_healed":0,"gold_gain":0,"player_choice":"Obtained Relic","damage_taken":0,"relics_obtained":["Self Forming Clay"],"max_hp_gain":0,"max_hp_loss":0,"event_name":"Addict","floor":20,"gold_loss":85},{"damage_healed":0,"gold_gain":0,"player_choice":"Ignored","damage_taken":0,"max_hp_gain":0,"max_hp_loss":0,"event_name":"Beggar","floor":22,"gold_loss":0},{"damage_healed":16,"gold_gain":0,"player_choice":"Heal","damage_taken":0,"max_hp_gain":0,"max_hp_loss":0,"event_name":"The Library","floor":23,"gold_loss":0},{"damage_healed":0,"gold_gain":0,"player_choice":"Copied","damage_taken":0,"max_hp_gain":0,"max_hp_loss":0,"event_name":"Duplicator","floor":25,"gold_loss":0,"cards_obtained":["Impervious"]},{"cards_removed":["Strike_R"],"damage_healed":0,"gold_gain":0,"player_choice":"Removed Attack","damage_taken":0,"max_hp_gain":0,"max_hp_loss":0,"event_name":"Falling","floor":36,"gold_loss":0}],"is_beta":true,"boss_relics":[{"not_picked":["Busted Crown","Mark of Pain"],"picked":"Astrolabe"},{"not_picked":["Velvet Choker","Runic Pyramid"],"picked":"Snecko Eye"}],"items_purged_floors":[3],"is_endless":false,"potions_floor_spawned":[7,11,12,14,16,18,19],"killed_by":"Giant Head","ascension_level":20}