{"gold_per_floor":[112,112,122,197,29,64,64,91,118,20,20,20,49,69,69,143,143,159,159,178,178,9,9],"floor_reached":23,"playtime":1247,"items_purged":["Strike_R"],"score":460,"play_id":"b4165df4-1e55-4303-b5f1-67c332aa1052","local_time":"20210214153441","is_ascension_mode":true,"campfire_choices":[{"data":"Bash","floor":7.0,"key":"SMITH"},{"data":"Disarm","floor":12,"key":"SMITH"},{"data":"Spot Weakness","floor":15,"key":"SMITH"}],"neow_cost":"NONE","seed_source_timestamp":136023669353200,"circlet_count":0,"master_deck":["AscendersBane","Strike_R","Strike_R","Strike_R","Strike_R","Defend_R","Defend_R","Defend_R","Defend_R","Bash+1","Twin Strike","Evolve","Disarm+1","Fiend Fire+1","Dark Shackles","Spot Weakness+1","Twin Strike","Limit Break","Cleave"],"special_seed":0,"relics":["Burning Blood","NeowsBlessing","Tiny Chest","Calipers","Happy Flower","Lantern","Runic Pyramid","Singing Bowl","PreservedInsect"],"potions_floor_usage":[8,13,23],"damage_taken":[{"damage":0.0,"enemies":"2 Louse","floor":1.0,"turns":1.0},{"damage":0.0,"enemies":"Jaw Worm","floor":3.0,"turns":1.0},{"damage":0.0,"enemies":"Lagavulin","floor":6.0,"turns":1.0},{"damage":31,"enemies":"Gremlin Nob","floor":8,"turns":4},{"damage":10,"enemies":"Lagavulin","floor":13,"turns":6},{"damage":0,"enemies":"Cultist","floor":14,"turns":3},{"damage":5,"enemies":"The Guardian","floor":16,"turns":9},{"damage":21,"enemies":"Shell Parasite","floor":18,"turns":4},{"damage":27,"enemies":"2 Thieves","floor":20,"turns":4},{"damage":39,"enemies":"Slavers","floor":23,"turns":3}],"seed_played":"-5416067142097779910","potions_obtained":[{"floor":1.0,"key":"LiquidBronze"},{"floor":8,"key":"Swift Potion"},{"floor":13,"key":"Energy Potion"},{"floor":20,"key":"PowerPotion"}],"is_trial":false,"path_per_floor":["M","?","M","?","$","E","R","E","T","$","?","R","E","M","R","B",null,"M","?","M","T","$","E"],"character_chosen":"IRONCLAD","items_purchased":["BlessingOfTheForge","Evolve","Dark Shackles","PreservedInsect"],"campfire_rested":0,"item_purchase_floors":[5,5,10,22],"current_hp_per_floor":[74,79,80,69,69,75,75,50,50,50,50,50,46,52,52,53,73,58,58,37,37,37,0],"gold":9,"neow_bonus":"THREE_ENEMY_KILL","is_prod":false,"is_daily":false,"chose_seed":false,"campfire_upgraded":3,"win_rate":0,"timestamp":1613345681,"path_taken":["M","?","M","?","$","E","R","E","T","?","?","R","E","M","R","BOSS","M","?","M","?","$","E"],"build_version":"2020-12-18","purchased_purges":1,"victory":false,"max_hp_per_floor":[75,80,80,80,80,80,80,80,80,80,80,80,80,80,80,80,80,80,80,80,80,80,80],"relic_stats":{"Happy Flower":[9],"Singing Bowl":0,"counters":[10,36],"Tiny Chest":1,"PreservedInsect":41,"obtain_stats":[{"Lantern":13,"Calipers":8,"NeowsBlessing":0,"Happy Flower":9,"Singing Bowl":21,"Tiny Chest":6,"PreservedInsect":22,"Burning Blood":0,"Runic Pyramid":17},{"Lantern":5,"Calipers":4,"NeowsBlessing":0,"Happy Flower":4,"Singing Bowl":9,"Tiny Chest":3,"PreservedInsect":9,"Burning Blood":0,"Runic Pyramid":7},{"Lantern":13,"Calipers":7,"NeowsBlessing":0,"Happy Flower":7,"Singing Bowl":33,"Tiny Chest":3,"PreservedInsect":33,"Burning Blood":0,"Runic Pyramid":25}],"Burning Blood":49},"card_choices":[{"not_picked":["Flex","Sword Boomerang"],"picked":"Twin Strike","floor":1.0},{"not_picked":["Seeing Red","Sever Soul","Dropkick"],"picked":"SKIP","floor":3.0},{"not_picked":["Clothesline","Berserk"],"picked":"Disarm","floor":6.0},{"not_picked":["Battle Trance","Shockwave"],"picked":"Fiend Fire","floor":8},{"not_picked":["Body Slam","Flex"],"picked":"Spot Weakness","floor":13},{"not_picked":["Blood for Blood","Evolve"],"picked":"Twin Strike","floor":14},{"not_picked":["Double Tap","Bludgeon"],"picked":"Limit Break","floor":16},{"not_picked":["Perfected Strike","Bloodletting"],"picked":"Cleave","floor":18},{"not_picked":["Dual Wield","Armaments","Wild Strike+1"],"picked":"SKIP","floor":20}],"player_experience":3349034,"relics_obtained":[{"floor":6.0,"key":"Tiny Chest"},{"floor":8,"key":"Calipers"},{"floor":9,"key":"Happy Flower"},{"floor":13,"key":"Lantern"},{"floor":21,"key":"Singing Bowl"}],"event_choices":[{"damage_healed":0.0,"max_hp_gain":5.0,"max_hp_loss":0.0,"gold_gain":0.0,"event_name":"Big Fish","player_choice":"Donut","floor":2.0,"gold_loss":0.0,"damage_taken":0.0},{"damage_healed":0.0,"max_hp_gain":0.0,"max_hp_loss":0.0,"gold_gain":75.0,"event_name":"World of Goop","player_choice":"Gather Gold","floor":4.0,"gold_loss":0.0,"damage_taken":11.0},{"damage_healed":0,"gold_gain":0,"player_choice":"Upgraded","damage_taken":0,"max_hp_gain":0,"max_hp_loss":0,"event_name":"Upgrade Shrine","floor":11,"gold_loss":0,"cards_upgraded":["Fiend Fire"]},{"damage_healed":0,"gold_gain":0,"player_choice":"Ignored","damage_taken":0,"max_hp_gain":0,"max_hp_loss":0,"event_name":"The Mausoleum","floor":19,"gold_loss":0}],"is_beta":true,"boss_relics":[{"not_picked":["Fusion Hammer","Ectoplasm"],"picked":"Runic Pyramid"}],"items_purged_floors":[5],"is_endless":false,"potions_floor_spawned":[1,8,13,14,20],"killed_by":"Slavers","ascension_level":20}