{"gold_per_floor":[109,119,130,25,36,36,71,91,138,163,163,163,5,19,19,91,91,108,108,125,125,142,142,170,170,170,170,200,200,230,242,242,316,316,326,376,387,400,400,435,435,54,54,54,85,101,126,141,141,141,141,141,141,31,60,60],"floor_reached":57,"playtime":4520,"items_purged":["Bite"],"score":2785,"play_id":"71e6ce0a-5f33-4a5c-8d50-2f97a0035353","local_time":"20210216215552","is_ascension_mode":true,"campfire_choices":[{"data":"Perfected Strike","floor":6,"key":"SMITH"},{"data":"Shockwave","floor":12,"key":"SMITH"},{"data":"Fire Breathing","floor":15,"key":"SMITH"},{"data":"Fiend Fire","floor":23,"key":"SMITH"},{"data":"Feed","floor":25,"key":"SMITH"},{"data":"Immolate","floor":32,"key":"SMITH"},{"floor":41,"key":"RECALL"},{"data":"Evolve","floor":49,"key":"SMITH"},{"data":"True Grit","floor":53,"key":"SMITH"}],"neow_cost":"NONE","seed_source_timestamp":328357787505900,"circlet_count":0,"master_deck":["AscendersBane","Defend_R+1","Defend_R+1","Defend_R+1","Defend_R+1","Bash","Fire Breathing+1","Wild Strike","Shockwave+1","Perfected Strike+1","Shrug It Off+1","Fiend Fire+1","Uppercut","Bite","Bite","Bite","Bite","Armaments+1","Immolate+1","Dark Embrace","Offering","Feel No Pain+1","Barricade","Dark Shackles","True Grit+1","Body Slam","Evolve+1","Burning Pact+1"],"relics":["Burning Blood","Regal Pillow","Anchor","Vajra","Pantograph","Bronze Scales","Snecko Eye","Nilry\u0027s Codex","War Paint","White Beast Statue","Letter Opener","SlaversCollar","Ancient Tea Set","Lantern","Shuriken","MealTicket","CaptainsWheel","Eternal Feather"],"potions_floor_usage":[7,24,24,33,35,37,37,40,51,51,55,55,56,56],"damage_taken":[{"damage":6,"enemies":"Cultist","floor":1,"turns":3},{"damage":9,"enemies":"Jaw Worm","floor":2,"turns":5},{"damage":10,"enemies":"2 Louse","floor":3,"turns":3},{"damage":11,"enemies":"Looter","floor":5,"turns":3},{"damage":32,"enemies":"Gremlin Nob","floor":7,"turns":4},{"damage":2,"enemies":"3 Louse","floor":8,"turns":4},{"damage":2,"enemies":"3 Sentries","floor":10,"turns":5},{"damage":17,"enemies":"Exordium Thugs","floor":14,"turns":5},{"damage":31,"enemies":"Hexaghost","floor":16,"turns":9},{"damage":21,"enemies":"Shell Parasite","floor":18,"turns":5},{"damage":0,"enemies":"3 Byrds","floor":20,"turns":3},{"damage":9,"enemies":"3 Cultists","floor":22,"turns":4},{"damage":13,"enemies":"Gremlin Leader","floor":24,"turns":5},{"damage":16,"enemies":"Book of Stabbing","floor":28,"turns":5},{"damage":13,"enemies":"Slavers","floor":30,"turns":4},{"damage":0,"enemies":"Shelled Parasite and Fungi","floor":31,"turns":3},{"damage":78,"enemies":"Automaton","floor":33,"turns":11},{"damage":12,"enemies":"3 Shapes","floor":35,"turns":5},{"damage":16,"enemies":"3 Darklings","floor":37,"turns":4},{"damage":19,"enemies":"Sphere and 2 Shapes","floor":38,"turns":4},{"damage":40,"enemies":"Nemesis","floor":40,"turns":7},{"damage":6,"enemies":"Reptomancer","floor":45,"turns":5},{"damage":26,"enemies":"Transient","floor":46,"turns":6},{"damage":6,"enemies":"Mind Bloom Boss Battle","floor":47,"turns":4},{"damage":6,"enemies":"Jaw Worm Horde","floor":48,"turns":2},{"damage":10,"enemies":"Time Eater","floor":50,"turns":11},{"damage":8,"enemies":"Awakened One","floor":51,"turns":13},{"damage":8,"enemies":"Shield and Spear","floor":55,"turns":5},{"damage":81,"enemies":"The Heart","floor":56,"turns":9}],"seed_played":"-3921199175559311850","potions_obtained":[{"floor":1,"key":"ElixirPotion"},{"floor":16,"key":"Fire Potion"},{"floor":20,"key":"Energy Potion"},{"floor":22,"key":"HeartOfIron"},{"floor":24,"key":"Ancient Potion"},{"floor":30,"key":"Weak Potion"},{"floor":31,"key":"LiquidMemories"},{"floor":33,"key":"EssenceOfSteel"},{"floor":35,"key":"Block Potion"},{"floor":37,"key":"Dexterity Potion"},{"floor":38,"key":"Explosive Potion"},{"floor":40,"key":"SteroidPotion"},{"floor":45,"key":"SkillPotion"},{"floor":46,"key":"SneckoOil"},{"floor":55,"key":"BloodPotion"}],"is_trial":false,"path_per_floor":["M","M","M","$","M","R","E","M","T","E","?","R","$","M","R","B",null,"M","?","M","?","M","R","E","R","T","?","E","?","E","M","R","B",null,"M","?","M","M","?","E","R","$","T","$","E","M","?","M","R","B","B",null,"R","$","E","B",null],"character_chosen":"IRONCLAD","items_purchased":["BlessingOfTheForge","Perfected Strike","Bronze Scales","Dark Shackles","Lantern","True Grit","EntropicBrew"],"campfire_rested":0,"item_purchase_floors":[4,4,13,42,42,42,54],"current_hp_per_floor":[68,65,61,61,56,56,30,37,37,44,20,20,20,12,12,12,66,54,54,63,42,50,50,58,58,58,58,55,55,56,68,68,30,65,71,71,67,66,66,55,55,55,55,55,68,63,81,81,81,81,81,81,81,81,81,38],"gold":60,"neow_bonus":"RANDOM_COMMON_RELIC","is_prod":false,"is_daily":false,"chose_seed":false,"campfire_upgraded":8,"win_rate":0,"timestamp":1613541352,"path_taken":["M","M","?","$","M","R","E","?","T","E","?","R","$","M","R","BOSS","M","?","M","?","M","R","E","R","T","?","E","?","E","M","R","BOSS","M","?","?","M","?","E","R","$","T","?","E","M","?","M","R","BOSS","BOSS","R","$","E","BOSS"],"build_version":"2020-12-18","purchased_purges":1,"victory":true,"max_hp_per_floor":[75,75,75,75,75,75,75,78,78,81,81,81,81,84,84,84,84,87,60,63,63,66,66,69,69,69,69,69,69,73,77,77,77,77,81,81,81,81,81,81,81,81,81,81,81,81,81,81,81,81,81,81,81,81,81,81],"relic_stats":{"Regal Pillow":0,"counters":[29,156],"Shuriken":[11],"Pantograph":52,"Bronze Scales":[569],"Snecko Eye":[238,217,258,201],"MealTicket":0,"Eternal Feather":0,"Letter Opener":[125],"War Paint":["Armaments","Shrug It Off"],"obtain_stats":[{"Regal Pillow":0,"Lantern":42,"Nilry\u0027s Codex":21,"Vajra":9,"Eternal Feather":55,"Letter Opener":30,"War Paint":24,"Ancient Tea Set":40,"Burning Blood":0,"White Beast Statue":28,"SlaversCollar":34,"Anchor":7,"CaptainsWheel":47,"Shuriken":43,"Pantograph":10,"Bronze Scales":13,"Snecko Eye":17,"MealTicket":45},{"Regal Pillow":0,"Lantern":21,"Nilry\u0027s Codex":11,"Vajra":6,"Eternal Feather":28,"Letter Opener":15,"War Paint":13,"Ancient Tea Set":21,"Burning Blood":0,"White Beast Statue":14,"SlaversCollar":17,"Anchor":5,"CaptainsWheel":24,"Shuriken":21,"Pantograph":7,"Bronze Scales":7,"Snecko Eye":9,"MealTicket":22},{"Regal Pillow":0,"Lantern":101,"Nilry\u0027s Codex":49,"Vajra":22,"Eternal Feather":147,"Letter Opener":67,"War Paint":58,"Ancient Tea Set":101,"Burning Blood":0,"White Beast Statue":63,"SlaversCollar":81,"Anchor":18,"CaptainsWheel":116,"Shuriken":101,"Pantograph":27,"Bronze Scales":27,"Snecko Eye":41,"MealTicket":106}],"Burning Blood":140},"card_choices":[{"not_picked":["Intimidate","Shrug It Off"],"picked":"Fire Breathing","floor":1},{"not_picked":["Thunderclap","Whirlwind"],"picked":"Wild Strike","floor":2},{"not_picked":["Heavy Blade","Flex"],"picked":"Shockwave","floor":3},{"not_picked":["Entrench","Uppercut","Heavy Blade"],"picked":"SKIP","floor":5},{"not_picked":["Warcry","Armaments"],"picked":"Feed","floor":7},{"not_picked":["Thunderclap","Perfected Strike"],"picked":"Shrug It Off","floor":8},{"not_picked":["Anger","Feed","Cleave"],"picked":"SKIP","floor":10},{"not_picked":["Twin Strike","Cleave","Sword Boomerang"],"picked":"SKIP","floor":14},{"not_picked":["Double Tap","Demon Form"],"picked":"Fiend Fire","floor":16},{"not_picked":["Body Slam","Pommel Strike"],"picked":"Uppercut","floor":18},{"not_picked":["Warcry","Havoc","Armaments"],"picked":"SKIP","floor":20},{"not_picked":["Disarm","Spot Weakness","Hemokinesis"],"picked":"SKIP","floor":22},{"not_picked":["Flex","Iron Wave"],"picked":"Armaments","floor":24},{"not_picked":["Iron Wave","Clash"],"picked":"Immolate","floor":28},{"not_picked":["Clothesline","Wild Strike","Hemokinesis"],"picked":"SKIP","floor":30},{"not_picked":["Clothesline","Warcry"],"picked":"Dark Embrace","floor":31},{"not_picked":["Juggernaut","Exhume"],"picked":"Offering","floor":33},{"not_picked":["Body Slam","Thunderclap+1","Clothesline"],"picked":"SKIP","floor":35},{"not_picked":["Twin Strike","Iron Wave","Sword Boomerang"],"picked":"SKIP","floor":37},{"not_picked":["Thunderclap+1","Body Slam"],"picked":"Feel No Pain+1","floor":38},{"not_picked":["Uppercut","Headbutt+1"],"picked":"Barricade","floor":40},{"not_picked":["Twin Strike","Warcry","Rage"],"picked":"SKIP","floor":45},{"not_picked":["Wild Strike","Fire Breathing","Dual Wield"],"picked":"SKIP","floor":46},{"not_picked":["Heavy Blade","Clothesline"],"picked":"Body Slam","floor":47},{"not_picked":["Cleave","Flex+1"],"picked":"Evolve","floor":48},{"not_picked":["Wild Strike","Headbutt"],"picked":"Burning Pact+1","floor":55}],"player_experience":3376367,"relics_obtained":[{"floor":7,"key":"Anchor"},{"floor":9,"key":"Vajra"},{"floor":10,"key":"Pantograph"},{"floor":21,"key":"Nilry\u0027s Codex"},{"floor":24,"key":"War Paint"},{"floor":28,"key":"White Beast Statue"},{"floor":30,"key":"Letter Opener"},{"floor":40,"key":"Ancient Tea Set"},{"floor":43,"key":"Shuriken"},{"floor":45,"key":"MealTicket"},{"floor":47,"key":"CaptainsWheel"},{"floor":55,"key":"Eternal Feather"}],"event_choices":[{"damage_healed":0,"gold_gain":0,"player_choice":"Entered Light","damage_taken":24,"max_hp_gain":0,"max_hp_loss":0,"event_name":"Shining Light","floor":11,"gold_loss":0,"cards_upgraded":["Defend_R","Strike_R"]},{"damage_healed":0,"gold_gain":0,"player_choice":"Became a vampire","damage_taken":0,"max_hp_gain":0,"max_hp_loss":27,"event_name":"Vampires","floor":19,"gold_loss":0,"cards_obtained":["Bite","Bite","Bite","Bite","Bite"]},{"damage_healed":0,"gold_gain":0,"player_choice":"Obtained Book","damage_taken":21,"max_hp_gain":0,"max_hp_loss":0,"event_name":"Cursed Tome","floor":21,"gold_loss":0},{"damage_healed":0,"gold_gain":0,"player_choice":"Ignored","damage_taken":0,"max_hp_gain":0,"max_hp_loss":0,"event_name":"Ghosts","floor":27,"gold_loss":0},{"damage_healed":0,"gold_gain":0,"player_choice":"Simplicity","damage_taken":0,"max_hp_gain":0,"max_hp_loss":0,"event_name":"Back to Basics","floor":29,"gold_loss":0,"cards_upgraded":["Defend_R","Defend_R","Defend_R"]},{"damage_healed":0,"gold_gain":50,"player_choice":"Pray","damage_taken":0,"max_hp_gain":0,"max_hp_loss":0,"event_name":"Golden Shrine","floor":36,"gold_loss":0},{"cards_removed":["Feed"],"damage_healed":0,"gold_gain":0,"player_choice":"Removed Attack","damage_taken":0,"max_hp_gain":0,"max_hp_loss":0,"event_name":"Falling","floor":39,"gold_loss":0},{"damage_healed":0,"gold_gain":0,"player_choice":"Fight","damage_taken":0,"max_hp_gain":0,"max_hp_loss":0,"event_name":"MindBloom","floor":47,"gold_loss":0}],"is_beta":true,"boss_relics":[{"not_picked":["Astrolabe","Runic Pyramid"],"picked":"Snecko Eye"},{"not_picked":["Tiny House","Black Blood"],"picked":"SlaversCollar"}],"items_purged_floors":[42],"is_endless":false,"potions_floor_spawned":[1,16,20,22,24,30,31,33,35,37,38,40,45,46,47,48,55],"ascension_level":20}