{"gold_per_floor":[119,129,129,76,76,108,108,121,121,151,151,183,193,269,269,345,345,361,379,379],"floor_reached":20,"playtime":989,"items_purged":[],"score":384,"play_id":"b69581c7-70b0-4100-816a-f678f05b3c21","local_time":"20210217192237","is_ascension_mode":true,"campfire_choices":[{"data":"Blood for Blood","floor":7,"key":"SMITH"},{"data":"Bash","floor":11,"key":"SMITH"},{"floor":15,"key":"REST"}],"neow_cost":"TEN_PERCENT_HP_LOSS","seed_source_timestamp":409270871367400,"circlet_count":0,"master_deck":["AscendersBane","Strike_R","Strike_R","Strike_R","Strike_R","Strike_R","Defend_R","Defend_R","Defend_R","Defend_R","Bash+1","Fire Breathing","Headbutt","Bloodletting","Armaments+1","Blood for Blood+1","Rupture","Combust","Brutality","Offering"],"relics":["Burning Blood","Magic Flower","Pantograph","Paper Frog","Lantern","Shovel","Coffee Dripper"],"potions_floor_usage":[6,10,18],"damage_taken":[{"damage":7,"enemies":"Small Slimes","floor":1,"turns":3},{"damage":7,"enemies":"Cultist","floor":2,"turns":4},{"damage":31,"enemies":"Gremlin Nob","floor":6,"turns":4},{"damage":2,"enemies":"Jaw Worm","floor":8,"turns":3},{"damage":19,"enemies":"3 Sentries","floor":10,"turns":6},{"damage":38,"enemies":"Lagavulin","floor":12,"turns":8},{"damage":6,"enemies":"Looter","floor":13,"turns":2},{"damage":41,"enemies":"Slime Boss","floor":16,"turns":6},{"damage":15,"enemies":"3 Byrds","floor":18,"turns":4},{"damage":8,"enemies":"Chosen","floor":19,"turns":3},{"damage":66,"enemies":"Snecko","floor":20,"turns":4}],"seed_played":"7634733325367731178","potions_obtained":[{"floor":2,"key":"PowerPotion"},{"floor":6,"key":"SteroidPotion"},{"floor":13,"key":"Block Potion"}],"is_trial":false,"path_per_floor":["M","M","?","$","?","E","R","M","T","E","R","E","M","?","R","B",null,"M","M","M"],"character_chosen":"IRONCLAD","items_purchased":["FearPotion"],"campfire_rested":1,"item_purchase_floors":[4],"current_hp_per_floor":[68,68,68,68,68,46,46,53,53,43,43,14,17,17,37,36,60,54,55,0],"gold":379,"neow_bonus":"ONE_RARE_RELIC","is_prod":false,"is_daily":false,"chose_seed":false,"campfire_upgraded":2,"win_rate":0,"timestamp":1613618557,"path_taken":["M","M","?","?","?","E","R","M","T","E","R","E","M","?","R","BOSS","M","M","M"],"build_version":"2020-12-18","purchased_purges":0,"victory":false,"max_hp_per_floor":[68,68,68,68,68,68,68,68,68,68,68,68,68,68,68,68,68,68,68,68],"relic_stats":{"Shovel":0,"counters":[11,47],"Pantograph":31,"Magic Flower":[32],"obtain_stats":[{"Lantern":10,"Shovel":12,"Pantograph":6,"Magic Flower":0,"Coffee Dripper":17,"Burning Blood":0,"Paper Frog":9},{"Lantern":5,"Shovel":6,"Pantograph":3,"Magic Flower":0,"Coffee Dripper":8,"Burning Blood":0,"Paper Frog":4},{"Lantern":20,"Shovel":28,"Pantograph":11,"Magic Flower":0,"Coffee Dripper":36,"Burning Blood":0,"Paper Frog":14}],"Burning Blood":86},"card_choices":[{"not_picked":["Twin Strike","Havoc"],"picked":"Fire Breathing","floor":1},{"not_picked":["Thunderclap","Flex"],"picked":"Headbutt","floor":2},{"not_picked":["Warcry","Headbutt"],"picked":"Blood for Blood","floor":6},{"not_picked":["Shrug It Off","Searing Blow"],"picked":"Rupture","floor":8},{"not_picked":["Anger","Rage","Reckless Charge"],"picked":"SKIP","floor":10},{"not_picked":["Twin Strike","Intimidate"],"picked":"Combust","floor":12},{"not_picked":["Wild Strike","Body Slam"],"picked":"Brutality","floor":13},{"not_picked":["Limit Break","Berserk"],"picked":"Offering","floor":16},{"not_picked":["Intimidate","Headbutt","Body Slam"],"picked":"SKIP","floor":18},{"not_picked":["Cleave","Wild Strike","Heavy Blade+1"],"picked":"SKIP","floor":19}],"player_experience":3392016,"relics_obtained":[{"floor":6,"key":"Pantograph"},{"floor":9,"key":"Paper Frog"},{"floor":10,"key":"Lantern"},{"floor":12,"key":"Shovel"}],"event_choices":[{"damage_healed":0,"gold_gain":0,"player_choice":"2 cards matched","damage_taken":0,"max_hp_gain":0,"max_hp_loss":0,"event_name":"Match and Keep!","floor":3,"gold_loss":0,"cards_obtained":["Bloodletting","Armaments"]},{"damage_healed":0,"gold_gain":0,"player_choice":"Grow","damage_taken":0,"max_hp_gain":0,"max_hp_loss":0,"event_name":"Living Wall","floor":5,"gold_loss":0,"cards_upgraded":["Armaments"]},{"damage_healed":0,"gold_gain":76,"player_choice":"Gained Gold","damage_taken":0,"max_hp_gain":0,"max_hp_loss":0,"event_name":"Golden Wing","floor":14,"gold_loss":0}],"is_beta":true,"boss_relics":[{"not_picked":["Empty Cage","Fusion Hammer"],"picked":"Coffee Dripper"}],"items_purged_floors":[],"is_endless":false,"potions_floor_spawned":[2,6,13],"killed_by":"Snecko","ascension_level":20}