{"gold_per_floor":[113,10,23,42,42,42,62,89,137,137,137,164,177,195,195,272,272,292,292,311,311,326,326],"floor_reached":23,"playtime":2249,"items_purged":[],"score":406,"play_id":"f1f059b0-d693-4ca8-80b2-0292e759bff8","local_time":"20210215144706","is_ascension_mode":true,"campfire_choices":[{"data":"Perfected Strike","floor":6.0,"key":"SMITH"},{"data":"Immolate","floor":11.0,"key":"SMITH"},{"data":"Armaments","floor":15.0,"key":"SMITH"}],"neow_cost":"NONE","seed_source_timestamp":218658449108100,"circlet_count":0,"master_deck":["AscendersBane","Strike_R","Strike_R+1","Defend_R","Defend_R","Defend_R","Defend_R","Bash+1","Perfected Strike+1","Armaments+1","Shrug It Off+1","Pommel Strike","Demon Form","Immolate+1","Pain","Disarm","Shrug It Off","Feed","True Grit","Cleave","Offering","Feel No Pain","Armaments"],"special_seed":0,"relics":["Burning Blood","Pantograph","Strawberry","WarpedTongs","Pen Nib","Cursed Key"],"potions_floor_usage":[18,23],"damage_taken":[{"damage":11.0,"enemies":"Jaw Worm","floor":1.0,"turns":6.0},{"damage":0.0,"enemies":"2 Louse","floor":3.0,"turns":2.0},{"damage":0.0,"enemies":"Cultist","floor":4.0,"turns":3.0},{"damage":5.0,"enemies":"Gremlin Gang","floor":7.0,"turns":5.0},{"damage":26.0,"enemies":"Lagavulin","floor":8.0,"turns":8.0},{"damage":27.0,"enemies":"3 Sentries","floor":12.0,"turns":9.0},{"damage":2.0,"enemies":"Looter","floor":13.0,"turns":2.0},{"damage":5.0,"enemies":"Lots of Slimes","floor":14.0,"turns":2.0},{"damage":45.0,"enemies":"The Guardian","floor":16.0,"turns":11.0},{"damage":3,"enemies":"Chosen","floor":18,"turns":3},{"damage":22,"enemies":"Spheric Guardian","floor":20,"turns":7},{"damage":11,"enemies":"Shelled Parasite and Fungi","floor":22,"turns":2},{"damage":47,"enemies":"Book of Stabbing","floor":23,"turns":6}],"seed_played":"8651204321395342636","potions_obtained":[{"floor":8.0,"key":"SkillPotion"},{"floor":12.0,"key":"SteroidPotion"},{"floor":14.0,"key":"Ancient Potion"},{"floor":22,"key":"DistilledChaos"}],"is_trial":false,"path_per_floor":["M","$","M","M","?","R","M","E","T","?","R","E","M","M","R","B",null,"M","?","M","?","M","E"],"character_chosen":"IRONCLAD","items_purchased":["Armaments","SkillPotion"],"campfire_rested":0,"item_purchase_floors":[2,2],"current_hp_per_floor":[63,63,69,75,52,52,53,33,40,40,40,19,23,24,24,10,64,67,67,51,51,46,0],"gold":326,"neow_bonus":"UPGRADE_CARD","is_prod":false,"is_daily":false,"chose_seed":false,"campfire_upgraded":3,"win_rate":0,"timestamp":1613429226,"path_taken":["M","$","M","M","?","R","M","E","T","?","R","E","?","?","R","BOSS","M","?","?","?","M","E"],"build_version":"2020-12-18","purchased_purges":0,"victory":false,"max_hp_per_floor":[75,75,75,75,75,75,75,75,82,82,82,82,82,82,82,82,82,82,82,82,82,82,82],"relic_stats":{"counters":[13,66],"Pantograph":25,"Pen Nib":[3],"Cursed Key":0,"obtain_stats":[{"Pantograph":8,"Strawberry":9,"Pen Nib":12,"Cursed Key":17,"Burning Blood":0,"WarpedTongs":10},{"Pantograph":5,"Strawberry":5,"Pen Nib":6,"Cursed Key":9,"Burning Blood":0,"WarpedTongs":5},{"Pantograph":24,"Strawberry":24,"Pen Nib":33,"Cursed Key":48,"Burning Blood":0,"WarpedTongs":24}],"Burning Blood":72,"WarpedTongs":[34]},"card_choices":[{"not_picked":["Headbutt","Ghostly Armor"],"picked":"Perfected Strike","floor":1.0},{"not_picked":["True Grit","Havoc"],"picked":"Shrug It Off","floor":3.0},{"not_picked":["Warcry","Shrug It Off"],"picked":"Pommel Strike","floor":4.0},{"not_picked":["Iron Wave","Ghostly Armor"],"picked":"Demon Form","floor":7.0},{"not_picked":["Intimidate","Demon Form"],"picked":"Immolate","floor":8.0},{"not_picked":["Havoc","Feel No Pain"],"picked":"Disarm","floor":12.0},{"not_picked":["Thunderclap","Heavy Blade","Infernal Blade"],"picked":"SKIP","floor":13.0},{"not_picked":["Hemokinesis","Rage"],"picked":"Shrug It Off","floor":14.0},{"not_picked":["Brutality","Demon Form"],"picked":"Feed","floor":16.0},{"not_picked":["Iron Wave","Anger"],"picked":"True Grit","floor":18},{"not_picked":["Cleave","Wild Strike"],"picked":"Offering","floor":20},{"not_picked":["Sword Boomerang","Combust","Perfected Strike"],"picked":"SKIP","floor":22}],"player_experience":3353231,"relics_obtained":[{"floor":8.0,"key":"Pantograph"},{"floor":9.0,"key":"Strawberry"},{"floor":12.0,"key":"Pen Nib"}],"event_choices":[{"damage_healed":0.0,"max_hp_gain":0.0,"max_hp_loss":0.0,"gold_gain":0.0,"event_name":"Shining Light","player_choice":"Entered Light","floor":5.0,"gold_loss":0.0,"damage_taken":23.0,"cards_upgraded":["Strike_R","Shrug It Off"]},{"damage_healed":0.0,"max_hp_gain":0.0,"max_hp_loss":0.0,"gold_gain":0.0,"event_name":"Accursed Blacksmith","player_choice":"Rummage","floor":10.0,"gold_loss":0.0,"damage_taken":0.0,"relics_obtained":["WarpedTongs"],"cards_obtained":["Pain"]},{"damage_healed":0,"gold_gain":0,"cards_transformed":["Strike_R"],"player_choice":"Transformed","damage_taken":0,"max_hp_gain":0,"max_hp_loss":0,"event_name":"Transmorgrifier","floor":19,"gold_loss":0,"cards_obtained":["Cleave"]},{"damage_healed":0,"gold_gain":0,"cards_transformed":["Strike_R","Strike_R"],"player_choice":"Became Test Subject","damage_taken":0,"max_hp_gain":0,"max_hp_loss":0,"event_name":"Drug Dealer","floor":21,"gold_loss":0,"cards_obtained":["Feel No Pain","Armaments"]}],"is_beta":true,"boss_relics":[{"not_picked":["Runic Cube","Sozu"],"picked":"Cursed Key"}],"items_purged_floors":[],"is_endless":false,"potions_floor_spawned":[8,12,14,22],"killed_by":"Book of Stabbing","ascension_level":20}