{"gold_per_floor":[111,28,28,40,40,70,70,99,99,126,126,143,169,187,187,187],"floor_reached":16,"playtime":477,"items_purged":[],"score":286,"play_id":"d532a02d-8df0-42a6-9ac2-ec2dd98faeeb","local_time":"20210214091132","is_ascension_mode":true,"campfire_choices":[{"data":"Combust","floor":7,"key":"SMITH"},{"data":"Hemokinesis","floor":15,"key":"SMITH"}],"neow_cost":"NONE","seed_source_timestamp":113921499398900,"circlet_count":0,"master_deck":["AscendersBane","Strike_R","Strike_R+1","Strike_R","Strike_R","Strike_R+1","Defend_R","Defend_R","Defend_R","Defend_R","Bash","Cleave","Perfected Strike+1","Clothesline","Combust+1","Hemokinesis+1","Spot Weakness","Shrug It Off"],"relics":["Burning Blood","NeowsBlessing","Singing Bowl","Bronze Scales","Smiling Mask","Odd Mushroom","Strawberry"],"potions_floor_usage":[8,13,16],"damage_taken":[{"damage":0,"enemies":"Cultist","floor":1,"turns":1},{"damage":0,"enemies":"Small Slimes","floor":4,"turns":1},{"damage":0,"enemies":"Lagavulin","floor":6,"turns":1},{"damage":36,"enemies":"Gremlin Nob","floor":8,"turns":4},{"damage":13,"enemies":"The Mushroom Lair","floor":10,"turns":3},{"damage":7,"enemies":"Jaw Worm","floor":12,"turns":2},{"damage":14,"enemies":"3 Sentries","floor":13,"turns":4},{"damage":4,"enemies":"Blue Slaver","floor":14,"turns":3},{"damage":53,"enemies":"The Guardian","floor":16,"turns":9}],"seed_played":"-3923900380542348769","potions_obtained":[{"floor":6,"key":"Strength Potion"},{"floor":10,"key":"Explosive Potion"},{"floor":13,"key":"Dexterity Potion"}],"is_trial":false,"path_per_floor":["M","$","?","M","?","E","R","E","T","?","?","M","E","M","R","B"],"character_chosen":"IRONCLAD","items_purchased":["Perfected Strike","Clothesline"],"campfire_rested":0,"item_purchase_floors":[2,2],"current_hp_per_floor":[74,74,74,75,52,60,60,30,30,23,48,49,48,52,52,0],"gold":187,"neow_bonus":"THREE_ENEMY_KILL","is_prod":false,"is_daily":false,"chose_seed":false,"campfire_upgraded":2,"win_rate":0,"timestamp":1613322692,"path_taken":["M","?","?","M","?","E","R","E","T","?","?","M","E","M","R","BOSS"],"build_version":"2020-12-18","purchased_purges":0,"victory":false,"max_hp_per_floor":[75,75,75,75,75,77,77,77,77,77,77,79,86,88,88,88],"relic_stats":{"Singing Bowl":6,"counters":[9,28],"Bronze Scales":[54],"Smiling Mask":0,"obtain_stats":[{"NeowsBlessing":0,"Singing Bowl":6,"Bronze Scales":8,"Strawberry":13,"Odd Mushroom":10,"Smiling Mask":9,"Burning Blood":0},{"NeowsBlessing":0,"Singing Bowl":3,"Bronze Scales":4,"Strawberry":7,"Odd Mushroom":5,"Smiling Mask":4,"Burning Blood":0},{"NeowsBlessing":0,"Singing Bowl":3,"Bronze Scales":7,"Strawberry":16,"Odd Mushroom":10,"Smiling Mask":7,"Burning Blood":0}],"Burning Blood":43},"card_choices":[{"not_picked":["Armaments","Intimidate"],"picked":"Cleave","floor":1},{"not_picked":["Reckless Charge","Sword Boomerang"],"picked":"Combust","floor":4},{"not_picked":["Sentinel","Blood for Blood","Heavy Blade"],"picked":"Singing Bowl","floor":6},{"not_picked":["Clash","Flex"],"picked":"Hemokinesis","floor":8},{"not_picked":["Searing Blow","Bloodletting"],"picked":"Spot Weakness","floor":10},{"not_picked":["Thunderclap","Sword Boomerang","Heavy Blade"],"picked":"Singing Bowl","floor":12},{"not_picked":["Flex","Combust"],"picked":"Shrug It Off","floor":13},{"not_picked":["Dropkick","Bludgeon","Iron Wave"],"picked":"Singing Bowl","floor":14}],"player_experience":3330378,"relics_obtained":[{"floor":6,"key":"Singing Bowl"},{"floor":8,"key":"Bronze Scales"},{"floor":9,"key":"Smiling Mask"},{"floor":10,"key":"Odd Mushroom"},{"floor":13,"key":"Strawberry"}],"event_choices":[{"damage_healed":0,"gold_gain":0,"player_choice":"Grow","damage_taken":0,"max_hp_gain":0,"max_hp_loss":0,"event_name":"Living Wall","floor":3,"gold_loss":0,"cards_upgraded":["Perfected Strike"]},{"damage_healed":0,"gold_gain":0,"player_choice":"Entered Light","damage_taken":23,"max_hp_gain":0,"max_hp_loss":0,"event_name":"Shining Light","floor":5,"gold_loss":0,"cards_upgraded":["Strike_R","Strike_R"]},{"damage_healed":0,"gold_gain":0,"player_choice":"Fought Mushrooms","damage_taken":0,"max_hp_gain":0,"max_hp_loss":0,"event_name":"Mushrooms","floor":10,"gold_loss":0},{"damage_healed":25,"gold_gain":0,"player_choice":"Banana","damage_taken":0,"max_hp_gain":0,"max_hp_loss":0,"event_name":"Big Fish","floor":11,"gold_loss":0}],"is_beta":true,"boss_relics":[],"items_purged_floors":[],"is_endless":false,"potions_floor_spawned":[6,10,13],"killed_by":"The Guardian","ascension_level":20}