{"gold_per_floor":[112,123,134,186,213,225,237,249,261,273,315,327,339],"floor_reached":13,"playtime":584,"items_purged":[],"score":166,"play_id":"6186fb12-a90a-487b-ab37-a724395b55cf","local_time":"20210302102640","is_ascension_mode":true,"campfire_choices":[{"data":"Perfected Strike","floor":6,"key":"SMITH"},{"data":"Bash","floor":8,"key":"SMITH"},{"data":"Inflame","floor":10,"key":"SMITH"}],"neow_cost":"PERCENT_DAMAGE","seed_source_timestamp":1500723164124300,"circlet_count":0,"master_deck":["AscendersBane","Strike_R","Strike_R","Strike_R","Strike_R","Strike_R","Defend_R","Defend_R","Defend_R","Defend_R","Bash+1","Inflame+1","Power Through","Perfected Strike+1","Intimidate","True Grit"],"relics":["Burning Blood","Turnip","MawBank","Matryoshka","Happy Flower"],"potions_floor_usage":[5,11,11],"damage_taken":[{"damage":2,"enemies":"Cultist","floor":1,"turns":4},{"damage":10,"enemies":"2 Louse","floor":2,"turns":3},{"damage":7,"enemies":"Jaw Worm","floor":3,"turns":4},{"damage":4,"enemies":"Red Slaver","floor":5,"turns":4},{"damage":40,"enemies":"Gremlin Nob","floor":11,"turns":5},{"damage":18,"enemies":"Lagavulin","floor":13,"turns":5}],"seed_played":"6925645305357400872","potions_obtained":[{"floor":1,"key":"Block Potion"},{"floor":2,"key":"SteroidPotion"},{"floor":5,"key":"Weak Potion"}],"is_trial":false,"path_per_floor":["M","M","M","T","M","R","$","R","T","R","E","?","E"],"character_chosen":"IRONCLAD","items_purchased":[],"campfire_rested":0,"item_purchase_floors":[],"current_hp_per_floor":[54,50,49,49,51,51,51,51,51,51,17,17,0],"gold":339,"neow_bonus":"ONE_RARE_RELIC","is_prod":false,"is_daily":false,"chose_seed":false,"campfire_upgraded":3,"win_rate":0,"timestamp":1614709600,"path_taken":["M","?","M","?","M","R","$","R","T","R","E","?","E"],"build_version":"2020-12-18","purchased_purges":0,"victory":false,"max_hp_per_floor":[75,75,75,75,75,75,75,75,75,75,75,75,75],"relic_stats":{"Happy Flower":[1],"counters":[6,25],"Turnip":[0],"MawBank":108,"obtain_stats":[{"Matryoshka":9,"Happy Flower":11,"Turnip":0,"MawBank":4,"Burning Blood":0},{"Matryoshka":4,"Happy Flower":5,"Turnip":0,"MawBank":3,"Burning Blood":0},{"Matryoshka":15,"Happy Flower":20,"Turnip":0,"MawBank":11,"Burning Blood":0}],"Burning Blood":30},"card_choices":[{"not_picked":["Sword Boomerang","Metallicize"],"picked":"Inflame","floor":1},{"not_picked":["Burning Pact","Iron Wave"],"picked":"Power Through","floor":2},{"not_picked":["Havoc","Power Through"],"picked":"Perfected Strike","floor":3},{"not_picked":["Entrench","Flex"],"picked":"Intimidate","floor":5},{"not_picked":["Headbutt","Ghostly Armor"],"picked":"True Grit","floor":11}],"player_experience":3571244,"relics_obtained":[{"floor":4,"key":"MawBank"},{"floor":9,"key":"Matryoshka"},{"floor":11,"key":"Happy Flower"}],"event_choices":[{"damage_healed":0,"gold_gain":0,"player_choice":"0 cards matched","damage_taken":0,"max_hp_gain":0,"max_hp_loss":0,"event_name":"Match and Keep!","floor":12,"gold_loss":0,"cards_obtained":[]}],"is_beta":true,"boss_relics":[],"items_purged_floors":[],"is_endless":false,"potions_floor_spawned":[1,2,5],"killed_by":"Lagavulin","ascension_level":20}