{"gold_per_floor":[109,121,121,41,51,51,51,77,104,104,138,138,138,165,165,244,244,255,270,45,45,56,56,87,87,87,87,87,106,124,156,156,229,229,247,22,36,47,97,97,132,152,152,183,199,219,229,85,85,85,85,85,85,28,63,63],"floor_reached":56,"playtime":7417,"items_purged":["Strike_R","Strike_R"],"score":1955,"play_id":"fa9bfc1f-0bc2-4643-8761-7a2bd4caad04","local_time":"20210302123217","is_ascension_mode":true,"campfire_choices":[{"data":"Perfected Strike","floor":6.0,"key":"SMITH"},{"floor":10.0,"key":"REST"},{"data":"Bash","floor":12.0,"key":"SMITH"},{"floor":15.0,"key":"REST"},{"floor":23.0,"key":"REST"},{"floor":25.0,"key":"REST"},{"data":"Pommel Strike","floor":28.0,"key":"SMITH"},{"floor":32.0,"key":"REST"},{"floor":40.0,"key":"RECALL"},{"floor":49.0,"key":"REST"},{"floor":53.0,"key":"REST"}],"neow_cost":"NONE","seed_source_timestamp":1501375468774800,"circlet_count":0,"master_deck":["AscendersBane","Strike_R","Strike_R","Strike_R","Defend_R","Defend_R","Defend_R","Defend_R","Bash+1","Pommel Strike+1","Perfected Strike+1","Fire Breathing","Second Wind","Barricade","Whirlwind+1","Entrench","True Grit+1","Evolve","Juggernaut","Shrug It Off","Dual Wield","Flame Barrier","Shockwave","Battle Trance","Shrug It Off+1","Body Slam","Shrug It Off","Shrug It Off"],"special_seed":0,"relics":["Mark of Pain","Happy Flower","Strawberry","Bag of Marbles","Paper Frog","Snecko Eye","Membership Card","Ornamental Fan","Thread and Needle","Potion Belt","Runic Dome","Centennial Puzzle","Bag of Preparation","Blue Candle","TheAbacus","Magic Flower"],"potions_floor_usage":[56,56,56],"damage_taken":[{"damage":4.0,"enemies":"2 Louse","floor":1.0,"turns":3.0},{"damage":7.0,"enemies":"Small Slimes","floor":2.0,"turns":3.0},{"damage":7.0,"enemies":"Jaw Worm","floor":5.0,"turns":2.0},{"damage":24.0,"enemies":"Lagavulin","floor":8.0,"turns":5.0},{"damage":30.0,"enemies":"3 Sentries","floor":11.0,"turns":5.0},{"damage":30.0,"enemies":"Lagavulin","floor":14.0,"turns":5.0},{"damage":11.0,"enemies":"Hexaghost","floor":16.0,"turns":7.0},{"damage":7.0,"enemies":"2 Thieves","floor":18.0,"turns":4.0},{"damage":0.0,"enemies":"3 Byrds","floor":19.0,"turns":3.0},{"damage":5.0,"enemies":"Snecko","floor":22.0,"turns":3.0},{"damage":28.0,"enemies":"Gremlin Leader","floor":24.0,"turns":5.0},{"damage":0.0,"enemies":"Chosen and Byrds","floor":29.0,"turns":3.0},{"damage":5.0,"enemies":"Centurion and Healer","floor":30.0,"turns":6.0},{"damage":6.0,"enemies":"Slavers","floor":31.0,"turns":4.0},{"damage":8.0,"enemies":"Champ","floor":33.0,"turns":19.0},{"damage":0.0,"enemies":"Orb Walker","floor":35.0,"turns":2.0},{"damage":0.0,"enemies":"3 Shapes","floor":37.0,"turns":4.0},{"damage":15.0,"enemies":"Maw","floor":38.0,"turns":6.0},{"damage":22.0,"enemies":"Nemesis","floor":41.0,"turns":7.0},{"damage":21.0,"enemies":"Spire Growth","floor":42.0,"turns":5.0},{"damage":6.0,"enemies":"Reptomancer","floor":44.0,"turns":6.0},{"damage":0.0,"enemies":"4 Shapes","floor":45.0,"turns":7.0},{"damage":0.0,"enemies":"3 Darklings","floor":46.0,"turns":4.0},{"damage":0.0,"enemies":"Sphere and 2 Shapes","floor":47.0,"turns":4.0},{"damage":1.0,"enemies":"Donu and Deca","floor":50.0,"turns":7.0},{"damage":18.0,"enemies":"Time Eater","floor":51.0,"turns":9.0},{"damage":41.0,"enemies":"Shield and Spear","floor":55.0,"turns":6.0},{"damage":54,"enemies":"The Heart","floor":56,"turns":9}],"seed_played":"7467410678099398316","potions_obtained":[{"floor":2.0,"key":"ColorlessPotion"},{"floor":14.0,"key":"Weak Potion"},{"floor":16.0,"key":"ElixirPotion"},{"floor":24.0,"key":"ColorlessPotion"},{"floor":29.0,"key":"Block Potion"},{"floor":37.0,"key":"Regen Potion"},{"floor":38.0,"key":"GamblersBrew"},{"floor":45.0,"key":"LiquidBronze"},{"floor":46.0,"key":"Block Potion"},{"floor":47.0,"key":"Ancient Potion"}],"is_trial":false,"path_per_floor":["M","M","?","$","M","R","?","E","T","R","E","R","?","E","R","B",null,"M","M","$","?","M","R","E","R","T","?","R","M","M","E","R","B",null,"M","$","M","M","?","R","E","M","T","E","M","M","M","$","R","B","B",null,"R","$","E","B"],"character_chosen":"IRONCLAD","items_purchased":["Fire Breathing","Membership Card","Fire Potion","Shrug It Off","LiquidMemories","Centennial Puzzle","Dual Wield","TheAbacus","SneckoOil","Dexterity Potion","Shrug It Off"],"campfire_rested":7,"item_purchase_floors":[4,20,20,36,36,36,36,48,48,54,54],"current_hp_per_floor":[64,57,62,62,55,55,55,31,38,64,34,34,34,4,30,19,70,63,63,63,38,33,60,32,59,59,59,59,59,54,48,75,67,86,86,86,86,71,71,71,49,42,42,36,36,36,36,36,63,62,44,80,92,92,51,0],"gold":63,"neow_bonus":"BOSS_RELIC","is_prod":false,"is_daily":false,"chose_seed":false,"campfire_upgraded":3,"win_rate":0,"timestamp":1614717137,"path_taken":["M","M","?","$","M","R","?","E","T","R","E","R","?","E","R","BOSS","M","M","$","?","M","R","E","R","T","?","R","?","M","E","R","BOSS","M","$","M","M","?","R","E","?","T","E","M","M","M","$","R","BOSS","BOSS","R","$","E","BOSS"],"build_version":"2020-12-18","purchased_purges":2,"victory":false,"max_hp_per_floor":[75,75,80,80,80,80,80,80,87,87,87,87,87,87,87,87,87,87,87,87,92,92,92,92,92,92,92,92,92,92,92,92,92,92,92,92,92,92,92,92,92,92,92,92,92,92,92,92,92,92,92,92,92,92,92,92],"relic_stats":{"Centennial Puzzle":[24],"TheAbacus":[72],"Happy Flower":[46],"counters":[28,153],"Ornamental Fan":[100],"Blue Candle":[0],"Snecko Eye":[229,233,235,219],"Magic Flower":[0],"Bag of Preparation":[18],"obtain_stats":[{"Potion Belt":31,"Happy Flower":8,"Blue Candle":44,"Magic Flower":55,"Thread and Needle":26,"Bag of Preparation":41,"Burning Blood":0,"Runic Dome":34,"Centennial Puzzle":36,"TheAbacus":48,"Ornamental Fan":24,"Strawberry":9,"Snecko Eye":17,"Mark of Pain":0,"Bag of Marbles":11,"Membership Card":20,"Paper Frog":14},{"Potion Belt":14,"Happy Flower":4,"Blue Candle":21,"Magic Flower":27,"Thread and Needle":11,"Bag of Preparation":19,"Burning Blood":0,"Runic Dome":15,"Centennial Puzzle":16,"TheAbacus":24,"Ornamental Fan":11,"Strawberry":4,"Snecko Eye":7,"Mark of Pain":0,"Bag of Marbles":5,"Membership Card":9,"Paper Frog":6},{"Potion Belt":58,"Happy Flower":13,"Blue Candle":107,"Magic Flower":144,"Thread and Needle":45,"Bag of Preparation":96,"Burning Blood":0,"Runic Dome":77,"Centennial Puzzle":79,"TheAbacus":122,"Ornamental Fan":45,"Strawberry":13,"Snecko Eye":30,"Mark of Pain":0,"Bag of Marbles":18,"Membership Card":37,"Paper Frog":23}]},"card_choices":[{"not_picked":["Bloodletting","Feel No Pain"],"picked":"Pommel Strike","floor":1.0},{"not_picked":["Thunderclap","Armaments"],"picked":"Perfected Strike","floor":2.0},{"not_picked":["Cleave","Flex","Heavy Blade"],"picked":"SKIP","floor":5.0},{"not_picked":["Clothesline","Combust","Heavy Blade"],"picked":"SKIP","floor":8.0},{"not_picked":["Rupture","Combust","Anger"],"picked":"SKIP","floor":11.0},{"not_picked":["Double Tap","Inflame"],"picked":"Second Wind","floor":14.0},{"not_picked":["Reaper","Double Tap"],"picked":"Barricade","floor":16.0},{"not_picked":["Bloodletting","Twin Strike"],"picked":"Whirlwind+1","floor":18.0},{"not_picked":["Armaments","Heavy Blade","Wild Strike"],"picked":"SKIP","floor":19.0},{"not_picked":["Havoc","Flex","Disarm"],"picked":"SKIP","floor":22.0},{"not_picked":["Infernal Blade","Shockwave"],"picked":"Entrench","floor":24.0},{"not_picked":["Clothesline","Pommel Strike+1"],"picked":"True Grit+1","floor":29.0},{"not_picked":["Clash","Cleave","Hemokinesis"],"picked":"SKIP","floor":30.0},{"not_picked":["Pommel Strike","Fiend Fire"],"picked":"Evolve","floor":31.0},{"not_picked":["Corruption","Fiend Fire"],"picked":"Juggernaut","floor":33.0},{"not_picked":["Inflame","Flex","Cleave+1"],"picked":"SKIP","floor":35.0},{"not_picked":["Dropkick+1","Sword Boomerang"],"picked":"Flame Barrier","floor":37.0},{"not_picked":["Rampage","Sword Boomerang"],"picked":"Shockwave","floor":38.0},{"not_picked":["Evolve","Feed"],"picked":"Battle Trance","floor":41.0},{"not_picked":["Body Slam","Flex"],"picked":"Shrug It Off+1","floor":42.0},{"not_picked":["Shrug It Off","Havoc"],"picked":"Body Slam","floor":44.0},{"not_picked":["Heavy Blade","Anger+1","Rage"],"picked":"SKIP","floor":45.0},{"not_picked":["Warcry","Pommel Strike","Iron Wave"],"picked":"SKIP","floor":46.0},{"not_picked":["Reaper","True Grit+1"],"picked":"Shrug It Off","floor":47.0},{"not_picked":["Wild Strike+1","Flex","Seeing Red"],"picked":"SKIP","floor":55.0}],"player_experience":3571828,"relics_obtained":[{"floor":8.0,"key":"Happy Flower"},{"floor":9.0,"key":"Strawberry"},{"floor":11.0,"key":"Bag of Marbles"},{"floor":14.0,"key":"Paper Frog"},{"floor":24.0,"key":"Ornamental Fan"},{"floor":26.0,"key":"Thread and Needle"},{"floor":31.0,"key":"Potion Belt"},{"floor":41.0,"key":"Bag of Preparation"},{"floor":44.0,"key":"Blue Candle"},{"floor":55.0,"key":"Magic Flower"}],"event_choices":[{"damage_healed":0.0,"max_hp_gain":5.0,"max_hp_loss":0.0,"gold_gain":0.0,"event_name":"Big Fish","player_choice":"Donut","floor":3.0,"gold_loss":0.0,"damage_taken":0.0},{"damage_healed":0.0,"max_hp_gain":0.0,"max_hp_loss":0.0,"gold_gain":0.0,"event_name":"Dead Adventurer","player_choice":"Searched \u00271\u0027 times","floor":7.0,"gold_loss":0.0,"damage_taken":0.0},{"damage_healed":0.0,"max_hp_gain":0.0,"max_hp_loss":0.0,"gold_gain":0.0,"event_name":"Liars Game","player_choice":"Ignored","floor":13.0,"gold_loss":0.0,"damage_taken":0.0},{"damage_healed":0.0,"max_hp_gain":5.0,"max_hp_loss":0.0,"gold_gain":0.0,"event_name":"Forgotten Altar","player_choice":"Shed Blood","floor":21.0,"gold_loss":0.0,"damage_taken":30.0},{"damage_healed":0.0,"max_hp_gain":0.0,"max_hp_loss":0.0,"gold_gain":0.0,"event_name":"Lab","player_choice":"Got Potions","floor":27.0,"gold_loss":0.0,"damage_taken":0.0},{"damage_healed":0.0,"max_hp_gain":0.0,"max_hp_loss":0.0,"gold_gain":50.0,"event_name":"Golden Shrine","player_choice":"Pray","floor":39.0,"gold_loss":0.0,"damage_taken":0.0}],"is_beta":true,"boss_relics":[{"not_picked":["Pandora\u0027s Box","Coffee Dripper"],"picked":"Snecko Eye"},{"not_picked":["Sozu","Busted Crown"],"picked":"Runic Dome"}],"items_purged_floors":[20,36],"is_endless":false,"potions_floor_spawned":[2,14,16,24,29,37,38,45,46,47],"killed_by":"The Heart","ascension_level":20}