{"gold_per_floor":[215,215,235,253,14,14,43,63,63,73,73,73,106,124,124,201,201,219,219,219,269,285,285,320,320,320,320,320,0,34,46,46,117,117,133,149,24,37,37,37],"floor_reached":40,"playtime":2639,"items_purged":["Strike_R","Injury","Strike_R+1"],"score":1018,"play_id":"92fe8b59-0f5e-4b47-8166-aded91fafaa4","local_time":"20210228171353","is_ascension_mode":true,"campfire_choices":[{"data":"Carnage","floor":6,"key":"SMITH"},{"data":"Combust","floor":12,"key":"SMITH"},{"data":"Whirlwind","floor":15,"key":"SMITH"},{"data":"Immolate","floor":23,"key":"SMITH"},{"data":"Blood for Blood","floor":25,"key":"SMITH"},{"floor":27,"key":"REST"},{"floor":32,"key":"REST"}],"neow_cost":"NONE","seed_source_timestamp":1350302478521900,"circlet_count":0,"master_deck":["AscendersBane","Strike_R+1","Strike_R+1","Strike_R+1","Defend_R+1","Defend_R+1","Defend_R+1","Defend_R+1","Bash","Armaments+1","Blood for Blood+1","Carnage+1","Thunderclap","Offering","Combust+1","Spot Weakness","Whirlwind+1","Immolate+1","Ghostly Armor","Burning Pact","Feel No Pain","Demon Form","Second Wind+1","Double Tap","Shockwave","Spot Weakness+1","Evolve"],"relics":["Burning Blood","Sling","Du-Vu Doll","Pear","InkBottle","Cursed Key","Enchiridion","Ancient Tea Set","Happy Flower","Vajra","MealTicket","Black Star"],"potions_floor_usage":[18,24,33,35,40,40],"damage_taken":[{"damage":4,"enemies":"Small Slimes","floor":1,"turns":4},{"damage":0,"enemies":"2 Louse","floor":3,"turns":2},{"damage":0,"enemies":"Jaw Worm","floor":4,"turns":4},{"damage":15,"enemies":"3 Sentries","floor":7,"turns":7},{"damage":7,"enemies":"2 Fungi Beasts","floor":8,"turns":3},{"damage":6,"enemies":"Looter","floor":10,"turns":2},{"damage":6,"enemies":"Gremlin Nob","floor":13,"turns":2},{"damage":1,"enemies":"Red Slaver","floor":14,"turns":2},{"damage":10,"enemies":"Slime Boss","floor":16,"turns":5},{"damage":27,"enemies":"Shell Parasite","floor":18,"turns":3},{"damage":0,"enemies":"3 Byrds","floor":22,"turns":3},{"damage":22,"enemies":"Book of Stabbing","floor":24,"turns":4},{"damage":16,"enemies":"Slavers","floor":30,"turns":4},{"damage":0,"enemies":"Centurion and Healer","floor":31,"turns":5},{"damage":66,"enemies":"Automaton","floor":33,"turns":8},{"damage":8,"enemies":"3 Darklings","floor":35,"turns":2},{"damage":29,"enemies":"3 Shapes","floor":36,"turns":5},{"damage":27,"enemies":"Writhing Mass","floor":38,"turns":7},{"damage":38,"enemies":"Reptomancer","floor":40,"turns":4}],"seed_played":"6114438921614559932","potions_obtained":[{"floor":4,"key":"Weak Potion"},{"floor":8,"key":"PowerPotion"},{"floor":10,"key":"Fire Potion"},{"floor":13,"key":"Fire Potion"},{"floor":22,"key":"CultistPotion"},{"floor":36,"key":"FearPotion"},{"floor":38,"key":"AttackPotion"}],"is_trial":false,"path_per_floor":["M","?","M","M","$","R","E","M","T","M","?","R","E","M","R","B",null,"M","?","?","?","M","R","E","R","T","R","?","$","E","M","R","B",null,"M","M","$","M","?","E"],"character_chosen":"IRONCLAD","items_purchased":["Sling","Vajra","SkillPotion"],"campfire_rested":2,"item_purchase_floors":[5,29,29],"current_hp_per_floor":[70,70,75,75,75,75,66,65,75,75,49,49,49,54,54,50,76,55,55,34,34,40,40,24,24,24,49,49,49,39,45,70,10,66,64,41,56,35,35,0],"gold":37,"neow_bonus":"HUNDRED_GOLD","is_prod":false,"is_daily":false,"chose_seed":false,"campfire_upgraded":5,"win_rate":0,"timestamp":1614561233,"path_taken":["M","?","M","M","$","R","E","M","T","M","?","R","E","M","R","BOSS","M","?","?","?","?","R","E","R","T","R","?","$","E","M","R","BOSS","M","M","$","M","?","E"],"build_version":"2020-12-18","purchased_purges":3,"victory":false,"max_hp_per_floor":[75,75,75,75,75,75,75,75,85,85,85,85,85,85,85,85,85,85,85,85,85,85,85,85,85,85,85,85,85,85,85,85,85,85,85,85,85,85,81,81],"relic_stats":{"Happy Flower":[11],"counters":[19,76],"MealTicket":15,"Black Star":0,"Cursed Key":1,"obtain_stats":[{"Du-Vu Doll":7,"Pear":9,"Happy Flower":26,"Enchiridion":20,"Vajra":29,"MealTicket":30,"Black Star":34,"Sling":5,"Cursed Key":17,"Ancient Tea Set":24,"Burning Blood":0,"InkBottle":13},{"Du-Vu Doll":4,"Pear":5,"Happy Flower":12,"Enchiridion":10,"Vajra":12,"MealTicket":13,"Black Star":15,"Sling":3,"Cursed Key":9,"Ancient Tea Set":12,"Burning Blood":0,"InkBottle":7},{"Du-Vu Doll":17,"Pear":20,"Happy Flower":41,"Enchiridion":34,"Vajra":41,"MealTicket":45,"Black Star":58,"Sling":10,"Cursed Key":31,"Ancient Tea Set":41,"Burning Blood":0,"InkBottle":24}],"Burning Blood":101,"InkBottle":[17]},"card_choices":[{"not_picked":["Sword Boomerang","Thunderclap"],"picked":"Armaments","floor":1},{"not_picked":["Sword Boomerang","Spot Weakness"],"picked":"Blood for Blood","floor":3},{"not_picked":["Power Through","Entrench"],"picked":"Carnage","floor":4},{"not_picked":["Heavy Blade","Clothesline"],"picked":"Thunderclap","floor":7},{"not_picked":["True Grit","Twin Strike"],"picked":"Offering","floor":8},{"not_picked":["Rupture","Clash"],"picked":"Combust","floor":10},{"not_picked":["Carnage","Dropkick"],"picked":"Spot Weakness","floor":13},{"not_picked":["Uppercut","Sentinel"],"picked":"Whirlwind","floor":14},{"not_picked":["Bludgeon","Double Tap"],"picked":"Immolate","floor":16},{"not_picked":["Entrench","Evolve","Headbutt+1"],"picked":"SKIP","floor":18},{"not_picked":["Armaments","Body Slam"],"picked":"Ghostly Armor","floor":22},{"not_picked":["Sentinel+1","Entrench"],"picked":"Burning Pact","floor":24},{"not_picked":["Warcry","Whirlwind"],"picked":"Demon Form","floor":30},{"not_picked":["Sword Boomerang","Clothesline"],"picked":"Second Wind+1","floor":31},{"not_picked":["Immolate","Exhume"],"picked":"Double Tap","floor":33},{"not_picked":["Spot Weakness","Havoc"],"picked":"Shockwave","floor":35},{"not_picked":["Havoc","Clash"],"picked":"Spot Weakness+1","floor":36},{"not_picked":["Twin Strike","Fiend Fire"],"picked":"Evolve","floor":38}],"player_experience":3554231,"relics_obtained":[{"floor":7,"key":"Du-Vu Doll"},{"floor":9,"key":"Pear"},{"floor":13,"key":"InkBottle"},{"floor":20,"key":"Enchiridion"},{"floor":24,"key":"Ancient Tea Set"},{"floor":26,"key":"Happy Flower"},{"floor":30,"key":"MealTicket"}],"event_choices":[{"damage_healed":0,"gold_gain":0,"player_choice":"Grow","damage_taken":0,"max_hp_gain":0,"max_hp_loss":0,"event_name":"Living Wall","floor":2,"gold_loss":0,"cards_upgraded":["Armaments"]},{"damage_healed":0,"gold_gain":0,"player_choice":"Entered Light","damage_taken":26,"max_hp_gain":0,"max_hp_loss":0,"event_name":"Shining Light","floor":11,"gold_loss":0,"cards_upgraded":["Defend_R","Strike_R"]},{"damage_healed":0,"gold_gain":0,"player_choice":"Simplicity","damage_taken":0,"max_hp_gain":0,"max_hp_loss":0,"event_name":"Back to Basics","floor":19,"gold_loss":0,"cards_upgraded":["Strike_R","Strike_R","Strike_R","Defend_R","Defend_R","Defend_R"]},{"damage_healed":0,"gold_gain":0,"player_choice":"Obtained Book","damage_taken":21,"max_hp_gain":0,"max_hp_loss":0,"event_name":"Cursed Tome","floor":20,"gold_loss":0},{"damage_healed":0,"gold_gain":50,"player_choice":"Pray","damage_taken":0,"max_hp_gain":0,"max_hp_loss":0,"event_name":"Golden Shrine","floor":21,"gold_loss":0},{"damage_healed":0,"gold_gain":0,"player_choice":"Read","damage_taken":0,"max_hp_gain":0,"max_hp_loss":0,"event_name":"The Library","floor":28,"gold_loss":0,"cards_obtained":["Feel No Pain"]},{"damage_healed":0,"gold_gain":0,"player_choice":"Max HP","damage_taken":0,"max_hp_gain":0,"max_hp_loss":4,"event_name":"Winding Halls","floor":39,"gold_loss":0}],"is_beta":true,"boss_relics":[{"not_picked":["Sozu","Fusion Hammer"],"picked":"Cursed Key"},{"not_picked":["Coffee Dripper","Runic Dome"],"picked":"Black Star"}],"items_purged_floors":[5,29,37],"is_endless":false,"potions_floor_spawned":[4,8,10,13,16,22,30,36,38],"killed_by":"Reptomancer","ascension_level":20}