{"gold_per_floor":[112,77,77,95,106,106,122,122,145,145,163,191,191,231,231,326,326,346,346,346,364,364],"floor_reached":22,"playtime":940,"items_purged":[],"score":388,"play_id":"08ba3b08-80f7-419c-96eb-0338840d05d4","local_time":"20210305121949","is_ascension_mode":true,"campfire_choices":[{"data":"Blood for Blood","floor":6.0,"key":"SMITH"},{"data":"Bash","floor":8.0,"key":"SMITH"},{"floor":10.0,"key":"REST"},{"floor":15.0,"key":"REST"}],"neow_cost":"NONE","seed_source_timestamp":0,"circlet_count":0,"master_deck":["AscendersBane","Strike_R","Strike_R","Defend_R","Defend_R","Defend_R","Bash+1","Blood for Blood+1","Clothesline","Offering","Flame Barrier","Combust","Armaments","Battle Trance","Brutality","Pummel+1","Demon Form+1","Battle Trance+1","Thunderclap+1"],"special_seed":0,"relics":["SlaversCollar","Dream Catcher","Oddly Smooth Stone","Golden Idol","Matryoshka","Nloth\u0027s Gift"],"potions_floor_usage":[22,22],"damage_taken":[{"damage":18.0,"enemies":"Small Slimes","floor":1.0,"turns":5.0},{"damage":0.0,"enemies":"2 Louse","floor":4.0,"turns":3.0},{"damage":9.0,"enemies":"Jaw Worm","floor":5.0,"turns":3.0},{"damage":7.0,"enemies":"Looter","floor":7.0,"turns":3.0},{"damage":15.0,"enemies":"Exordium Wildlife","floor":11.0,"turns":6.0},{"damage":22.0,"enemies":"Gremlin Nob","floor":12.0,"turns":4.0},{"damage":15.0,"enemies":"Lagavulin","floor":14.0,"turns":6.0},{"damage":15.0,"enemies":"Slime Boss","floor":16.0,"turns":8.0},{"damage":25,"enemies":"2 Thieves","floor":18,"turns":3},{"damage":21,"enemies":"Shell Parasite","floor":21,"turns":5},{"damage":39,"enemies":"Cultist and Chosen","floor":22,"turns":3}],"seed_played":"1687590092120530788","potions_obtained":[{"floor":1.0,"key":"ElixirPotion"},{"floor":4.0,"key":"Strength Potion"},{"floor":16.0,"key":"Fire Potion"},{"floor":21,"key":"Swift Potion"}],"is_trial":false,"path_per_floor":["M","?","?","M","M","R","M","R","T","R","M","E","?","E","R","B",null,"M","?","?","M","M"],"character_chosen":"IRONCLAD","items_purchased":[],"campfire_rested":2,"item_purchase_floors":[],"current_hp_per_floor":[50,68,61,61,52,52,45,45,45,67,52,30,30,15,35,20,56,31,31,31,10,0],"gold":364,"neow_bonus":"BOSS_RELIC","is_prod":false,"is_daily":false,"chose_seed":false,"campfire_upgraded":2,"win_rate":0,"timestamp":1614975589,"path_taken":["M","?","?","?","M","R","M","R","T","R","M","E","?","E","R","BOSS","M","?","?","M","?"],"build_version":"2020-12-18","purchased_purges":0,"victory":false,"max_hp_per_floor":[75,75,75,75,75,75,75,75,75,75,75,75,68,68,68,68,68,68,68,68,68,68],"relic_stats":{"Dream Catcher":2,"counters":[11,49],"Golden Idol":35,"Nloth\u0027s Gift":0,"obtain_stats":[{"SlaversCollar":0,"Dream Catcher":9,"Matryoshka":14,"Golden Idol":13,"Astrolabe":17,"Oddly Smooth Stone":12,"Nloth\u0027s Gift":20,"Burning Blood":0},{"SlaversCollar":0,"Dream Catcher":4,"Matryoshka":7,"Golden Idol":6,"Astrolabe":8,"Oddly Smooth Stone":6,"Nloth\u0027s Gift":9,"Burning Blood":0},{"SlaversCollar":0,"Dream Catcher":14,"Matryoshka":30,"Golden Idol":24,"Astrolabe":38,"Oddly Smooth Stone":24,"Nloth\u0027s Gift":41,"Burning Blood":0}]},"card_choices":[{"not_picked":["Perfected Strike","Bloodletting"],"picked":"Blood for Blood","floor":1.0},{"not_picked":["Power Through","Clash"],"picked":"Clothesline","floor":4.0},{"not_picked":["Infernal Blade","Twin Strike","Rampage"],"picked":"SKIP","floor":5.0},{"not_picked":["Thunderclap","Anger"],"picked":"Offering","floor":7.0},{"not_picked":["Perfected Strike","Pommel Strike"],"picked":"Flame Barrier","floor":10.0},{"not_picked":["Heavy Blade","Bloodletting"],"picked":"Combust","floor":11.0},{"not_picked":["Heavy Blade","Wild Strike"],"picked":"Armaments","floor":12.0},{"not_picked":["Thunderclap","Juggernaut"],"picked":"Battle Trance","floor":14.0},{"not_picked":["Juggernaut","Limit Break"],"picked":"Brutality","floor":16.0},{"not_picked":["Uppercut","Battle Trance","Dropkick"],"picked":"SKIP","floor":18},{"not_picked":["Sword Boomerang","Wild Strike"],"picked":"Thunderclap+1","floor":21}],"player_experience":3604127,"relics_obtained":[{"floor":9.0,"key":"Dream Catcher"},{"floor":12.0,"key":"Oddly Smooth Stone"},{"floor":14.0,"key":"Matryoshka"}],"event_choices":[{"damage_healed":18.0,"max_hp_gain":0.0,"max_hp_loss":0.0,"gold_gain":0.0,"event_name":"The Cleric","player_choice":"Healed","floor":2.0,"gold_loss":35.0,"damage_taken":0.0},{"cards_removed":["Strike_R"],"damage_healed":0.0,"max_hp_gain":0.0,"max_hp_loss":0.0,"gold_gain":0.0,"event_name":"Golden Wing","player_choice":"Card Removal","floor":3.0,"gold_loss":0.0,"damage_taken":7.0},{"damage_healed":0.0,"max_hp_gain":0.0,"max_hp_loss":7.0,"gold_gain":0.0,"event_name":"Golden Idol","player_choice":"Lose Max HP","floor":13.0,"gold_loss":0.0,"damage_taken":0.0,"relics_obtained":["Golden Idol"]},{"damage_healed":0,"gold_gain":0,"player_choice":"Ignored","damage_taken":0,"max_hp_gain":0,"max_hp_loss":0,"event_name":"The Mausoleum","floor":19,"gold_loss":0},{"damage_healed":0,"gold_gain":0,"player_choice":"Traded Relic","damage_taken":0,"relics_obtained":["Nloth\u0027s Gift"],"max_hp_gain":0,"max_hp_loss":0,"event_name":"N\u0027loth","floor":20,"relics_lost":["Astrolabe"],"gold_loss":0}],"is_beta":true,"boss_relics":[{"not_picked":["Busted Crown","Empty Cage"],"picked":"Astrolabe"}],"items_purged_floors":[],"is_endless":false,"potions_floor_spawned":[1,4,16,21],"killed_by":"Cultist and Chosen","ascension_level":20}