{"gold_per_floor":[15,15,32,32,32,32,61,61,106,118,143,143,159,187,187,260,260,274,60,60,78,28,61,61,61],"floor_reached":25,"playtime":960,"items_purged":["Strike_R"],"score":474,"play_id":"e5106cb7-81f5-4228-a362-60a5a8ea79cd","local_time":"20210228083719","is_ascension_mode":true,"campfire_choices":[{"data":"Bash","floor":6,"key":"SMITH"},{"floor":8,"key":"REST"},{"data":"Whirlwind","floor":15,"key":"SMITH"},{"data":"Corruption","floor":24,"key":"SMITH"}],"neow_cost":"NO_GOLD","seed_source_timestamp":1320988017973500,"circlet_count":0,"master_deck":["AscendersBane","Strike_R","Strike_R","Strike_R","Defend_R","Defend_R","Defend_R","Bash+1","Sever Soul","Ghostly Armor","Infernal Blade","Corruption+1","Clothesline","Armaments+1","Whirlwind+1","Pommel Strike","Pain","Dropkick+1"],"relics":["Burning Blood","Blood Vial","Smiling Mask","StoneCalendar","Boot","Coffee Dripper","Toolbox","WarpedTongs","Toy Ornithopter","Magic Flower"],"potions_floor_usage":[11,11,25],"damage_taken":[{"damage":1,"enemies":"Cultist","floor":1,"turns":3},{"damage":4,"enemies":"Jaw Worm","floor":3,"turns":4},{"damage":55,"enemies":"3 Sentries","floor":7,"turns":11},{"damage":3,"enemies":"Small Slimes","floor":10,"turns":3},{"damage":44,"enemies":"Gremlin Nob","floor":11,"turns":6},{"damage":11,"enemies":"Exordium Wildlife","floor":13,"turns":4},{"damage":14,"enemies":"Lagavulin","floor":14,"turns":6},{"damage":7,"enemies":"Slime Boss","floor":16,"turns":7},{"damage":15,"enemies":"Shell Parasite","floor":18,"turns":6},{"damage":2,"enemies":"3 Byrds","floor":21,"turns":3},{"damage":53,"enemies":"Book of Stabbing","floor":23,"turns":5},{"damage":33,"enemies":"Snake Plant","floor":25,"turns":2}],"seed_played":"1775592730826363554","potions_obtained":[{"floor":7,"key":"SpeedPotion"},{"floor":10,"key":"Regen Potion"},{"floor":11,"key":"GamblersBrew"},{"floor":16,"key":"FairyPotion"},{"floor":18,"key":"BlessingOfTheForge"}],"is_trial":false,"path_per_floor":["M","$","M","?","$","R","E","R","T","M","E","?","M","E","R","B",null,"M","$","?","M","?","E","R","M"],"character_chosen":"IRONCLAD","items_purchased":["Toolbox"],"campfire_rested":1,"item_purchase_floors":[19],"current_hp_per_floor":[73,73,75,75,75,75,26,48,48,53,32,32,29,23,23,24,62,55,55,55,61,61,16,16,0],"gold":61,"neow_bonus":"TRANSFORM_TWO_CARDS","is_prod":false,"is_daily":false,"chose_seed":false,"campfire_upgraded":3,"win_rate":0,"timestamp":1614530239,"path_taken":["M","?","M","?","?","R","E","R","T","M","E","?","M","E","R","BOSS","M","$","?","?","?","E","R","M"],"build_version":"2020-12-18","purchased_purges":1,"victory":false,"max_hp_per_floor":[75,75,75,75,75,75,75,75,75,75,75,75,75,75,75,75,75,75,75,75,75,75,75,75,75],"relic_stats":{"Blood Vial":19,"counters":[12,60],"Magic Flower":[4],"StoneCalendar":[78],"Smiling Mask":25,"Boot":[0],"obtain_stats":[{"Blood Vial":7,"Toolbox":19,"Magic Flower":23,"StoneCalendar":11,"Coffee Dripper":17,"Smiling Mask":9,"Boot":14,"Burning Blood":0,"Toy Ornithopter":22,"WarpedTongs":20},{"Blood Vial":3,"Toolbox":9,"Magic Flower":11,"StoneCalendar":5,"Coffee Dripper":8,"Smiling Mask":3,"Boot":7,"Burning Blood":0,"Toy Ornithopter":10,"WarpedTongs":9},{"Blood Vial":18,"Toolbox":50,"Magic Flower":58,"StoneCalendar":27,"Coffee Dripper":44,"Smiling Mask":18,"Boot":37,"Burning Blood":0,"Toy Ornithopter":53,"WarpedTongs":50}],"Burning Blood":66,"Toy Ornithopter":8,"WarpedTongs":[10]},"card_choices":[{"not_picked":["Flex","Clash"],"picked":"Infernal Blade","floor":1},{"not_picked":["Infernal Blade","Reckless Charge","Body Slam"],"picked":"SKIP","floor":3},{"not_picked":["Heavy Blade","Headbutt"],"picked":"Corruption","floor":7},{"not_picked":["True Grit","Havoc"],"picked":"Clothesline","floor":10},{"not_picked":["Thunderclap","Sword Boomerang"],"picked":"Armaments","floor":11},{"not_picked":["Sever Soul","Heavy Blade"],"picked":"Whirlwind","floor":13},{"not_picked":["Rupture","Exhume"],"picked":"Pommel Strike","floor":14},{"not_picked":["Body Slam","Flex","Thunderclap"],"picked":"SKIP","floor":18},{"not_picked":["Havoc","Perfected Strike","Juggernaut"],"picked":"SKIP","floor":21},{"not_picked":["Clash","Clothesline"],"picked":"Dropkick+1","floor":23}],"player_experience":3532061,"relics_obtained":[{"floor":7,"key":"Blood Vial"},{"floor":9,"key":"Smiling Mask"},{"floor":11,"key":"StoneCalendar"},{"floor":14,"key":"Boot"},{"floor":23,"key":"Magic Flower"}],"event_choices":[{"damage_healed":0,"gold_gain":0,"player_choice":"Ignored","damage_taken":0,"max_hp_gain":0,"max_hp_loss":0,"event_name":"Liars Game","floor":4,"gold_loss":0},{"damage_healed":0,"gold_gain":0,"player_choice":"Grow","damage_taken":0,"max_hp_gain":0,"max_hp_loss":0,"event_name":"Living Wall","floor":12,"gold_loss":0,"cards_upgraded":["Armaments"]},{"damage_healed":0,"gold_gain":0,"player_choice":"Rummage","damage_taken":0,"relics_obtained":["WarpedTongs"],"max_hp_gain":0,"max_hp_loss":0,"event_name":"Accursed Blacksmith","floor":20,"gold_loss":0,"cards_obtained":["Pain"]},{"damage_healed":0,"gold_gain":0,"player_choice":"Paid Gold","damage_taken":0,"relics_obtained":["Toy Ornithopter"],"max_hp_gain":0,"max_hp_loss":0,"event_name":"WeMeetAgain","floor":22,"gold_loss":50}],"is_beta":true,"boss_relics":[{"not_picked":["Ectoplasm","Empty Cage"],"picked":"Coffee Dripper"}],"items_purged_floors":[19],"is_endless":false,"potions_floor_spawned":[7,10,11,16,18],"killed_by":"Snake Plant","ascension_level":20}