{"gold_per_floor":[109,109,109,128,142,177,177,208,260,55,93,93,116,166,166,262,262,276,292,292,193,207,207,250,250,250,250,289,339,339,339,339,435,435,449,462,462,462,487,487,506,79,104,104,123,166,166,199,211,223,235,247,259,36,79,79],"floor_reached":56,"playtime":3632,"items_purged":["Strike_R"],"score":1987,"play_id":"39b7e21d-3438-4733-8b95-94f0afdd9533","local_time":"20210228094254","is_ascension_mode":true,"campfire_choices":[{"floor":7.0,"key":"REST"},{"data":"Demon Form","floor":12.0,"key":"SMITH"},{"data":"Inflame","floor":15.0,"key":"SMITH"},{"data":"Heavy Blade","floor":23.0,"key":"SMITH"},{"data":"Inflame","floor":25.0,"key":"SMITH"},{"floor":27.0,"key":"DIG"},{"floor":30.0,"key":"DIG"},{"floor":32.0,"key":"REST"},{"floor":40.0,"key":"REST"},{"floor":44.0,"key":"RECALL"},{"floor":47.0,"key":"DIG"},{"floor":49.0,"key":"DIG"},{"floor":53,"key":"REST"}],"neow_cost":"PERCENT_DAMAGE","seed_source_timestamp":1322000126340400,"circlet_count":0,"master_deck":["AscendersBane","Defend_R","Defend_R","Defend_R","Bash","Demon Form+1","Feel No Pain","Pummel","Cleave","Hemokinesis","Inflame+1","Dual Wield","Offering","Shrug It Off","Inflame+1","Clash","Flash of Steel","Heavy Blade+1","Inflame+1","Second Wind+1","Rage+1","Flex+1","Impervious+1","Feel No Pain+1","Warcry+1","Impervious+1","Shrug It Off+1","Iron Wave+1","Bandage Up+1","Warcry+1","Burning Pact+1","Uppercut+1","Master of Strategy+1","True Grit+1","Dual Wield+1"],"special_seed":0,"relics":["Burning Blood","Mummified Hand","Golden Idol","Vajra","MealTicket","Orichalcum","Shovel","SlaversCollar","Toxic Egg 2","Lantern","Sundial","Bronze Scales","Turnip","Fusion Hammer","Dead Branch","Du-Vu Doll","MawBank","Pantograph","Paper Frog"],"potions_floor_usage":[51,51,51,51],"damage_taken":[{"damage":11.0,"enemies":"Jaw Worm","floor":1.0,"turns":6.0},{"damage":11.0,"enemies":"2 Louse","floor":4.0,"turns":3.0},{"damage":14.0,"enemies":"Small Slimes","floor":5.0,"turns":5.0},{"damage":29.0,"enemies":"Gremlin Nob","floor":6.0,"turns":4.0},{"damage":10.0,"enemies":"Lagavulin","floor":8.0,"turns":5.0},{"damage":29.0,"enemies":"Gremlin Nob","floor":11.0,"turns":4.0},{"damage":5.0,"enemies":"2 Fungi Beasts","floor":13.0,"turns":3.0},{"damage":9.0,"enemies":"Hexaghost","floor":16.0,"turns":5.0},{"damage":18.0,"enemies":"Chosen","floor":18.0,"turns":4.0},{"damage":8.0,"enemies":"Spheric Guardian","floor":19.0,"turns":3.0},{"damage":19.0,"enemies":"Snecko","floor":22.0,"turns":4.0},{"damage":20.0,"enemies":"Book of Stabbing","floor":24.0,"turns":3.0},{"damage":8.0,"enemies":"Gremlin Leader","floor":28.0,"turns":2.0},{"damage":46.0,"enemies":"Champ","floor":33.0,"turns":6.0},{"damage":12.0,"enemies":"Orb Walker","floor":35.0,"turns":2.0},{"damage":44.0,"enemies":"3 Darklings","floor":36.0,"turns":4.0},{"damage":6.0,"enemies":"Maw","floor":39.0,"turns":6.0},{"damage":6.0,"enemies":"Sphere and 2 Shapes","floor":41.0,"turns":5.0},{"damage":11.0,"enemies":"Spire Growth","floor":45.0,"turns":4.0},{"damage":12.0,"enemies":"Giant Head","floor":46.0,"turns":3.0},{"damage":7.0,"enemies":"3 Darklings","floor":48.0,"turns":3.0},{"damage":19.0,"enemies":"Donu and Deca","floor":50.0,"turns":5.0},{"damage":72,"enemies":"Awakened One","floor":51,"turns":11},{"damage":49,"enemies":"Shield and Spear","floor":55,"turns":4},{"damage":68,"enemies":"The Heart","floor":56,"turns":6}],"seed_played":"-2109222598377889873","potions_obtained":[{"floor":1.0,"key":"BloodPotion"},{"floor":5.0,"key":"Energy Potion"},{"floor":13.0,"key":"SkillPotion"},{"floor":16.0,"key":"Fruit Juice"},{"floor":19.0,"key":"Dexterity Potion"},{"floor":22.0,"key":"Swift Potion"},{"floor":33.0,"key":"FearPotion"},{"floor":45.0,"key":"Block Potion"},{"floor":46.0,"key":"EntropicBrew"}],"is_trial":false,"path_per_floor":["M","?","?","M","M","E","R","E","T","$","E","R","M","?","R","B",null,"M","M","?","$","M","R","E","R","T","R","E","?","R","?","R","B",null,"M","M","?","?","M","R","M","$","T","R","M","E","R","M","R","B","B",null,"R","$","E","B"],"character_chosen":"IRONCLAD","items_purchased":["Inflame","BloodPotion","Flash of Steel","Dead Branch","Bandage Up+1","Master of Strategy+1","True Grit+1"],"campfire_rested":4,"item_purchase_floors":[10,10,21,42,42,54,54],"current_hp_per_floor":[45,34,34,29,34,11,31,27,27,42,19,19,20,20,20,17,55,43,46,46,61,62,62,48,48,48,48,46,46,46,46,67,27,62,56,18,18,18,18,39,39,54,54,54,55,55,55,60,60,66,15,59,73,73,36,0],"gold":79,"neow_bonus":"TRANSFORM_TWO_CARDS","is_prod":false,"is_daily":false,"chose_seed":false,"campfire_upgraded":4,"win_rate":0,"timestamp":1614534174,"path_taken":["M","?","?","M","M","E","R","E","T","$","E","R","M","?","R","BOSS","M","M","?","?","M","R","E","R","T","R","E","?","R","?","R","BOSS","M","M","?","?","M","R","?","$","T","R","?","E","R","M","R","BOSS","BOSS","R","$","E","BOSS"],"build_version":"2020-12-18","purchased_purges":1,"victory":false,"max_hp_per_floor":[75,75,68,68,68,68,68,68,68,68,68,68,68,68,68,68,68,68,73,73,73,73,73,73,73,73,73,73,73,73,73,73,73,73,73,73,73,73,73,73,73,73,73,73,73,73,73,73,73,73,73,73,73,73,73,73],"relic_stats":{"counters":[25,110],"Golden Idol":176,"Dead Branch":[103],"Orichalcum":[72],"MawBank":84,"Burning Blood":144,"Shovel":4,"Mummified Hand":[143],"Sundial":[6],"Bronze Scales":[218],"Pantograph":45,"MealTicket":45,"Turnip":[16],"obtain_stats":[{"Lantern":26,"Golden Idol":3,"Dead Branch":42,"Vajra":6,"Orichalcum":9,"MawBank":47,"Burning Blood":0,"Du-Vu Doll":46,"SlaversCollar":17,"Shovel":11,"Mummified Hand":2,"Sundial":27,"Bronze Scales":28,"Pantograph":49,"MealTicket":8,"Turnip":30,"Fusion Hammer":34,"Toxic Egg 2":24,"Paper Frog":55},{"Lantern":12,"Golden Idol":1,"Dead Branch":18,"Vajra":4,"Orichalcum":5,"MawBank":20,"Burning Blood":0,"Du-Vu Doll":20,"SlaversCollar":8,"Shovel":6,"Mummified Hand":1,"Sundial":12,"Bronze Scales":13,"Pantograph":21,"MealTicket":5,"Turnip":13,"Fusion Hammer":14,"Toxic Egg 2":12,"Paper Frog":24},{"Lantern":49,"Golden Idol":6,"Dead Branch":74,"Vajra":18,"Orichalcum":23,"MawBank":81,"Burning Blood":0,"Du-Vu Doll":81,"SlaversCollar":35,"Shovel":27,"Mummified Hand":6,"Sundial":49,"Bronze Scales":51,"Pantograph":84,"MealTicket":23,"Turnip":51,"Fusion Hammer":57,"Toxic Egg 2":49,"Paper Frog":104}]},"card_choices":[{"not_picked":["Entrench","Body Slam"],"picked":"Pummel","floor":1.0},{"not_picked":["Body Slam","Burning Pact","Warcry"],"picked":"SKIP","floor":4.0},{"not_picked":["Flex","Sever Soul"],"picked":"Cleave","floor":5.0},{"not_picked":["Perfected Strike","Dropkick"],"picked":"Hemokinesis","floor":6.0},{"not_picked":["Body Slam","Warcry","Havoc"],"picked":"SKIP","floor":8.0},{"not_picked":["Anger","Rage"],"picked":"Dual Wield","floor":11.0},{"not_picked":["Warcry","Body Slam","Thunderclap"],"picked":"SKIP","floor":13.0},{"not_picked":["Corruption","Double Tap"],"picked":"Offering","floor":16.0},{"not_picked":["Spot Weakness","Wild Strike"],"picked":"Shrug It Off","floor":18.0},{"not_picked":["Reckless Charge","Metallicize"],"picked":"Inflame+1","floor":19.0},{"not_picked":["Dropkick","Pummel"],"picked":"Heavy Blade","floor":22.0},{"not_picked":["Flex+1","Wild Strike"],"picked":"Inflame","floor":24.0},{"not_picked":["Wild Strike","Cleave"],"picked":"Second Wind+1","floor":28.0},{"not_picked":["Juggernaut","Berserk"],"picked":"Impervious+1","floor":33.0},{"not_picked":["Dropkick","Body Slam"],"picked":"Feel No Pain+1","floor":35.0},{"not_picked":["Havoc+1","Cleave+1"],"picked":"Warcry+1","floor":36.0},{"not_picked":["Flex+1","Cleave"],"picked":"Shrug It Off+1","floor":39.0},{"not_picked":["Sentinel+1","Juggernaut"],"picked":"Iron Wave+1","floor":41.0},{"not_picked":["Sever Soul","Anger"],"picked":"Warcry+1","floor":45.0},{"not_picked":["Body Slam","Ghostly Armor+1"],"picked":"Burning Pact+1","floor":46.0},{"not_picked":["Thunderclap","Body Slam"],"picked":"Uppercut+1","floor":48.0},{"not_picked":["Clash+1","Pommel Strike"],"picked":"Dual Wield+1","floor":55}],"player_experience":3533021,"relics_obtained":[{"floor":6.0,"key":"Vajra"},{"floor":8.0,"key":"MealTicket"},{"floor":9.0,"key":"Orichalcum"},{"floor":11.0,"key":"Shovel"},{"floor":24.0,"key":"Toxic Egg 2"},{"floor":26.0,"key":"Lantern"},{"floor":27.0,"key":"Sundial"},{"floor":28.0,"key":"Bronze Scales"},{"floor":30.0,"key":"Turnip"},{"floor":46.0,"key":"Du-Vu Doll"},{"floor":47.0,"key":"MawBank"},{"floor":49.0,"key":"Pantograph"},{"floor":55,"key":"Paper Frog"}],"event_choices":[{"damage_healed":0.0,"max_hp_gain":0.0,"max_hp_loss":0.0,"gold_gain":0.0,"event_name":"Scrap Ooze","player_choice":"Success","floor":2.0,"gold_loss":0.0,"damage_taken":11.0,"relics_obtained":["Mummified Hand"]},{"damage_healed":0.0,"max_hp_gain":0.0,"max_hp_loss":7.0,"gold_gain":0.0,"event_name":"Golden Idol","player_choice":"Lose Max HP","floor":3.0,"gold_loss":0.0,"damage_taken":0.0,"relics_obtained":["Golden Idol"]},{"damage_healed":0.0,"max_hp_gain":0.0,"max_hp_loss":0.0,"gold_gain":50.0,"event_name":"Golden Wing","player_choice":"Gained Gold","floor":14.0,"gold_loss":0.0,"damage_taken":0.0},{"damage_healed":0.0,"max_hp_gain":0.0,"max_hp_loss":0.0,"gold_gain":0.0,"cards_transformed":["Strike_R"],"event_name":"Transmorgrifier","player_choice":"Transformed","floor":20.0,"gold_loss":0.0,"damage_taken":0.0,"cards_obtained":["Clash"]},{"damage_healed":0.0,"max_hp_gain":0.0,"max_hp_loss":0.0,"gold_gain":50.0,"event_name":"Nest","player_choice":"Stole From Cult","floor":29.0,"gold_loss":0.0,"damage_taken":0.0},{"damage_healed":0.0,"max_hp_gain":0.0,"max_hp_loss":0.0,"gold_gain":0.0,"cards_transformed":["Strike_R","Strike_R"],"event_name":"Drug Dealer","player_choice":"Became Test Subject","floor":31.0,"gold_loss":0.0,"damage_taken":0.0,"cards_obtained":["Rage","Flex"]},{"damage_healed":0.0,"max_hp_gain":0.0,"max_hp_loss":0.0,"gold_gain":0.0,"event_name":"Tomb of Lord Red Mask","player_choice":"Ignored","floor":37.0,"gold_loss":0.0,"damage_taken":0.0},{"damage_healed":0.0,"max_hp_gain":0.0,"max_hp_loss":0.0,"gold_gain":0.0,"event_name":"Duplicator","player_choice":"Copied","floor":38.0,"gold_loss":0.0,"damage_taken":0.0,"cards_obtained":["Impervious"]}],"is_beta":true,"boss_relics":[{"not_picked":["Runic Pyramid","Black Blood"],"picked":"SlaversCollar"},{"not_picked":["Black Star","Tiny House"],"picked":"Fusion Hammer"}],"items_purged_floors":[10],"is_endless":false,"potions_floor_spawned":[1,5,13,16,19,22,33,36,45,46,48],"killed_by":"The Heart","ascension_level":20}