{"gold_per_floor":[109,122,138,7,19,19,38,38,38,63,63,73,84,118,118,195,195,206,222,240,240,21,21,47,47,47,47,61,74,74,105,105,183,183,202,218,267,167,167,167,179,213,240,240,266,281,124,153,153,153],"floor_reached":50,"playtime":10175,"items_purged":["Strike_R","Strike_R"],"score":1264,"play_id":"9266954e-ae03-48f8-839e-847bbad3af49","local_time":"20210302201934","is_ascension_mode":true,"campfire_choices":[{"data":"Armaments","floor":6.0,"key":"SMITH"},{"data":"Blood for Blood","floor":8.0,"key":"SMITH"},{"data":"Bash","floor":11.0,"key":"SMITH"},{"data":"Whirlwind","floor":15.0,"key":"SMITH"},{"data":"Intimidate","floor":23.0,"key":"SMITH"},{"data":"Pommel Strike","floor":25.0,"key":"SMITH"},{"floor":30.0,"key":"REST"},{"data":"Offering","floor":32.0,"key":"SMITH"},{"floor":40.0,"key":"RECALL"},{"floor":44.0,"key":"REST"},{"floor":49.0,"key":"REST"}],"neow_cost":"TEN_PERCENT_HP_LOSS","seed_source_timestamp":1526312290223800,"circlet_count":0,"master_deck":["AscendersBane","Defend_R","Defend_R","Defend_R","Bash+1","Pommel Strike+1","Armaments+1","Blood for Blood+1","Shrug It Off","Shrug It Off","Whirlwind+1","Berserk","Offering+1","Uppercut+1","Searing Blow+1","Pummel+1","Intimidate+1","Feel No Pain","Feel No Pain","Dark Embrace+1","Offering","Disarm+1","Demon Form","Sword Boomerang+1","Entrench+1","Barricade","Barricade"],"special_seed":0,"relics":["Burning Blood","Bird Faced Urn","Meat on the Bone","Omamori","Thread and Needle","Astrolabe","ClockworkSouvenir","Mummified Hand","White Beast Statue","Prayer Wheel","Fusion Hammer","Du-Vu Doll","Singing Bowl","Bottled Tornado","Dream Catcher"],"potions_floor_usage":[50,50],"damage_taken":[{"damage":2.0,"enemies":"Cultist","floor":1.0,"turns":4.0},{"damage":5.0,"enemies":"Small Slimes","floor":2.0,"turns":4.0},{"damage":2.0,"enemies":"Jaw Worm","floor":3.0,"turns":4.0},{"damage":25.0,"enemies":"Large Slime","floor":5.0,"turns":6.0},{"damage":10.0,"enemies":"Red Slaver","floor":7.0,"turns":3.0},{"damage":32.0,"enemies":"Gremlin Nob","floor":10.0,"turns":4.0},{"damage":1.0,"enemies":"3 Louse","floor":12.0,"turns":4.0},{"damage":18.0,"enemies":"Lots of Slimes","floor":13.0,"turns":4.0},{"damage":15.0,"enemies":"Lagavulin","floor":14.0,"turns":5.0},{"damage":45.0,"enemies":"The Guardian","floor":16.0,"turns":12.0},{"damage":10.0,"enemies":"Shell Parasite","floor":18.0,"turns":4.0},{"damage":6.0,"enemies":"3 Byrds","floor":19.0,"turns":5.0},{"damage":22.0,"enemies":"Centurion and Healer","floor":20.0,"turns":4.0},{"damage":6.0,"enemies":"Gremlin Leader","floor":24.0,"turns":6.0},{"damage":11.0,"enemies":"Snake Plant","floor":28.0,"turns":3.0},{"damage":31.0,"enemies":"Cultist and Chosen","floor":29.0,"turns":8.0},{"damage":12.0,"enemies":"Book of Stabbing","floor":31.0,"turns":5.0},{"damage":49.0,"enemies":"Automaton","floor":33.0,"turns":8.0},{"damage":6.0,"enemies":"Orb Walker","floor":35.0,"turns":3.0},{"damage":13.0,"enemies":"3 Shapes","floor":36.0,"turns":4.0},{"damage":26.0,"enemies":"2 Orb Walkers","floor":37.0,"turns":4.0},{"damage":17.0,"enemies":"Transient","floor":41.0,"turns":6.0},{"damage":23.0,"enemies":"Reptomancer","floor":42.0,"turns":5.0},{"damage":12.0,"enemies":"Nemesis","floor":45.0,"turns":6.0},{"damage":23.0,"enemies":"Maw","floor":46.0,"turns":4.0},{"damage":13.0,"enemies":"Giant Head","floor":48.0,"turns":6.0},{"damage":106,"enemies":"Awakened One","floor":50,"turns":9}],"seed_played":"8982253214436435371","potions_obtained":[{"floor":2.0,"key":"HeartOfIron"},{"floor":5.0,"key":"EssenceOfSteel"},{"floor":7.0,"key":"DuplicationPotion"},{"floor":19.0,"key":"SteroidPotion"},{"floor":28.0,"key":"Weak Potion"},{"floor":29.0,"key":"SpeedPotion"},{"floor":31.0,"key":"PowerPotion"},{"floor":33.0,"key":"Energy Potion"},{"floor":35.0,"key":"LiquidMemories"},{"floor":36.0,"key":"Swift Potion"},{"floor":37.0,"key":"SteroidPotion"},{"floor":41.0,"key":"CultistPotion"},{"floor":42.0,"key":"Regen Potion"}],"is_trial":false,"path_per_floor":["M","M","M","$","M","R","M","R","T","E","R","M","M","E","R","B",null,"M","M","M","?","$","R","E","R","T","?","M","M","R","E","R","B",null,"M","M","?","$","?","R","M","E","T","R","E","M","$","E","R","B"],"character_chosen":"IRONCLAD","items_purchased":["BloodPotion","ClockworkSouvenir","Weak Potion","Barricade"],"campfire_rested":3,"item_purchase_floors":[4,22,22,47],"current_hp_per_floor":[68,68,68,68,62,62,58,58,58,44,44,49,49,52,52,27,58,56,58,44,44,44,44,46,46,46,46,45,38,58,58,58,37,60,68,68,50,50,50,50,47,54,54,70,66,61,61,66,74,0],"gold":153,"neow_bonus":"ONE_RARE_RELIC","is_prod":false,"is_daily":false,"chose_seed":false,"campfire_upgraded":7,"win_rate":0,"timestamp":1614745174,"path_taken":["M","?","M","$","M","R","M","R","T","E","R","M","M","E","R","BOSS","M","M","M","?","$","R","E","R","T","?","M","M","R","E","R","BOSS","M","M","?","$","?","R","M","E","T","R","E","?","?","E","R","BOSS"],"build_version":"2020-12-18","purchased_purges":2,"victory":false,"max_hp_per_floor":[68,68,68,68,68,68,68,68,68,68,68,68,68,68,68,68,68,68,68,68,68,68,68,68,68,68,68,68,68,68,68,68,68,68,68,68,68,68,68,68,68,70,70,70,70,72,72,72,74,74],"relic_stats":{"Dream Catcher":1,"Singing Bowl":6,"counters":[27,140],"Mummified Hand":[70],"Bird Faced Urn":[108],"Astrolabe":["Uppercut","Searing Blow","Pummel"],"Prayer Wheel":4,"obtain_stats":[{"Singing Bowl":42,"Astrolabe":17,"Thread and Needle":14,"Omamori":10,"Bottled Tornado":45,"Burning Blood":0,"White Beast Statue":26,"ClockworkSouvenir":22,"Du-Vu Doll":37,"Dream Catcher":48,"Mummified Hand":24,"Bird Faced Urn":0,"Prayer Wheel":31,"Fusion Hammer":34,"Meat on the Bone":9},{"Singing Bowl":23,"Astrolabe":10,"Thread and Needle":9,"Omamori":6,"Bottled Tornado":24,"Burning Blood":0,"White Beast Statue":14,"ClockworkSouvenir":13,"Du-Vu Doll":21,"Dream Catcher":26,"Mummified Hand":14,"Bird Faced Urn":0,"Prayer Wheel":17,"Fusion Hammer":18,"Meat on the Bone":5},{"Singing Bowl":115,"Astrolabe":50,"Thread and Needle":38,"Omamori":25,"Bottled Tornado":121,"Burning Blood":0,"White Beast Statue":69,"ClockworkSouvenir":63,"Du-Vu Doll":104,"Dream Catcher":131,"Mummified Hand":69,"Bird Faced Urn":0,"Prayer Wheel":85,"Fusion Hammer":93,"Meat on the Bone":21}],"Burning Blood":146,"Meat on the Bone":84},"card_choices":[{"not_picked":["True Grit","Havoc"],"picked":"Pommel Strike","floor":1.0},{"not_picked":["Second Wind","Wild Strike"],"picked":"Armaments","floor":2.0},{"not_picked":["Shrug It Off","Heavy Blade"],"picked":"Blood for Blood","floor":3.0},{"not_picked":["Seeing Red","Twin Strike","Thunderclap"],"picked":"SKIP","floor":5.0},{"not_picked":["Warcry","Entrench","Searing Blow"],"picked":"SKIP","floor":7.0},{"not_picked":["Exhume","Anger"],"picked":"Shrug It Off","floor":10.0},{"not_picked":["Twin Strike","Heavy Blade"],"picked":"Shrug It Off","floor":12.0},{"not_picked":["Warcry","Anger"],"picked":"Whirlwind","floor":13.0},{"not_picked":["Blood for Blood","Perfected Strike"],"picked":"Berserk","floor":14.0},{"not_picked":["Corruption","Reaper"],"picked":"Offering","floor":16.0},{"not_picked":["Perfected Strike","Twin Strike+1"],"picked":"Intimidate","floor":18.0},{"not_picked":["Havoc","Clash","True Grit"],"picked":"SKIP","floor":19.0},{"not_picked":["Combust","Warcry","Dropkick+1"],"picked":"SKIP","floor":20.0},{"not_picked":["Combust","Warcry","Dropkick+1"],"picked":"SKIP","floor":20.0},{"not_picked":["Ghostly Armor","Anger","Sentinel"],"picked":"SKIP","floor":24.0},{"not_picked":["Pummel","Second Wind"],"picked":"Feel No Pain","floor":28.0},{"not_picked":["Thunderclap","Wild Strike","Perfected Strike+1"],"picked":"SKIP","floor":29.0},{"not_picked":["Inflame","Limit Break"],"picked":"Dark Embrace+1","floor":31.0},{"not_picked":["Fiend Fire","Double Tap"],"picked":"Offering","floor":33.0},{"not_picked":["Pommel Strike","Sword Boomerang"],"picked":"Disarm+1","floor":35.0},{"not_picked":["Wild Strike+1","Sword Boomerang","Twin Strike+1"],"picked":"SKIP","floor":35.0},{"not_picked":["Carnage","Perfected Strike","Wild Strike+1"],"picked":"SKIP","floor":36.0},{"not_picked":["Warcry","Anger+1","Havoc"],"picked":"SKIP","floor":36.0},{"not_picked":["Dark Embrace","Twin Strike+1"],"picked":"Demon Form","floor":41.0},{"not_picked":["Flex","Headbutt","Sword Boomerang"],"picked":"SKIP","floor":41.0},{"not_picked":["Warcry","Twin Strike","Heavy Blade+1"],"picked":"Singing Bowl","floor":42.0},{"not_picked":["Ghostly Armor","Infernal Blade"],"picked":"Sword Boomerang+1","floor":45.0},{"not_picked":["Infernal Blade+1","Whirlwind"],"picked":"Entrench+1","floor":46.0},{"not_picked":["Anger","Pommel Strike","Cleave"],"picked":"Singing Bowl","floor":46.0},{"not_picked":["Flame Barrier","Twin Strike"],"picked":"Barricade","floor":48.0},{"not_picked":["Seeing Red","Anger","Bloodletting"],"picked":"Singing Bowl","floor":49.0}],"player_experience":3579245,"relics_obtained":[{"floor":9.0,"key":"Meat on the Bone"},{"floor":10.0,"key":"Omamori"},{"floor":14.0,"key":"Thread and Needle"},{"floor":24.0,"key":"Mummified Hand"},{"floor":26.0,"key":"White Beast Statue"},{"floor":31.0,"key":"Prayer Wheel"},{"floor":37.0,"key":"Du-Vu Doll"},{"floor":42.0,"key":"Singing Bowl"},{"floor":45.0,"key":"Bottled Tornado"},{"floor":48.0,"key":"Dream Catcher"}],"event_choices":[{"damage_healed":0.0,"max_hp_gain":0.0,"max_hp_loss":0.0,"gold_gain":0.0,"event_name":"Beggar","player_choice":"Ignored","floor":21.0,"gold_loss":0.0,"damage_taken":0.0},{"damage_healed":0.0,"max_hp_gain":0.0,"max_hp_loss":0.0,"gold_gain":0.0,"event_name":"The Library","player_choice":"Read","floor":27.0,"gold_loss":0.0,"damage_taken":0.0,"cards_obtained":["Feel No Pain"]},{"damage_healed":0.0,"max_hp_gain":0.0,"max_hp_loss":0.0,"gold_gain":0.0,"event_name":"Mysterious Sphere","player_choice":"Fight","floor":37.0,"gold_loss":0.0,"damage_taken":0.0},{"cards_removed":["Strike_R"],"damage_healed":0.0,"max_hp_gain":0.0,"max_hp_loss":0.0,"gold_gain":0.0,"event_name":"Purifier","player_choice":"Purged","floor":39.0,"gold_loss":0.0,"damage_taken":0.0}],"is_beta":true,"boss_relics":[{"not_picked":["Mark of Pain","Ectoplasm"],"picked":"Astrolabe"},{"not_picked":["Pandora\u0027s Box","Runic Pyramid"],"picked":"Fusion Hammer"}],"items_purged_floors":[4,38],"is_endless":false,"potions_floor_spawned":[2,5,7,12,13,19,28,29,31,33,35,36,37,41,42,45,46,48],"killed_by":"Awakened One","ascension_level":20}