{"gold_per_floor":[212,287,287,58,70,70,100,112,149,191,223,235,265,303,315,400,412,442,465,477,508,3,31,31,59,59,76,76,105,125,125,125,197,197,208,220,220,120,138,166,166,221,221,221,255,11,11,11,11,11,11,11,11,11,40,40],"floor_reached":56,"playtime":3529,"items_purged":["Strike_R","Clumsy"],"score":2093,"play_id":"92bd5a95-ec1f-47da-be74-0146ef01f5b8","local_time":"20210228231629","is_ascension_mode":true,"campfire_choices":[{"floor":6,"key":"REST"},{"data":"Uppercut","floor":8,"key":"SMITH"},{"data":"Whirlwind","floor":12,"key":"SMITH"},{"floor":15,"key":"REST"},{"data":"Whirlwind","floor":28,"key":"SMITH"},{"data":"Inflame","floor":32,"key":"SMITH"},{"floor":41,"key":"RECALL"},{"data":"Demon Form","floor":44,"key":"SMITH"},{"data":"Limit Break","floor":49,"key":"SMITH"},{"data":"Transmutation","floor":53,"key":"SMITH"}],"neow_cost":"NONE","seed_source_timestamp":1371166878498400,"circlet_count":0,"master_deck":["AscendersBane","Bash+1","Twin Strike+1","Shrug It Off+1","Uppercut+1","Evolve","Whirlwind+1","Offering","Ghostly Armor","Impervious","Exhume","Ghostly","Ghostly","Ghostly","Whirlwind+1","Inflame+1","Offering","Twin Strike","Limit Break+1","Thunderclap","Evolve","Demon Form+1","Feed","Hemokinesis","True Grit+1","Transmutation+1","Flash of Steel","Violence","Shrug It Off+1","Intimidate","Shrug It Off","Thunderclap"],"relics":["Burning Blood","PreservedInsect","MawBank","War Paint","InkBottle","Calipers","Cursed Key","Chemical X","Eternal Feather","Whetstone","Strawberry","Vajra","Pandora\u0027s Box","Juzu Bracelet","Lantern","Regal Pillow","ClockworkSouvenir","Ancient Tea Set","Happy Flower"],"potions_floor_usage":[7,10,16,25,33,35,50,51,56],"damage_taken":[{"damage":4,"enemies":"Jaw Worm","floor":1,"turns":5},{"damage":14,"enemies":"Small Slimes","floor":5,"turns":4},{"damage":17,"enemies":"3 Sentries","floor":7,"turns":7},{"damage":15,"enemies":"Lagavulin","floor":10,"turns":5},{"damage":0,"enemies":"Cultist","floor":11,"turns":3},{"damage":17,"enemies":"3 Louse","floor":13,"turns":3},{"damage":7,"enemies":"3 Sentries","floor":14,"turns":5},{"damage":33,"enemies":"Slime Boss","floor":16,"turns":13},{"damage":29,"enemies":"2 Thieves","floor":18,"turns":3},{"damage":6,"enemies":"Chosen","floor":19,"turns":2},{"damage":9,"enemies":"Centurion and Healer","floor":21,"turns":5},{"damage":6,"enemies":"Slavers","floor":23,"turns":4},{"damage":18,"enemies":"Book of Stabbing","floor":25,"turns":5},{"damage":7,"enemies":"Snecko","floor":27,"turns":4},{"damage":0,"enemies":"Slavers","floor":29,"turns":2},{"damage":0,"enemies":"Chosen and Byrds","floor":30,"turns":3},{"damage":17,"enemies":"Champ","floor":33,"turns":11},{"damage":1,"enemies":"3 Darklings","floor":35,"turns":4},{"damage":3,"enemies":"3 Shapes","floor":36,"turns":4},{"damage":14,"enemies":"Writhing Mass","floor":39,"turns":6},{"damage":8,"enemies":"Nemesis","floor":40,"turns":5},{"damage":8,"enemies":"Giant Head","floor":42,"turns":5},{"damage":30,"enemies":"Nemesis","floor":45,"turns":5},{"damage":15,"enemies":"Donu and Deca","floor":50,"turns":5},{"damage":10,"enemies":"Awakened One","floor":51,"turns":7},{"damage":10,"enemies":"Shield and Spear","floor":55,"turns":5},{"damage":44,"enemies":"The Heart","floor":56,"turns":5}],"seed_played":"-8347813628169346845","potions_obtained":[{"floor":7,"key":"PowerPotion"},{"floor":10,"key":"Dexterity Potion"},{"floor":14,"key":"FairyPotion"},{"floor":21,"key":"Swift Potion"},{"floor":23,"key":"Dexterity Potion"},{"floor":27,"key":"Fire Potion"},{"floor":33,"key":"FearPotion"},{"floor":35,"key":"Block Potion"},{"floor":42,"key":"Strength Potion"},{"floor":55,"key":"Ancient Potion"}],"is_trial":false,"path_per_floor":["M","?","?","$","M","R","E","R","T","E","M","R","M","E","R","B",null,"M","M","?","M","$","E","?","E","T","M","R","E","M","?","R","B",null,"M","M","?","$","M","E","R","E","T","R","E","$","?","?","R","B","B",null,"R","$","E","B"],"character_chosen":"IRONCLAD","items_purchased":["PreservedInsect","SteroidPotion","Chemical X","Eternal Feather","ClockworkSouvenir","PowerPotion","Shrug It Off"],"campfire_rested":2,"item_purchase_floors":[4,4,22,22,46,46,46],"current_hp_per_floor":[70,59,36,36,28,50,39,39,39,30,36,36,25,24,46,19,61,38,38,75,72,72,72,37,32,32,31,43,44,44,44,44,33,41,44,47,37,37,29,27,45,43,43,47,23,23,23,23,41,32,28,42,47,47,43,0],"gold":40,"neow_bonus":"HUNDRED_GOLD","is_prod":false,"is_daily":false,"chose_seed":false,"campfire_upgraded":7,"win_rate":0,"timestamp":1614582989,"path_taken":["M","?","?","$","M","R","E","R","T","E","M","R","M","E","R","BOSS","M","M","?","?","$","E","?","E","T","M","R","E","M","?","R","BOSS","M","M","?","$","M","E","R","E","T","R","E","$","?","?","R","BOSS","BOSS","R","$","E","BOSS"],"build_version":"2020-12-18","purchased_purges":2,"victory":false,"max_hp_per_floor":[75,75,75,75,75,75,75,75,75,75,75,75,75,75,75,75,75,75,75,75,75,75,75,37,44,44,44,44,44,44,44,44,44,44,44,47,47,47,47,47,47,47,47,47,47,47,47,47,47,47,47,47,47,47,47,47],"relic_stats":{"Regal Pillow":0,"Happy Flower":[1],"counters":[27,135],"Eternal Feather":57,"PreservedInsect":539,"Juzu Bracelet":1,"Whetstone":["Strike_R","Strike_R"],"War Paint":["Shrug It Off","Defend_R"],"MawBank":180,"Cursed Key":1,"Burning Blood":140,"Pandora\u0027s Box":["Twin Strike","Limit Break","Thunderclap","Evolve","Combust","Demon Form","Feed","Hemokinesis"],"Chemical X":[49],"obtain_stats":[{"Lantern":42,"Regal Pillow":45,"Calipers":14,"Happy Flower":55,"Vajra":29,"Eternal Feather":22,"PreservedInsect":4,"Juzu Bracelet":40,"Whetstone":23,"War Paint":9,"MawBank":7,"Cursed Key":17,"Ancient Tea Set":47,"Burning Blood":0,"ClockworkSouvenir":46,"Strawberry":25,"Pandora\u0027s Box":34,"Chemical X":22,"InkBottle":10},{"Lantern":22,"Regal Pillow":23,"Calipers":7,"Happy Flower":26,"Vajra":15,"Eternal Feather":11,"PreservedInsect":1,"Juzu Bracelet":21,"Whetstone":12,"War Paint":3,"MawBank":3,"Cursed Key":8,"Ancient Tea Set":23,"Burning Blood":0,"ClockworkSouvenir":23,"Strawberry":13,"Pandora\u0027s Box":17,"Chemical X":11,"InkBottle":4},{"Lantern":108,"Regal Pillow":113,"Calipers":32,"Happy Flower":130,"Vajra":70,"Eternal Feather":55,"PreservedInsect":5,"Juzu Bracelet":103,"Whetstone":59,"War Paint":16,"MawBank":16,"Cursed Key":45,"Ancient Tea Set":113,"Burning Blood":0,"ClockworkSouvenir":113,"Strawberry":64,"Pandora\u0027s Box":84,"Chemical X":55,"InkBottle":21}],"InkBottle":[42]},"card_choices":[{"not_picked":["Iron Wave","Sword Boomerang"],"picked":"Twin Strike","floor":1},{"not_picked":["Sword Boomerang","Iron Wave"],"picked":"Shrug It Off","floor":5},{"not_picked":["Corruption","Body Slam"],"picked":"Uppercut","floor":7},{"not_picked":["Pommel Strike","Perfected Strike"],"picked":"Evolve","floor":10},{"not_picked":["Warcry","Dual Wield"],"picked":"Whirlwind","floor":11},{"not_picked":["Clothesline","Wild Strike"],"picked":"Metallicize","floor":13},{"not_picked":["Clothesline","Uppercut","Rupture"],"picked":"SKIP","floor":14},{"not_picked":["Berserk","Exhume"],"picked":"Offering","floor":16},{"not_picked":["Wild Strike","Flex","Clash+1"],"picked":"SKIP","floor":18},{"not_picked":["True Grit","Dual Wield"],"picked":"Ghostly Armor","floor":19},{"not_picked":["Rupture","Entrench"],"picked":"Impervious","floor":21},{"not_picked":["Armaments","True Grit"],"picked":"Exhume","floor":23},{"not_picked":["Rampage","Havoc"],"picked":"Whirlwind","floor":25},{"not_picked":["Wild Strike","Sword Boomerang+1","Uppercut+1"],"picked":"SKIP","floor":27},{"not_picked":["Seeing Red","Second Wind+1","Searing Blow"],"picked":"SKIP","floor":29},{"not_picked":["Pummel","Heavy Blade","Second Wind"],"picked":"SKIP","floor":30},{"not_picked":["Fiend Fire","Immolate"],"picked":"Offering","floor":33},{"not_picked":["Blood for Blood","Flex","Pommel Strike+1"],"picked":"SKIP","floor":35},{"not_picked":["Headbutt+1","Perfected Strike"],"picked":"True Grit+1","floor":36},{"not_picked":["Purity","Swift Strike"],"picked":"Transmutation","floor":37},{"not_picked":["Panacea","Impatience"],"picked":"Flash of Steel","floor":37},{"not_picked":["Chrysalis","Deep Breath"],"picked":"Violence","floor":37},{"not_picked":["Rampage+1","Battle Trance"],"picked":"Shrug It Off+1","floor":39},{"not_picked":["Clash","Rampage"],"picked":"Intimidate","floor":40},{"not_picked":["Heavy Blade","Anger","Bludgeon"],"picked":"SKIP","floor":42},{"not_picked":["Twin Strike+1","Pommel Strike","Flame Barrier"],"picked":"SKIP","floor":45},{"not_picked":["Wild Strike","Cleave","Metallicize"],"picked":"SKIP","floor":55}],"player_experience":3561136,"relics_obtained":[{"floor":7,"key":"MawBank"},{"floor":9,"key":"War Paint"},{"floor":10,"key":"InkBottle"},{"floor":14,"key":"Calipers"},{"floor":23,"key":"Whetstone"},{"floor":25,"key":"Strawberry"},{"floor":29,"key":"Vajra"},{"floor":40,"key":"Juzu Bracelet"},{"floor":42,"key":"Lantern"},{"floor":45,"key":"Regal Pillow"},{"floor":47,"key":"Ancient Tea Set"},{"floor":55,"key":"Happy Flower"}],"event_choices":[{"damage_healed":0,"gold_gain":75,"player_choice":"Gather Gold","damage_taken":11,"max_hp_gain":0,"max_hp_loss":0,"event_name":"World of Goop","floor":2,"gold_loss":0},{"damage_healed":0,"gold_gain":0,"player_choice":"Entered Light","damage_taken":23,"max_hp_gain":0,"max_hp_loss":0,"event_name":"Shining Light","floor":3,"gold_loss":0,"cards_upgraded":["Bash","Twin Strike"]},{"cards_removed":["Metallicize"],"damage_healed":37,"gold_gain":0,"player_choice":"Offered Uncommon","damage_taken":0,"max_hp_gain":0,"max_hp_loss":0,"event_name":"Bonfire Elementals","floor":20,"gold_loss":0},{"damage_healed":0,"gold_gain":0,"player_choice":"Became a Ghost","damage_taken":0,"max_hp_gain":0,"max_hp_loss":38,"event_name":"Ghosts","floor":24,"gold_loss":0,"cards_obtained":["Ghostly","Ghostly","Ghostly"]},{"damage_healed":0,"gold_gain":0,"player_choice":"Read","damage_taken":0,"max_hp_gain":0,"max_hp_loss":0,"event_name":"The Library","floor":31,"gold_loss":0,"cards_obtained":["Inflame"]},{"damage_healed":0,"gold_gain":0,"player_choice":"Memory 3","damage_taken":10,"max_hp_gain":0,"max_hp_loss":0,"event_name":"SensoryStone","floor":37,"gold_loss":0},{"damage_healed":0,"gold_gain":0,"player_choice":"Relic","damage_taken":0,"max_hp_gain":0,"max_hp_loss":0,"event_name":"Wheel of Change","floor":47,"gold_loss":0},{"damage_healed":0,"gold_gain":0,"cards_transformed":["Combust"],"player_choice":"Transformed","damage_taken":0,"max_hp_gain":0,"max_hp_loss":0,"event_name":"Transmorgrifier","floor":48,"gold_loss":0,"cards_obtained":["Thunderclap"]}],"is_beta":true,"boss_relics":[{"not_picked":["Black Blood","Sozu"],"picked":"Cursed Key"},{"not_picked":["Busted Crown","Empty Cage"],"picked":"Pandora\u0027s Box"}],"items_purged_floors":[22,38],"is_endless":false,"potions_floor_spawned":[7,10,14,21,23,27,30,33,35,42,55],"killed_by":"The Heart","ascension_level":20}