{"gold_per_floor":[110,123,143,143,68,68,102,102,102,132,132,145,145,180,180,180],"floor_reached":16,"playtime":662,"items_purged":[],"score":236,"play_id":"482e4cba-7f54-474a-a782-28875e9aa99b","local_time":"20210224204727","is_ascension_mode":true,"campfire_choices":[{"data":"Armaments","floor":6,"key":"SMITH"},{"data":"Fiend Fire","floor":8,"key":"SMITH"},{"data":"Inflame","floor":15,"key":"SMITH"}],"neow_cost":"TEN_PERCENT_HP_LOSS","seed_source_timestamp":1019499633875800,"circlet_count":0,"master_deck":["AscendersBane","Strike_R","Strike_R","Strike_R+1","Defend_R+1","Defend_R+1","Bash","Infernal Blade","Twin Strike+1","Fiend Fire+1","Armaments+1","Feel No Pain","Inflame+1","Shrug It Off"],"relics":["Burning Blood","StrikeDummy","Meat on the Bone","Whetstone"],"potions_floor_usage":[12,14],"damage_taken":[{"damage":7,"enemies":"Jaw Worm","floor":1,"turns":3},{"damage":7,"enemies":"2 Louse","floor":2,"turns":3},{"damage":5,"enemies":"Small Slimes","floor":3,"turns":3},{"damage":27,"enemies":"Gremlin Nob","floor":7,"turns":4},{"damage":15,"enemies":"Lagavulin","floor":10,"turns":8},{"damage":0,"enemies":"Red Slaver","floor":12,"turns":1},{"damage":19,"enemies":"Gremlin Nob","floor":14,"turns":4},{"damage":42,"enemies":"Hexaghost","floor":16,"turns":7}],"seed_played":"3633913183146425232","potions_obtained":[{"floor":2,"key":"Energy Potion"},{"floor":10,"key":"SmokeBomb"},{"floor":12,"key":"Block Potion"}],"is_trial":false,"path_per_floor":["M","M","M","?","?","R","E","R","T","E","?","M","?","E","R","B"],"character_chosen":"IRONCLAD","items_purchased":[],"campfire_rested":0,"item_purchase_floors":[],"current_hp_per_floor":[67,66,67,67,67,67,46,46,46,37,17,35,35,34,34,0],"gold":180,"neow_bonus":"TRANSFORM_TWO_CARDS","is_prod":false,"is_daily":false,"chose_seed":false,"campfire_upgraded":3,"win_rate":0,"timestamp":1614228447,"path_taken":["M","M","M","?","?","R","E","R","T","E","?","M","?","E","R","BOSS"],"build_version":"2020-12-18","purchased_purges":0,"victory":false,"max_hp_per_floor":[68,68,68,68,68,68,68,68,68,68,68,68,68,68,68,68],"relic_stats":{"counters":[8,33],"Whetstone":["Twin Strike","Strike_R"],"obtain_stats":[{"Whetstone":14,"StrikeDummy":7,"Burning Blood":0,"Meat on the Bone":10},{"Whetstone":7,"StrikeDummy":4,"Burning Blood":0,"Meat on the Bone":5},{"Whetstone":26,"StrikeDummy":13,"Burning Blood":0,"Meat on the Bone":21}],"Burning Blood":42,"Meat on the Bone":24},"card_choices":[{"not_picked":["Anger","Cleave","Sword Boomerang"],"picked":"SKIP","floor":1},{"not_picked":["Sword Boomerang","Cleave"],"picked":"Fiend Fire","floor":2},{"not_picked":["Anger","Warcry"],"picked":"Armaments","floor":3},{"not_picked":["Exhume","Headbutt"],"picked":"Feel No Pain","floor":7},{"not_picked":["Rupture","Sentinel"],"picked":"Inflame","floor":10},{"not_picked":["True Grit","Brutality"],"picked":"Shrug It Off","floor":12},{"not_picked":["Sword Boomerang","Iron Wave","Exhume"],"picked":"SKIP","floor":14},{"not_picked":["Sword Boomerang","Iron Wave","Exhume"],"picked":"SKIP","floor":14}],"player_experience":3493918,"relics_obtained":[{"floor":7,"key":"StrikeDummy"},{"floor":10,"key":"Meat on the Bone"},{"floor":14,"key":"Whetstone"}],"event_choices":[{"damage_healed":0,"gold_gain":0,"player_choice":"Ignored","damage_taken":0,"max_hp_gain":0,"max_hp_loss":0,"event_name":"Liars Game","floor":4,"gold_loss":0},{"cards_removed":["Strike_R"],"damage_healed":0,"gold_gain":0,"player_choice":"Card Removal","damage_taken":0,"max_hp_gain":0,"max_hp_loss":0,"event_name":"The Cleric","floor":5,"gold_loss":75},{"damage_healed":0,"gold_gain":0,"player_choice":"Entered Light","damage_taken":20,"max_hp_gain":0,"max_hp_loss":0,"event_name":"Shining Light","floor":11,"gold_loss":0,"cards_upgraded":["Defend_R","Defend_R"]},{"cards_removed":["Defend_R"],"damage_healed":0,"gold_gain":0,"player_choice":"Purged","damage_taken":0,"max_hp_gain":0,"max_hp_loss":0,"event_name":"Purifier","floor":13,"gold_loss":0}],"is_beta":true,"boss_relics":[],"items_purged_floors":[],"is_endless":false,"potions_floor_spawned":[2,10,12],"killed_by":"Hexaghost","ascension_level":20}