{"gold_per_floor":[116,116,36,49,124,147,147,171,197,239,239,264,309,29,29,134,134,148,98,18,46,79,79,79,123,174,196,39,92,92,134,134,237,237,257,331,371,390,415,467,467,498,498,538,538,370,56,96,96,96,96,96,96,41,85,85],"floor_reached":56,"playtime":5119,"items_purged":["Strike_R"],"score":2083,"play_id":"b608bdf3-83e5-489f-9552-a87376303f2b","local_time":"20210225193543","is_ascension_mode":true,"campfire_choices":[{"data":"Armaments","floor":7.0,"key":"SMITH"},{"data":"Sever Soul","floor":11.0,"key":"SMITH"},{"data":"Uppercut","floor":15.0,"key":"SMITH"},{"data":"Spot Weakness","floor":24,"key":"SMITH"},{"floor":30,"key":"REST"},{"data":"Limit Break","floor":32,"key":"SMITH"},{"floor":41,"key":"RECALL"},{"data":"Impervious","floor":49,"key":"SMITH"},{"data":"Battle Trance","floor":53,"key":"SMITH"}],"neow_cost":"TEN_PERCENT_HP_LOSS","seed_source_timestamp":0,"circlet_count":0,"master_deck":["AscendersBane","Strike_R","Strike_R","Strike_R","Defend_R","Defend_R","Defend_R","Bash","Infernal Blade","Pommel Strike","Sever Soul+1","Evolve","Rage","Spot Weakness+1","Reaper","Uppercut+1","Impervious","Reaper","Battle Trance+1","Reaper","Feel No Pain+1","Entrench+1","Blood for Blood+1","Dual Wield","Flex+1","Limit Break+1","Shrug It Off","Offering","Burning Pact+1","Shrug It Off+1","Barricade+1","Intimidate+1","Impervious+1"],"special_seed":0,"relics":["Burning Blood","Golden Idol","Red Skull","CeramicFish","Frozen Egg 2","Runic Dome","Lantern","Art of War","Anchor","HornCleat","Ornamental Fan","Velvet Choker","Incense Burner","StoneCalendar","Meat on the Bone","Strawberry","Pen Nib","Medical Kit","Brimstone","MealTicket","Mercury Hourglass"],"potions_floor_usage":[25,29,33,42,44,55,56],"damage_taken":[{"damage":0.0,"enemies":"2 Louse","floor":1.0,"turns":3.0},{"damage":2.0,"enemies":"Cultist","floor":4.0,"turns":4.0},{"damage":9.0,"enemies":"Jaw Worm","floor":6.0,"turns":3.0},{"damage":8.0,"enemies":"Exordium Thugs","floor":8.0,"turns":4.0},{"damage":21.0,"enemies":"3 Sentries","floor":10.0,"turns":6.0},{"damage":13.0,"enemies":"Large Slime","floor":12.0,"turns":4.0},{"damage":22.0,"enemies":"Lagavulin","floor":13.0,"turns":7.0},{"damage":50.0,"enemies":"Hexaghost","floor":16.0,"turns":9.0},{"damage":41,"enemies":"Spheric Guardian","floor":18,"turns":6},{"damage":4,"enemies":"Chosen","floor":21,"turns":5},{"damage":25,"enemies":"Snake Plant","floor":22,"turns":5},{"damage":22,"enemies":"Gremlin Leader","floor":25,"turns":6},{"damage":9,"enemies":"Centurion and Healer","floor":27,"turns":8},{"damage":87,"enemies":"Book of Stabbing","floor":29,"turns":6},{"damage":27,"enemies":"Gremlin Leader","floor":31,"turns":5},{"damage":70,"enemies":"Automaton","floor":33,"turns":9},{"damage":26,"enemies":"3 Shapes","floor":35,"turns":9},{"damage":59,"enemies":"2 Orb Walkers","floor":36,"turns":5},{"damage":6,"enemies":"Mind Bloom Boss Battle","floor":37,"turns":10},{"damage":15,"enemies":"Orb Walker","floor":38,"turns":4},{"damage":32,"enemies":"Maw","floor":39,"turns":8},{"damage":56,"enemies":"Nemesis","floor":40,"turns":7},{"damage":39,"enemies":"Reptomancer","floor":42,"turns":7},{"damage":38,"enemies":"Giant Head","floor":44,"turns":9},{"damage":24,"enemies":"Reptomancer","floor":48,"turns":6},{"damage":18,"enemies":"Time Eater","floor":50,"turns":9},{"damage":77,"enemies":"Donu and Deca","floor":51,"turns":9},{"damage":71,"enemies":"Shield and Spear","floor":55,"turns":13},{"damage":69,"enemies":"The Heart","floor":56,"turns":3}],"seed_played":"-7364918555626054800","potions_obtained":[{"floor":1.0,"key":"Strength Potion"},{"floor":8.0,"key":"BloodPotion"},{"floor":10.0,"key":"LiquidBronze"},{"floor":21,"key":"Explosive Potion"},{"floor":31,"key":"SneckoOil"},{"floor":36,"key":"AttackPotion"},{"floor":40,"key":"Ancient Potion"},{"floor":42,"key":"BlessingOfTheForge"}],"is_trial":false,"path_per_floor":["M","?","$","M","?","M","R","M","T","E","R","M","E","$","R","B",null,"M","?","$","M","M","?","R","E","T","M","$","E","R","E","R","B",null,"M","?","?","M","M","E","R","E","T","E","?","$","$","E","R","B","B",null,"R","$","E","B"],"character_chosen":"IRONCLAD","items_purchased":["Evolve","Reaper","Battle Trance","SteroidPotion","Feel No Pain+1","Anchor","Medical Kit","Brimstone","Impervious","Swift Potion"],"campfire_rested":1,"item_purchase_floors":[3,14,14,14,20,28,46,47,47,54],"current_hp_per_floor":[68,62,62,62,51,48,48,46,46,43,43,36,34,34,34,15,50,23,23,23,35,45,45,45,62,62,62,62,24,42,62,62,22,52,53,41,62,62,62,48,48,46,46,69,69,69,69,67,67,69,69,69,69,69,69,0],"gold":85,"neow_bonus":"TRANSFORM_TWO_CARDS","is_prod":false,"is_daily":false,"chose_seed":false,"campfire_upgraded":7,"win_rate":0,"timestamp":1614310543,"path_taken":["M","?","$","M","?","M","R","M","T","E","R","M","E","$","R","BOSS","M","?","$","M","?","?","R","E","T","M","?","E","R","E","R","BOSS","M","?","?","M","M","E","R","E","T","E","?","?","$","E","R","BOSS","BOSS","R","$","E","BOSS"],"build_version":"2020-12-18","purchased_purges":1,"victory":false,"max_hp_per_floor":[68,62,62,62,62,62,62,62,62,62,62,62,62,62,62,62,62,62,62,62,62,62,62,62,62,62,62,62,62,62,62,62,62,62,62,62,62,62,62,62,62,69,69,69,69,69,69,69,69,69,69,69,69,69,69,69],"relic_stats":{"counters":[29,189],"Golden Idol":215,"CeramicFish":171,"StoneCalendar":[368],"Pen Nib":[4],"Medical Kit":[13],"Burning Blood":99,"Mercury Hourglass":[9],"Ornamental Fan":[64],"MealTicket":0,"Art of War":[17],"obtain_stats":[{"Lantern":25,"Golden Idol":2,"CeramicFish":10,"Velvet Choker":34,"StoneCalendar":37,"Pen Nib":44,"Incense Burner":36,"Frozen Egg 2":13,"Medical Kit":46,"Burning Blood":0,"Mercury Hourglass":55,"Runic Dome":17,"Anchor":28,"HornCleat":29,"Ornamental Fan":31,"Brimstone":47,"Strawberry":42,"MealTicket":48,"Art of War":26,"Red Skull":9,"Meat on the Bone":40},{"Lantern":12,"Golden Idol":1,"CeramicFish":5,"Velvet Choker":16,"StoneCalendar":19,"Pen Nib":24,"Incense Burner":18,"Frozen Egg 2":7,"Medical Kit":24,"Burning Blood":0,"Mercury Hourglass":28,"Runic Dome":8,"Anchor":13,"HornCleat":14,"Ornamental Fan":15,"Brimstone":24,"Strawberry":23,"MealTicket":25,"Art of War":12,"Red Skull":4,"Meat on the Bone":22},{"Lantern":62,"Golden Idol":3,"CeramicFish":20,"Velvet Choker":90,"StoneCalendar":114,"Pen Nib":149,"Incense Burner":104,"Frozen Egg 2":31,"Medical Kit":149,"Burning Blood":0,"Mercury Hourglass":186,"Runic Dome":40,"Anchor":70,"HornCleat":76,"Ornamental Fan":81,"Brimstone":149,"Strawberry":140,"MealTicket":155,"Art of War":62,"Red Skull":14,"Meat on the Bone":133}],"Meat on the Bone":0},"card_choices":[{"not_picked":["Second Wind","Shrug It Off"],"picked":"Sever Soul","floor":1.0},{"not_picked":["Anger","Wild Strike"],"picked":"Rage","floor":4.0},{"not_picked":["Iron Wave","Flex"],"picked":"Armaments","floor":6.0},{"not_picked":["Clothesline","Pummel"],"picked":"Spot Weakness","floor":8.0},{"not_picked":["Shrug It Off","Headbutt"],"picked":"Reaper","floor":10.0},{"not_picked":["Heavy Blade","Metallicize"],"picked":"Uppercut","floor":12.0},{"not_picked":["Iron Wave","Pommel Strike"],"picked":"Impervious","floor":13.0},{"not_picked":["Bludgeon","Berserk+1"],"picked":"Reaper","floor":16.0},{"not_picked":["Twin Strike","Anger","Sever Soul"],"picked":"SKIP","floor":18},{"not_picked":["Bloodletting","Heavy Blade"],"picked":"Entrench+1","floor":21},{"not_picked":["Twin Strike","Iron Wave"],"picked":"Blood for Blood+1","floor":22},{"not_picked":["Searing Blow","Sever Soul"],"picked":"Dual Wield","floor":25},{"not_picked":["Armaments","Hemokinesis"],"picked":"Flex+1","floor":27},{"not_picked":["Seeing Red","Havoc"],"picked":"Limit Break","floor":29},{"not_picked":["Armaments","Shockwave+1"],"picked":"Shrug It Off","floor":31},{"not_picked":["Fiend Fire","Demon Form+1"],"picked":"Offering","floor":33},{"not_picked":["Wild Strike","Flex+1","Whirlwind"],"picked":"SKIP","floor":35},{"not_picked":["Clash","Shrug It Off"],"picked":"Burning Pact+1","floor":36},{"not_picked":["Iron Wave","Whirlwind+1"],"picked":"Shrug It Off+1","floor":37},{"not_picked":["Bloodletting+1","Shockwave","Flex"],"picked":"SKIP","floor":38},{"not_picked":["Twin Strike+1","Havoc"],"picked":"Barricade+1","floor":39},{"not_picked":["Carnage","Heavy Blade"],"picked":"Intimidate+1","floor":40},{"not_picked":["Pommel Strike","Anger","Combust+1"],"picked":"SKIP","floor":42},{"not_picked":["Sentinel","Iron Wave","Fire Breathing+1"],"picked":"SKIP","floor":44},{"not_picked":["Carnage","Hemokinesis","Anger"],"picked":"SKIP","floor":48},{"not_picked":["Thunderclap","Reckless Charge+1","Armaments"],"picked":"SKIP","floor":55}],"player_experience":3499106,"relics_obtained":[{"floor":9.0,"key":"Red Skull"},{"floor":10.0,"key":"CeramicFish"},{"floor":13.0,"key":"Frozen Egg 2"},{"floor":25,"key":"Lantern"},{"floor":26,"key":"Art of War"},{"floor":29,"key":"HornCleat"},{"floor":31,"key":"Ornamental Fan"},{"floor":36,"key":"Incense Burner"},{"floor":37,"key":"StoneCalendar"},{"floor":40,"key":"Meat on the Bone"},{"floor":42,"key":"Strawberry"},{"floor":44,"key":"Pen Nib"},{"floor":48,"key":"MealTicket"},{"floor":55,"key":"Mercury Hourglass"}],"event_choices":[{"damage_healed":0.0,"max_hp_gain":0.0,"max_hp_loss":6.0,"gold_gain":0.0,"event_name":"Golden Idol","player_choice":"Lose Max HP","floor":2.0,"gold_loss":0.0,"damage_taken":0.0,"relics_obtained":["Golden Idol"]},{"damage_healed":0.0,"max_hp_gain":0.0,"max_hp_loss":0.0,"gold_gain":75.0,"event_name":"World of Goop","player_choice":"Gather Gold","floor":5.0,"gold_loss":0.0,"damage_taken":11.0},{"damage_healed":0,"gold_gain":0,"player_choice":"Bet on Murderer","damage_taken":0,"max_hp_gain":0,"max_hp_loss":0,"event_name":"The Joust","floor":19,"gold_loss":50},{"damage_healed":0,"gold_gain":0,"player_choice":"Ignored","damage_taken":0,"max_hp_gain":0,"max_hp_loss":0,"event_name":"The Mausoleum","floor":23,"gold_loss":0},{"damage_healed":0,"gold_gain":0,"player_choice":"Fight","damage_taken":0,"max_hp_gain":0,"max_hp_loss":0,"event_name":"Mysterious Sphere","floor":36,"gold_loss":0},{"damage_healed":0,"gold_gain":0,"player_choice":"Fight","damage_taken":0,"max_hp_gain":0,"max_hp_loss":0,"event_name":"MindBloom","floor":37,"gold_loss":0},{"cards_removed":["Armaments"],"damage_healed":0,"gold_gain":0,"player_choice":"Removed Skill","damage_taken":0,"max_hp_gain":0,"max_hp_loss":0,"event_name":"Falling","floor":45,"gold_loss":0}],"is_beta":true,"boss_relics":[{"not_picked":["Fusion Hammer","Runic Pyramid"],"picked":"Runic Dome"},{"not_picked":["Tiny House","SacredBark"],"picked":"Velvet Choker"}],"items_purged_floors":[14],"is_endless":false,"potions_floor_spawned":[1,8,10,21,22,31,36,40,42],"killed_by":"The Heart","ascension_level":20}