{"gold_per_floor":[217,23,75,134,229,229,287,287,310,347,409,514,447,476,476,575,575,618,687,687,162,206,264,334,334,379,379,447,506,573,640,640,640],"floor_reached":33,"playtime":4864,"items_purged":["Strike_R"],"score":647,"play_id":"8a1ffd73-23cb-4d67-99b0-ed15b1f56415","local_time":"20210226144851","is_ascension_mode":true,"campfire_choices":[{"data":"HandOfGreed","floor":6.0,"key":"SMITH"},{"data":"Bash","floor":8.0,"key":"SMITH"},{"data":"Strike_R","floor":15.0,"key":"SMITH"},{"data":"Blood for Blood","floor":25.0,"key":"SMITH"},{"floor":27.0,"key":"REST"},{"floor":32,"key":"REST"}],"neow_cost":"NONE","seed_source_timestamp":0,"circlet_count":0,"master_deck":["AscendersBane","Strike_R","Strike_R","Strike_R","Strike_R+1","Defend_R","Defend_R","Defend_R","Defend_R","Bash+1","HandOfGreed+1","True Grit","Battle Trance","Offering","Shrug It Off","Shrug It Off","Impervious","Disarm+1","Blood for Blood+1","Evolve","Feel No Pain","Power Through"],"special_seed":0,"relics":["Burning Blood","Vajra","Strawberry","Bronze Scales","StrikeDummy","Velvet Choker","TheAbacus","InkBottle","Matryoshka","Omamori","Art of War","Centennial Puzzle"],"potions_floor_usage":[],"damage_taken":[{"damage":12.0,"enemies":"Cultist","floor":1.0,"turns":4.0},{"damage":3.0,"enemies":"2 Louse","floor":3.0,"turns":4.0},{"damage":0.0,"enemies":"Small Slimes","floor":4.0,"turns":3.0},{"damage":18.0,"enemies":"Gremlin Gang","floor":5.0,"turns":8.0},{"damage":8.0,"enemies":"Gremlin Nob","floor":7.0,"turns":3.0},{"damage":6.0,"enemies":"Looter","floor":10.0,"turns":3.0},{"damage":22.0,"enemies":"Large Slime","floor":11.0,"turns":6.0},{"damage":29.0,"enemies":"3 Sentries","floor":12.0,"turns":8.0},{"damage":14.0,"enemies":"Gremlin Nob","floor":14.0,"turns":3.0},{"damage":24.0,"enemies":"Hexaghost","floor":16.0,"turns":8.0},{"damage":23.0,"enemies":"2 Thieves","floor":18.0,"turns":3.0},{"damage":6.0,"enemies":"3 Byrds","floor":19.0,"turns":4.0},{"damage":16.0,"enemies":"Snecko","floor":22.0,"turns":5.0},{"damage":21.0,"enemies":"Gremlin Leader","floor":23.0,"turns":7.0},{"damage":6.0,"enemies":"Cultist and Chosen","floor":24.0,"turns":5.0},{"damage":7.0,"enemies":"3 Cultists","floor":28.0,"turns":5.0},{"damage":24.0,"enemies":"Slavers","floor":29.0,"turns":6.0},{"damage":11,"enemies":"Centurion and Healer","floor":30,"turns":7},{"damage":1,"enemies":"Cultist and Chosen","floor":31,"turns":7},{"damage":70,"enemies":"Automaton","floor":33,"turns":10}],"seed_played":"-1741631614886154941","potions_obtained":[{"floor":3.0,"key":"SneckoOil"},{"floor":7.0,"key":"DistilledChaos"},{"floor":10.0,"key":"Regen Potion"},{"floor":16.0,"key":"ColorlessPotion"},{"floor":18.0,"key":"Fruit Juice"},{"floor":20.0,"key":"Block Potion"},{"floor":20.0,"key":"EntropicBrew"},{"floor":23.0,"key":"Ancient Potion"},{"floor":24.0,"key":"Block Potion"},{"floor":28.0,"key":"FearPotion"}],"is_trial":false,"path_per_floor":["M","$","M","M","M","R","E","R","T","M","M","E","?","E","R","B",null,"M","M","?","$","M","E","M","R","T","R","M","E","M","M","R","B"],"character_chosen":"IRONCLAD","items_purchased":["HandOfGreed","TheAbacus","InkBottle"],"campfire_rested":2,"item_purchase_floors":[2,21,21],"current_hp_per_floor":[62,62,65,71,59,59,57,57,64,64,48,40,40,32,32,14,65,48,48,53,53,43,28,28,28,28,54,53,35,30,35,61,0],"gold":640,"neow_bonus":"HUNDRED_GOLD","is_prod":false,"is_daily":false,"chose_seed":false,"campfire_upgraded":4,"win_rate":0,"timestamp":1614379731,"path_taken":["M","$","M","M","M","R","E","R","T","M","?","E","?","E","R","BOSS","M","M","?","$","M","E","M","R","T","R","?","E","M","M","R","BOSS"],"build_version":"2020-12-18","purchased_purges":1,"victory":false,"max_hp_per_floor":[75,75,75,75,75,75,75,75,82,82,82,82,82,82,82,82,82,82,82,87,87,87,87,87,87,87,87,87,87,87,87,87,87],"relic_stats":{"Centennial Puzzle":[9],"TheAbacus":[114],"counters":[20,109],"Bronze Scales":[243],"Art of War":[6],"obtain_stats":[{"Centennial Puzzle":29,"TheAbacus":21,"Matryoshka":23,"Strawberry":9,"Bronze Scales":12,"Vajra":7,"Velvet Choker":17,"Omamori":26,"Art of War":26,"StrikeDummy":14,"Burning Blood":0,"InkBottle":21},{"Centennial Puzzle":17,"TheAbacus":12,"Matryoshka":14,"Strawberry":5,"Bronze Scales":8,"Vajra":5,"Velvet Choker":10,"Omamori":15,"Art of War":15,"StrikeDummy":9,"Burning Blood":0,"InkBottle":12},{"Centennial Puzzle":85,"TheAbacus":57,"Matryoshka":69,"Strawberry":22,"Bronze Scales":39,"Vajra":22,"Velvet Choker":50,"Omamori":74,"Art of War":74,"StrikeDummy":42,"Burning Blood":0,"InkBottle":57}],"Burning Blood":114,"InkBottle":[9]},"card_choices":[{"not_picked":["Iron Wave","Entrench","True Grit"],"picked":"SKIP","floor":1.0},{"not_picked":["Reckless Charge","Havoc","Perfected Strike"],"picked":"SKIP","floor":3.0},{"not_picked":["Sword Boomerang","Pommel Strike"],"picked":"True Grit","floor":4.0},{"not_picked":["Sword Boomerang","Dropkick","Clash"],"picked":"SKIP","floor":5.0},{"not_picked":["Flex","Uppercut"],"picked":"Battle Trance","floor":7.0},{"not_picked":["Flex","Rupture","Iron Wave"],"picked":"SKIP","floor":10.0},{"not_picked":["Pommel Strike","Metallicize"],"picked":"Offering","floor":11.0},{"not_picked":["Heavy Blade","Power Through"],"picked":"Shrug It Off","floor":12.0},{"not_picked":["Warcry","Heavy Blade"],"picked":"Shrug It Off","floor":14.0},{"not_picked":["Reaper","Exhume"],"picked":"Impervious","floor":16.0},{"not_picked":["Rupture","Dark Embrace","Clash"],"picked":"SKIP","floor":18.0},{"not_picked":["Perfected Strike","Sword Boomerang","Havoc"],"picked":"SKIP","floor":19.0},{"not_picked":["Perfected Strike","Headbutt","Flex"],"picked":"SKIP","floor":22.0},{"not_picked":["Sword Boomerang","Hemokinesis+1"],"picked":"Disarm+1","floor":23.0},{"not_picked":["True Grit","Twin Strike"],"picked":"Blood for Blood","floor":24.0},{"not_picked":["Thunderclap","Infernal Blade+1"],"picked":"Evolve","floor":28.0},{"not_picked":["Pummel","Body Slam"],"picked":"Feel No Pain","floor":29.0},{"not_picked":["Heavy Blade","Thunderclap"],"picked":"Power Through","floor":30},{"not_picked":["Thunderclap","Clash","Disarm"],"picked":"SKIP","floor":31}],"player_experience":3504225,"relics_obtained":[{"floor":7.0,"key":"Vajra"},{"floor":9.0,"key":"Strawberry"},{"floor":12.0,"key":"Bronze Scales"},{"floor":14.0,"key":"StrikeDummy"},{"floor":23.0,"key":"Matryoshka"},{"floor":26.0,"key":"Omamori"},{"floor":26.0,"key":"Art of War"},{"floor":29.0,"key":"Centennial Puzzle"}],"event_choices":[{"damage_healed":0.0,"max_hp_gain":0.0,"max_hp_loss":0.0,"gold_gain":0.0,"event_name":"World of Goop","player_choice":"Left Gold","floor":13.0,"gold_loss":67.0,"damage_taken":0.0},{"damage_healed":0.0,"max_hp_gain":0.0,"max_hp_loss":0.0,"gold_gain":0.0,"event_name":"Lab","player_choice":"Got Potions","floor":20.0,"gold_loss":0.0,"damage_taken":0.0}],"is_beta":true,"boss_relics":[{"not_picked":["Fusion Hammer","Busted Crown"],"picked":"Velvet Choker"}],"items_purged_floors":[21],"is_endless":false,"potions_floor_spawned":[3,7,10,16,18,23,24,28],"killed_by":"Automaton","ascension_level":20}