{"gold_per_floor":[109,109,124,14,29,58,58,92,139,139,154,168,168,195,195,273,273,286,286,298,106,21,53,53,80,152,152,180,180,192,203,203,280,280,297,297,310,610,306,333,347,382,382,392,392,260,48,48,48,48,48,48,48,21,49,49],"floor_reached":57,"playtime":4928,"items_purged":[],"score":2872,"play_id":"b326b096-5885-46c6-a0c2-85e04f8bbe7f","local_time":"20210301210927","is_ascension_mode":true,"campfire_choices":[{"data":"Bash","floor":7.0,"key":"SMITH"},{"data":"Fire Breathing","floor":10.0,"key":"SMITH"},{"data":"Impervious","floor":15.0,"key":"SMITH"},{"data":"Flame Barrier","floor":24.0,"key":"SMITH"},{"data":"Spot Weakness","floor":27.0,"key":"SMITH"},{"data":"Demon Form","floor":32.0,"key":"SMITH"},{"floor":45,"key":"RECALL"},{"floor":49,"key":"DIG"},{"floor":53,"key":"DIG"}],"neow_cost":"TEN_PERCENT_HP_LOSS","seed_source_timestamp":1448491899520700,"circlet_count":0,"master_deck":["AscendersBane","Strike_R+1","Strike_R+1","Strike_R+1","Strike_R+1","Defend_R+1","Defend_R+1","Defend_R+1","Bash+1","Reaper+1","Impervious+1","Fire Breathing+1","Headbutt+1","Perfected Strike+1","Twin Strike+1","Blood for Blood+1","Iron Wave+1","Reaper+1","Perfected Strike+1","Flame Barrier","Flame Barrier+1","Spot Weakness+1","Battle Trance","Demon Form+1","Evolve","Demon Form","True Grit+1","Reaper+1","Offering","Blind","Barricade","Exhume","Dark Embrace","Pommel Strike+1","Flame Barrier","PanicButton","Shockwave"],"special_seed":0,"relics":["Burning Blood","Molten Egg 2","Toy Ornithopter","Pear","Art of War","Letter Opener","Snecko Eye","Membership Card","Ancient Tea Set","Pen Nib","Mummified Hand","Lantern","Fusion Hammer","Pantograph","Shovel","Nunchaku","Magic Flower","Pocketwatch","Orrery","Centennial Puzzle","Torii","Ornamental Fan","Du-Vu Doll"],"potions_floor_usage":[56],"damage_taken":[{"damage":4.0,"enemies":"2 Louse","floor":1.0,"turns":5.0},{"damage":1.0,"enemies":"Small Slimes","floor":3.0,"turns":5.0},{"damage":2.0,"enemies":"Jaw Worm","floor":5.0,"turns":4.0},{"damage":20.0,"enemies":"Lagavulin","floor":6.0,"turns":5.0},{"damage":30.0,"enemies":"3 Sentries","floor":8.0,"turns":5.0},{"damage":2.0,"enemies":"3 Louse","floor":11.0,"turns":3.0},{"damage":3.0,"enemies":"2 Fungi Beasts","floor":12.0,"turns":4.0},{"damage":21.0,"enemies":"Lagavulin","floor":14.0,"turns":6.0},{"damage":0.0,"enemies":"Slime Boss","floor":16.0,"turns":6.0},{"damage":14.0,"enemies":"Shell Parasite","floor":18.0,"turns":3.0},{"damage":0.0,"enemies":"3 Byrds","floor":20.0,"turns":4.0},{"damage":10.0,"enemies":"Gremlin Leader","floor":23.0,"turns":4.0},{"damage":10.0,"enemies":"Slavers","floor":25.0,"turns":5.0},{"damage":14.0,"enemies":"Gremlin Leader","floor":28.0,"turns":6.0},{"damage":8.0,"enemies":"Snecko","floor":30.0,"turns":6.0},{"damage":0.0,"enemies":"Cultist and Chosen","floor":31.0,"turns":4.0},{"damage":31.0,"enemies":"Champ","floor":33.0,"turns":12.0},{"damage":0.0,"enemies":"3 Shapes","floor":35.0,"turns":1.0},{"damage":1.0,"enemies":"Orb Walker","floor":37.0,"turns":3.0},{"damage":38,"enemies":"Nemesis","floor":40,"turns":5},{"damage":24,"enemies":"Writhing Mass","floor":41,"turns":11},{"damage":21,"enemies":"Reptomancer","floor":42,"turns":9},{"damage":4,"enemies":"Transient","floor":44,"turns":6},{"damage":35,"enemies":"Awakened One","floor":50,"turns":10},{"damage":50,"enemies":"Time Eater","floor":51,"turns":8},{"damage":26,"enemies":"Shield and Spear","floor":55,"turns":6},{"damage":91,"enemies":"The Heart","floor":56,"turns":8}],"seed_played":"-1799717370676012677","potions_obtained":[{"floor":8.0,"key":"SneckoOil"},{"floor":12.0,"key":"EssenceOfSteel"},{"floor":14.0,"key":"ElixirPotion"},{"floor":20.0,"key":"GamblersBrew"},{"floor":23.0,"key":"Dexterity Potion"},{"floor":31.0,"key":"BloodPotion"}],"is_trial":false,"path_per_floor":["M","?","M","$","M","E","R","E","T","R","M","M","?","E","R","B",null,"M","?","M","$","?","E","R","E","T","R","E","?","M","M","R","B",null,"M","?","M","?","$","E","M","E","T","M","R","$","$","?","R","B","B",null,"R","$","E","B",null],"character_chosen":"IRONCLAD","items_purchased":["FearPotion","PowerPotion","Membership Card","Flame Barrier","Pantograph","Shovel","Offering","Blind","Orrery","Flame Barrier","Centennial Puzzle","BloodPotion"],"campfire_rested":0,"item_purchase_floors":[4,4,21,21,39,39,46,46,47,47,47,54],"current_hp_per_floor":[68,57,66,66,68,54,54,40,40,40,47,63,40,34,34,46,70,75,75,78,78,78,78,78,78,78,78,78,78,78,78,78,78,78,78,74,74,74,74,64,74,61,61,74,74,74,74,64,64,74,74,74,74,74,74,74],"gold":49,"neow_bonus":"TRANSFORM_TWO_CARDS","is_prod":false,"is_daily":false,"chose_seed":false,"campfire_upgraded":6,"win_rate":0,"timestamp":1614661767,"path_taken":["M","?","M","$","M","E","R","E","T","R","M","M","?","E","R","BOSS","M","?","M","$","?","E","R","E","T","R","E","?","M","M","R","BOSS","M","?","M","?","$","E","M","E","T","M","R","?","$","?","R","BOSS","BOSS","R","$","E","BOSS"],"build_version":"2020-12-18","purchased_purges":0,"victory":true,"max_hp_per_floor":[68,68,68,68,68,68,68,78,78,78,78,78,78,78,78,78,78,78,78,78,78,78,78,78,78,78,78,78,78,78,78,78,78,78,78,74,74,74,74,74,74,74,74,74,74,74,74,74,74,74,74,74,74,74,74,74],"relic_stats":{"Torii":24,"counters":[27,154],"Magic Flower":[13],"Pen Nib":[17],"Letter Opener":[122],"Burning Blood":70,"Nunchaku":[11],"Centennial Puzzle":[12],"Shovel":2,"Mummified Hand":[93],"Ornamental Fan":[24],"Pantograph":10,"Snecko Eye":[224,208,218,214],"Art of War":[20],"obtain_stats":[{"Lantern":28,"Pear":8,"Torii":49,"Magic Flower":42,"Pen Nib":23,"Letter Opener":14,"Ancient Tea Set":22,"Burning Blood":0,"Du-Vu Doll":55,"Nunchaku":40,"Centennial Puzzle":47,"Shovel":39,"Mummified Hand":25,"Ornamental Fan":53,"Pantograph":39,"Snecko Eye":17,"Orrery":47,"Molten Egg 2":2,"Fusion Hammer":34,"Art of War":9,"Membership Card":21,"Toy Ornithopter":6,"Pocketwatch":43},{"Lantern":14,"Pear":5,"Torii":23,"Magic Flower":22,"Pen Nib":12,"Letter Opener":8,"Ancient Tea Set":11,"Burning Blood":0,"Du-Vu Doll":26,"Nunchaku":20,"Centennial Puzzle":23,"Shovel":19,"Mummified Hand":13,"Ornamental Fan":25,"Pantograph":19,"Snecko Eye":9,"Orrery":23,"Molten Egg 2":1,"Fusion Hammer":17,"Art of War":5,"Membership Card":11,"Toy Ornithopter":4,"Pocketwatch":22},{"Lantern":65,"Pear":24,"Torii":122,"Magic Flower":116,"Pen Nib":54,"Letter Opener":37,"Ancient Tea Set":50,"Burning Blood":0,"Du-Vu Doll":146,"Nunchaku":96,"Centennial Puzzle":122,"Shovel":91,"Mummified Hand":59,"Ornamental Fan":140,"Pantograph":91,"Snecko Eye":43,"Orrery":122,"Molten Egg 2":5,"Fusion Hammer":87,"Art of War":24,"Membership Card":50,"Toy Ornithopter":19,"Pocketwatch":116}],"Toy Ornithopter":18,"Pocketwatch":[15]},"card_choices":[{"not_picked":["Clash","Evolve"],"picked":"Fire Breathing","floor":1.0},{"not_picked":["Searing Blow+1","Seeing Red"],"picked":"Headbutt+1","floor":3.0},{"not_picked":["Power Through","Body Slam+1"],"picked":"Perfected Strike+1","floor":5.0},{"not_picked":["Heavy Blade+1","Juggernaut"],"picked":"Twin Strike+1","floor":6.0},{"not_picked":["Ghostly Armor","Rupture"],"picked":"Blood for Blood+1","floor":8.0},{"not_picked":["Sentinel","Fire Breathing"],"picked":"Iron Wave+1","floor":11.0},{"not_picked":["True Grit","Rage","Perfected Strike+1"],"picked":"SKIP","floor":12.0},{"not_picked":["Combust","Heavy Blade+1","Thunderclap+1"],"picked":"SKIP","floor":14.0},{"not_picked":["Double Tap","Impervious"],"picked":"Reaper+1","floor":16.0},{"not_picked":["True Grit","Anger+1"],"picked":"Perfected Strike+1","floor":18.0},{"not_picked":["Whirlwind+1","Reckless Charge+1","Fire Breathing"],"picked":"SKIP","floor":20.0},{"not_picked":["Flex","Seeing Red"],"picked":"Flame Barrier","floor":23.0},{"not_picked":["Flex","Sentinel+1"],"picked":"Spot Weakness","floor":25.0},{"not_picked":["Heavy Blade+1","Searing Blow+1"],"picked":"Battle Trance","floor":28.0},{"not_picked":["Iron Wave+1","Flex","Pummel+1"],"picked":"SKIP","floor":30.0},{"not_picked":["Power Through","Thunderclap+1"],"picked":"Evolve","floor":31.0},{"not_picked":["Brutality","Immolate+1"],"picked":"Demon Form","floor":33.0},{"not_picked":["Thunderclap+1","Hemokinesis+1"],"picked":"True Grit+1","floor":35.0},{"not_picked":["Inflame","Spot Weakness+1","Thunderclap+1"],"picked":"SKIP","floor":37},{"not_picked":["Wild Strike+1","Metallicize","Flex"],"picked":"SKIP","floor":40},{"not_picked":["True Grit","Searing Blow+1","Hemokinesis+1"],"picked":"SKIP","floor":41},{"not_picked":["Headbutt+1","Anger+1"],"picked":"Reaper+1","floor":42},{"not_picked":["Iron Wave+1","Wild Strike+1","Body Slam+1"],"picked":"SKIP","floor":44},{"not_picked":["Rage+1","Cleave+1"],"picked":"Barricade","floor":47},{"not_picked":["Dropkick+1","Armaments"],"picked":"Exhume","floor":47},{"not_picked":["Flex","Headbutt+1"],"picked":"Dark Embrace","floor":47},{"not_picked":["Metallicize","Armaments"],"picked":"Pommel Strike+1","floor":47},{"not_picked":["Trip","Enlightenment"],"picked":"PanicButton","floor":48},{"not_picked":["Clash+1","Whirlwind+1"],"picked":"Shockwave","floor":55}],"player_experience":3564665,"relics_obtained":[{"floor":6.0,"key":"Toy Ornithopter"},{"floor":8.0,"key":"Pear"},{"floor":9.0,"key":"Art of War"},{"floor":14.0,"key":"Letter Opener"},{"floor":23.0,"key":"Pen Nib"},{"floor":25.0,"key":"Mummified Hand"},{"floor":28.0,"key":"Lantern"},{"floor":40,"key":"Nunchaku"},{"floor":42,"key":"Magic Flower"},{"floor":43,"key":"Pocketwatch"},{"floor":49,"key":"Torii"},{"floor":53,"key":"Ornamental Fan"},{"floor":55,"key":"Du-Vu Doll"}],"event_choices":[{"damage_healed":0.0,"max_hp_gain":0.0,"max_hp_loss":0.0,"gold_gain":0.0,"event_name":"Scrap Ooze","player_choice":"Success","floor":2.0,"gold_loss":0.0,"damage_taken":11.0,"relics_obtained":["Molten Egg 2"]},{"damage_healed":0.0,"max_hp_gain":0.0,"max_hp_loss":0.0,"gold_gain":0.0,"event_name":"Shining Light","player_choice":"Entered Light","floor":13.0,"gold_loss":0.0,"damage_taken":23.0,"cards_upgraded":["Strike_R","Reaper"]},{"damage_healed":0.0,"max_hp_gain":0.0,"max_hp_loss":0.0,"gold_gain":0.0,"event_name":"Back to Basics","player_choice":"Simplicity","floor":19.0,"gold_loss":0.0,"damage_taken":0.0,"cards_upgraded":["Strike_R","Strike_R","Strike_R","Defend_R","Defend_R","Defend_R"]},{"damage_healed":0.0,"max_hp_gain":0.0,"max_hp_loss":0.0,"gold_gain":0.0,"event_name":"Addict","player_choice":"Obtained Relic","floor":22.0,"gold_loss":85.0,"damage_taken":0.0,"relics_obtained":["Ancient Tea Set"]},{"damage_healed":0.0,"max_hp_gain":0.0,"max_hp_loss":0.0,"gold_gain":0.0,"event_name":"The Library","player_choice":"Read","floor":29.0,"gold_loss":0.0,"damage_taken":0.0,"cards_obtained":["Demon Form"]},{"damage_healed":0.0,"max_hp_gain":0.0,"max_hp_loss":4.0,"gold_gain":0.0,"event_name":"Winding Halls","player_choice":"Max HP","floor":36.0,"gold_loss":0.0,"damage_taken":0.0},{"damage_healed":0,"gold_gain":300,"player_choice":"Gold","damage_taken":0,"max_hp_gain":0,"max_hp_loss":0,"event_name":"Wheel of Change","floor":38,"gold_loss":0},{"damage_healed":0,"gold_gain":0,"player_choice":"Memory 3","damage_taken":10,"max_hp_gain":0,"max_hp_loss":0,"event_name":"SensoryStone","floor":48,"gold_loss":0}],"is_beta":true,"boss_relics":[{"not_picked":["Pandora\u0027s Box","Black Star"],"picked":"Snecko Eye"},{"not_picked":["Runic Dome","Black Blood"],"picked":"Fusion Hammer"}],"items_purged_floors":[],"is_endless":false,"potions_floor_spawned":[5,8,12,14,20,23,31,33,37,44,55],"ascension_level":20}