{"gold_per_floor":[118,118,133,133,145,178,233,233,285,12,41,41,70,70,70,141,141,161,211,211,211,221,221,246,246,271,271,297,313,329,355,355,355],"floor_reached":33,"playtime":2774,"items_purged":[],"score":688,"play_id":"217c3834-db5d-418d-86d5-24cc9d923966","local_time":"20210305162413","is_ascension_mode":true,"campfire_choices":[{"floor":8,"key":"REST"},{"data":"Armaments","floor":12,"key":"SMITH"},{"data":"Perfected Strike","floor":15,"key":"SMITH"},{"data":"Perfected Strike","floor":23,"key":"SMITH"},{"floor":25,"key":"REST"},{"floor":32,"key":"REST"}],"neow_cost":"PERCENT_DAMAGE","seed_source_timestamp":1779183011459000,"circlet_count":0,"master_deck":["AscendersBane","Strike_R+1","Strike_R","Strike_R","Defend_R","Defend_R","Defend_R","Bash+1","Perfected Strike+1","Perfected Strike+1","Second Wind","Armaments+1","Evolve","Dark Shackles","Disarm","Spot Weakness","Berserk","Pommel Strike","Barricade","Shrug It Off","Shrug It Off","Dual Wield","Power Through","Rupture+1","Bloodletting+1","Perfected Strike+1","True Grit+1","Body Slam+1"],"relics":["Burning Blood","PreservedInsect","Turnip","Whetstone","Gremlin Horn","StrikeDummy","Runic Dome","Molten Egg 2","Art of War","Shuriken","Bag of Preparation","Singing Bowl"],"potions_floor_usage":[7,11,18,28,29,31,33],"damage_taken":[{"damage":1,"enemies":"Small Slimes","floor":1,"turns":4},{"damage":7,"enemies":"Jaw Worm","floor":3,"turns":3},{"damage":0,"enemies":"2 Louse","floor":5,"turns":2},{"damage":60,"enemies":"3 Sentries","floor":6,"turns":11},{"damage":6,"enemies":"Gremlin Nob","floor":7,"turns":3},{"damage":8,"enemies":"Gremlin Nob","floor":11,"turns":3},{"damage":9,"enemies":"Lagavulin","floor":13,"turns":6},{"damage":32,"enemies":"Slime Boss","floor":16,"turns":7},{"damage":7,"enemies":"3 Byrds","floor":18,"turns":5},{"damage":20,"enemies":"Shell Parasite","floor":22,"turns":4},{"damage":32,"enemies":"Slavers","floor":24,"turns":4},{"damage":71,"enemies":"Gremlin Leader","floor":28,"turns":7},{"damage":12,"enemies":"Centurion and Healer","floor":29,"turns":7},{"damage":0,"enemies":"Snecko","floor":30,"turns":6},{"damage":0,"enemies":"Book of Stabbing","floor":31,"turns":5},{"damage":51,"enemies":"Automaton","floor":33,"turns":10}],"seed_played":"-4236403316345115372","potions_obtained":[{"floor":5,"key":"SmokeBomb"},{"floor":6,"key":"LiquidBronze"},{"floor":7,"key":"Strength Potion"},{"floor":16,"key":"Swift Potion"},{"floor":28,"key":"EssenceOfSteel"},{"floor":29,"key":"BlessingOfTheForge"},{"floor":31,"key":"Strength Potion"}],"is_trial":false,"path_per_floor":["M","?","M","?","M","E","?","R","T","$","E","R","E","$","R","B",null,"M","?","?","?","M","R","E","R","T","T","E","M","M","E","R","B"],"character_chosen":"IRONCLAD","items_purchased":["Dark Shackles","BloodPotion","Disarm","Spot Weakness"],"campfire_rested":3,"item_purchase_floors":[10,10,10,10],"current_hp_per_floor":[69,74,73,66,72,18,18,46,46,46,44,44,41,41,41,15,74,73,73,73,73,59,59,33,61,61,61,14,8,14,20,48,0],"gold":355,"neow_bonus":"TWENTY_PERCENT_HP_BONUS","is_prod":false,"is_daily":false,"chose_seed":false,"campfire_upgraded":3,"win_rate":0,"timestamp":1614990253,"path_taken":["M","?","M","?","M","E","?","R","T","$","E","R","E","?","R","BOSS","M","?","?","?","M","R","E","R","T","?","E","M","M","E","R","BOSS"],"build_version":"2020-12-18","purchased_purges":0,"victory":false,"max_hp_per_floor":[89,94,94,94,94,94,94,94,94,94,94,94,94,94,94,94,94,94,94,94,94,94,94,94,94,94,94,94,94,94,94,94,94],"relic_stats":{"Gremlin Horn":[13,13],"Singing Bowl":0,"counters":[16,87],"Shuriken":[5],"PreservedInsect":216,"Turnip":[11],"Art of War":[8],"Bag of Preparation":[8],"Whetstone":["Bash","Strike_R"],"obtain_stats":[{"Runic Dome":17,"Gremlin Horn":11,"Singing Bowl":31,"Shuriken":27,"Molten Egg 2":24,"PreservedInsect":6,"Turnip":7,"Art of War":26,"Bag of Preparation":28,"Whetstone":9,"StrikeDummy":13,"Burning Blood":0},{"Runic Dome":8,"Gremlin Horn":6,"Singing Bowl":15,"Shuriken":11,"Molten Egg 2":11,"PreservedInsect":4,"Turnip":5,"Art of War":11,"Bag of Preparation":12,"Whetstone":5,"StrikeDummy":7,"Burning Blood":0},{"Runic Dome":39,"Gremlin Horn":26,"Singing Bowl":77,"Shuriken":52,"Molten Egg 2":52,"PreservedInsect":20,"Turnip":23,"Art of War":52,"Bag of Preparation":59,"Whetstone":23,"StrikeDummy":32,"Burning Blood":0}],"Burning Blood":90},"card_choices":[{"not_picked":["Clash","Pommel Strike"],"picked":"Perfected Strike","floor":1},{"not_picked":["Warcry","Pummel"],"picked":"Perfected Strike","floor":3},{"not_picked":["Thunderclap","Seeing Red"],"picked":"Second Wind","floor":5},{"not_picked":["Searing Blow","Wild Strike"],"picked":"Armaments","floor":6},{"not_picked":["Disarm","Double Tap"],"picked":"Evolve","floor":7},{"not_picked":["Rampage","Pommel Strike"],"picked":"Berserk","floor":11},{"not_picked":["Clothesline","Armaments"],"picked":"Pommel Strike","floor":13},{"not_picked":["Corruption","Demon Form"],"picked":"Barricade","floor":16},{"not_picked":["Sword Boomerang","Fire Breathing"],"picked":"Shrug It Off","floor":18},{"not_picked":["Iron Wave","Disarm","Perfected Strike"],"picked":"SKIP","floor":22},{"not_picked":["Havoc","Cleave+1"],"picked":"Rupture+1","floor":24},{"not_picked":["Juggernaut","Blood for Blood+1"],"picked":"Bloodletting+1","floor":28},{"not_picked":["Sword Boomerang+1","Havoc+1"],"picked":"Perfected Strike+1","floor":29},{"not_picked":["Armaments","Havoc"],"picked":"True Grit+1","floor":30},{"not_picked":["Blood for Blood+1","Rampage+1"],"picked":"Body Slam+1","floor":31}],"player_experience":3605067,"relics_obtained":[{"floor":6,"key":"PreservedInsect"},{"floor":7,"key":"Turnip"},{"floor":9,"key":"Whetstone"},{"floor":11,"key":"Gremlin Horn"},{"floor":13,"key":"StrikeDummy"},{"floor":24,"key":"Molten Egg 2"},{"floor":26,"key":"Art of War"},{"floor":27,"key":"Shuriken"},{"floor":28,"key":"Bag of Preparation"},{"floor":31,"key":"Singing Bowl"}],"event_choices":[{"damage_healed":0,"gold_gain":0,"player_choice":"Donut","damage_taken":0,"max_hp_gain":5,"max_hp_loss":0,"event_name":"Big Fish","floor":2,"gold_loss":0},{"cards_removed":["Strike_R"],"damage_healed":0,"gold_gain":0,"player_choice":"Card Removal","damage_taken":7,"max_hp_gain":0,"max_hp_loss":0,"event_name":"Golden Wing","floor":4,"gold_loss":0},{"damage_healed":0,"gold_gain":0,"player_choice":"Searched \u00271\u0027 times","damage_taken":0,"max_hp_gain":0,"max_hp_loss":0,"event_name":"Dead Adventurer","floor":7,"gold_loss":0},{"damage_healed":0,"gold_gain":50,"player_choice":"Stole From Cult","damage_taken":0,"max_hp_gain":0,"max_hp_loss":0,"event_name":"Nest","floor":19,"gold_loss":0},{"damage_healed":0,"gold_gain":0,"cards_transformed":["Strike_R","Defend_R"],"player_choice":"Became Test Subject","damage_taken":0,"max_hp_gain":0,"max_hp_loss":0,"event_name":"Drug Dealer","floor":20,"gold_loss":0,"cards_obtained":["Shrug It Off","Dual Wield"]},{"damage_healed":0,"gold_gain":0,"player_choice":"Read","damage_taken":0,"max_hp_gain":0,"max_hp_loss":0,"event_name":"The Library","floor":21,"gold_loss":0,"cards_obtained":["Power Through"]}],"is_beta":true,"boss_relics":[{"not_picked":["Sozu","Ectoplasm"],"picked":"Runic Dome"}],"items_purged_floors":[],"is_endless":false,"potions_floor_spawned":[5,6,7,16,28,29,31],"killed_by":"Automaton","ascension_level":20}