{"gold_per_floor":[114,127,143,143,143,143,168,168,221,221],"floor_reached":10,"playtime":446,"items_purged":[],"score":132,"play_id":"6c2c58a3-2133-4356-bb27-0e528312aa4b","local_time":"20210304000127","is_ascension_mode":true,"campfire_choices":[{"floor":6,"key":"REST"},{"data":"Armaments","floor":8,"key":"SMITH"}],"neow_cost":"NONE","seed_source_timestamp":1636146320763200,"circlet_count":0,"master_deck":["AscendersBane","Strike_R","Strike_R+1","Strike_R","Strike_R","Strike_R","Defend_R+1","Defend_R","Defend_R","Defend_R","Bash","Sever Soul","Armaments+1","Iron Wave"],"relics":["Burning Blood","Art of War","Smiling Mask","Letter Opener","MealTicket"],"potions_floor_usage":[7,7],"damage_taken":[{"damage":21,"enemies":"Jaw Worm","floor":1,"turns":6},{"damage":20,"enemies":"Small Slimes","floor":2,"turns":4},{"damage":1,"enemies":"Cultist","floor":3,"turns":3},{"damage":27,"enemies":"Gremlin Nob","floor":7,"turns":4},{"damage":14,"enemies":"Large Slime","floor":10,"turns":6}],"seed_played":"-4587102223349267809","potions_obtained":[{"floor":1,"key":"Regen Potion"},{"floor":2,"key":"Swift Potion"}],"is_trial":false,"path_per_floor":["M","M","M","?","?","R","E","R","T","M"],"character_chosen":"IRONCLAD","items_purchased":[],"campfire_rested":1,"item_purchase_floors":[],"current_hp_per_floor":[53,39,44,21,3,25,9,9,9,0],"gold":221,"neow_bonus":"RANDOM_COMMON_RELIC","is_prod":false,"is_daily":false,"chose_seed":false,"campfire_upgraded":1,"win_rate":0,"timestamp":1614844887,"path_taken":["M","M","M","?","?","R","E","R","T","M"],"build_version":"2020-12-18","purchased_purges":0,"victory":false,"max_hp_per_floor":[75,75,75,75,75,75,75,75,75,75],"relic_stats":{"counters":[5,23],"MealTicket":0,"Art of War":[2],"Letter Opener":[0],"Smiling Mask":0,"obtain_stats":[{"MealTicket":9,"Art of War":0,"Letter Opener":7,"Smiling Mask":5,"Burning Blood":0},{"MealTicket":4,"Art of War":0,"Letter Opener":4,"Smiling Mask":3,"Burning Blood":0},{"MealTicket":17,"Art of War":0,"Letter Opener":17,"Smiling Mask":13,"Burning Blood":0}],"Burning Blood":24},"card_choices":[{"not_picked":["Burning Pact","Headbutt"],"picked":"Sever Soul","floor":1},{"not_picked":["Body Slam","Power Through"],"picked":"Armaments","floor":2},{"not_picked":["Body Slam","Sword Boomerang"],"picked":"Iron Wave","floor":3},{"not_picked":["Warcry","Sentinel","Anger"],"picked":"SKIP","floor":7}],"player_experience":3599803,"relics_obtained":[{"floor":7,"key":"Letter Opener"},{"floor":9,"key":"MealTicket"}],"event_choices":[{"damage_healed":0,"gold_gain":0,"player_choice":"Entered Light","damage_taken":23,"max_hp_gain":0,"max_hp_loss":0,"event_name":"Shining Light","floor":4,"gold_loss":0,"cards_upgraded":["Defend_R","Strike_R"]},{"damage_healed":0,"gold_gain":0,"player_choice":"Success","damage_taken":18,"relics_obtained":["Smiling Mask"],"max_hp_gain":0,"max_hp_loss":0,"event_name":"Scrap Ooze","floor":5,"gold_loss":0}],"is_beta":true,"boss_relics":[],"items_purged_floors":[],"is_endless":false,"potions_floor_spawned":[1,2],"killed_by":"Large Slime","ascension_level":20}