{"gold_per_floor":[212,226,237,68,68,93,93,119,119,119,131,54,71,82,82,157,157,167,3,34,214,232,258,258,258,333,79,79,105,105,117,117,196,196,214,234,234,249,249,282,282,298,322,322,322,347,365,398,398,398,398,398,398,37,62,62],"floor_reached":56,"playtime":4759,"items_purged":["Strike_R","Strike_R+1"],"score":1906,"play_id":"b67a84dd-cfe7-4b7b-8ddc-ff59acbe2f51","local_time":"20210227160835","is_ascension_mode":true,"campfire_choices":[{"data":"Whirlwind","floor":7,"key":"SMITH"},{"floor":10,"key":"REST"},{"data":"Carnage","floor":15,"key":"SMITH"},{"floor":24,"key":"REST"},{"data":"Demon Form","floor":30,"key":"SMITH"},{"data":"Evolve","floor":32,"key":"SMITH"},{"floor":41,"key":"REST"},{"floor":44,"key":"RECALL"},{"data":"Flame Barrier","floor":49,"key":"SMITH"},{"data":"Power Through","floor":53,"key":"SMITH"}],"neow_cost":"NONE","seed_source_timestamp":1257864124653300,"circlet_count":0,"master_deck":["AscendersBane","Strike_R+1","Strike_R+1","Defend_R+1","Defend_R+1","Defend_R+1","Defend_R+1","Bash","Clothesline","Pommel Strike","Whirlwind+1","Fire Breathing","Flex","Double Tap","Evolve+1","Offering","Carnage+1","Inflame","Reaper","Seeing Red+1","Power Through","Master of Strategy","Demon Form+1","Second Wind","Reaper","Shockwave","Bloodletting+1","Power Through+1","Flame Barrier+1","Demon Form"],"relics":["Burning Blood","Pear","Lizard Tail","Magic Flower","Mark of Pain","OrangePellets","Red Mask","WingedGreaves","HornCleat","Ancient Tea Set","Snecko Eye","Regal Pillow","Ice Cream","Prayer Wheel","Membership Card","Bag of Preparation","Bottled Lightning"],"potions_floor_usage":[8,16,20,22,23,29,33,38,40,55,56],"damage_taken":[{"damage":2,"enemies":"Cultist","floor":1,"turns":4},{"damage":2,"enemies":"2 Louse","floor":2,"turns":3},{"damage":6,"enemies":"Jaw Worm","floor":3,"turns":4},{"damage":48,"enemies":"Gremlin Nob","floor":6,"turns":5},{"damage":36,"enemies":"Lagavulin","floor":8,"turns":8},{"damage":11,"enemies":"Red Slaver","floor":11,"turns":2},{"damage":6,"enemies":"2 Fungi Beasts","floor":13,"turns":1},{"damage":6,"enemies":"Blue Slaver","floor":14,"turns":4},{"damage":24,"enemies":"Slime Boss","floor":16,"turns":7},{"damage":17,"enemies":"Spheric Guardian","floor":18,"turns":3},{"damage":30,"enemies":"Masked Bandits","floor":20,"turns":3},{"damage":35,"enemies":"Shell Parasite","floor":22,"turns":4},{"damage":34,"enemies":"Book of Stabbing","floor":23,"turns":4},{"damage":24,"enemies":"Slavers","floor":29,"turns":4},{"damage":12,"enemies":"Centurion and Healer","floor":31,"turns":5},{"damage":60,"enemies":"Collector","floor":33,"turns":9},{"damage":0,"enemies":"3 Shapes","floor":35,"turns":3},{"damage":0,"enemies":"3 Darklings","floor":36,"turns":2},{"damage":36,"enemies":"Transient","floor":38,"turns":6},{"damage":52,"enemies":"Giant Head","floor":40,"turns":7},{"damage":40,"enemies":"Writhing Mass","floor":42,"turns":5},{"damage":6,"enemies":"Mind Bloom Boss Battle","floor":46,"turns":4},{"damage":6,"enemies":"3 Darklings","floor":47,"turns":2},{"damage":12,"enemies":"Nemesis","floor":48,"turns":6},{"damage":39,"enemies":"Donu and Deca","floor":50,"turns":8},{"damage":47,"enemies":"Time Eater","floor":51,"turns":6},{"damage":47,"enemies":"Shield and Spear","floor":55,"turns":5},{"damage":237,"enemies":"The Heart","floor":56,"turns":11}],"seed_played":"1682497374432004160","potions_obtained":[{"floor":2,"key":"EssenceOfSteel"},{"floor":6,"key":"Explosive Potion"},{"floor":8,"key":"Strength Potion"},{"floor":13,"key":"FearPotion"},{"floor":16,"key":"BloodPotion"},{"floor":20,"key":"Swift Potion"},{"floor":31,"key":"Fire Potion"},{"floor":33,"key":"DistilledChaos"},{"floor":36,"key":"ColorlessPotion"},{"floor":47,"key":"Swift Potion"},{"floor":48,"key":"Strength Potion"}],"is_trial":false,"path_per_floor":["M","M","M","$","?","E","R","E","T","R","M","$","M","M","R","B",null,"M","$","?","?","M","E","R","?","T","$","?","E","R","M","R","B",null,"M","M","?","M","?","E","R","M","T","R","$","?","M","E","R","B","B",null,"R","$","E","B"],"character_chosen":"IRONCLAD","items_purchased":["Fire Breathing","Flex","Inflame","OrangePellets","Master of Strategy","PowerPotion","Membership Card","Demon Form","Bag of Preparation","SkillPotion"],"campfire_rested":3,"item_purchase_floors":[4,4,12,19,27,27,54,54,54,54],"current_hp_per_floor":[72,75,75,75,75,43,43,13,13,38,36,36,39,42,42,27,71,63,63,70,51,51,35,60,60,60,60,60,53,53,74,74,77,83,85,85,85,79,79,38,77,81,81,81,81,81,81,80,80,81,73,79,79,79,81,0],"gold":62,"neow_bonus":"HUNDRED_GOLD","is_prod":false,"is_daily":false,"chose_seed":false,"campfire_upgraded":6,"win_rate":0,"timestamp":1614470915,"path_taken":["M","?","M","$","?","E","R","E","T","R","M","?","?","M","R","BOSS","M","$","?","?","?","E","R","?","T","$","?","E","R","M","R","BOSS","M","M","?","?","?","E","R","M","T","R","$","?","M","E","R","BOSS","BOSS","R","$","E","BOSS"],"build_version":"2020-12-18","purchased_purges":2,"victory":false,"max_hp_per_floor":[75,75,75,75,75,85,85,85,85,85,85,85,85,85,85,85,85,85,85,85,85,85,85,85,85,85,85,85,85,85,85,85,85,85,85,85,85,85,81,81,81,81,81,81,81,81,81,81,81,81,81,81,81,81,81,81],"relic_stats":{"OrangePellets":[32],"Lizard Tail":60,"Regal Pillow":15,"counters":[28,135],"Magic Flower":[142],"Snecko Eye":[54,34,33,24],"Prayer Wheel":0,"Bag of Preparation":[4],"obtain_stats":[{"Ice Cream":46,"Regal Pillow":40,"Pear":6,"Magic Flower":9,"Bag of Preparation":54,"Ancient Tea Set":29,"Burning Blood":0,"OrangePellets":19,"Lizard Tail":8,"HornCleat":26,"Snecko Eye":34,"Prayer Wheel":48,"Mark of Pain":17,"WingedGreaves":23,"Red Mask":20,"Membership Card":54,"Bottled Lightning":55},{"Ice Cream":22,"Regal Pillow":20,"Pear":4,"Magic Flower":5,"Bag of Preparation":26,"Ancient Tea Set":14,"Burning Blood":0,"OrangePellets":10,"Lizard Tail":5,"HornCleat":13,"Snecko Eye":16,"Prayer Wheel":24,"Mark of Pain":9,"WingedGreaves":13,"Red Mask":11,"Membership Card":26,"Bottled Lightning":27},{"Ice Cream":97,"Regal Pillow":88,"Pear":16,"Magic Flower":24,"Bag of Preparation":119,"Ancient Tea Set":56,"Burning Blood":0,"OrangePellets":41,"Lizard Tail":24,"HornCleat":52,"Snecko Eye":70,"Prayer Wheel":105,"Mark of Pain":38,"WingedGreaves":52,"Red Mask":44,"Membership Card":119,"Bottled Lightning":124}],"Burning Blood":172},"card_choices":[{"not_picked":["Sword Boomerang","Clash"],"picked":"Clothesline","floor":1},{"not_picked":["Disarm","True Grit"],"picked":"Pommel Strike","floor":2},{"not_picked":["Brutality","Feel No Pain"],"picked":"Whirlwind","floor":3},{"not_picked":["Anger","True Grit"],"picked":"Evolve","floor":6},{"not_picked":["Second Wind","Anger"],"picked":"Offering","floor":8},{"not_picked":["Evolve","Thunderclap"],"picked":"Carnage","floor":11},{"not_picked":["Warcry","Rage","Anger"],"picked":"SKIP","floor":13},{"not_picked":["Sentinel","Body Slam","Warcry"],"picked":"SKIP","floor":14},{"not_picked":["Demon Form","Barricade"],"picked":"Reaper","floor":16},{"not_picked":["Perfected Strike","Reckless Charge","Evolve"],"picked":"SKIP","floor":18},{"not_picked":["Rampage","Carnage"],"picked":"Seeing Red+1","floor":22},{"not_picked":["Feel No Pain","Metallicize"],"picked":"Power Through","floor":23},{"not_picked":["Carnage","Sentinel"],"picked":"Demon Form","floor":29},{"not_picked":["Havoc","Sword Boomerang"],"picked":"Second Wind","floor":31},{"not_picked":["Impervious","Brutality"],"picked":"Reaper","floor":33},{"not_picked":["Ghostly Armor","Spot Weakness"],"picked":"Shockwave","floor":35},{"not_picked":["Perfected Strike","Anger"],"picked":"Bloodletting+1","floor":36},{"not_picked":["Clothesline+1","Fire Breathing+1","Warcry"],"picked":"SKIP","floor":38},{"not_picked":["Cleave+1","Headbutt","Dropkick"],"picked":"SKIP","floor":40},{"not_picked":["Cleave+1","Perfected Strike","Thunderclap+1"],"picked":"SKIP","floor":42},{"not_picked":["Iron Wave","True Grit+1"],"picked":"Power Through","floor":47},{"not_picked":["Wild Strike+1","Twin Strike+1"],"picked":"Flame Barrier","floor":48},{"not_picked":["Blood for Blood","Fiend Fire","Cleave+1"],"picked":"SKIP","floor":55}],"player_experience":3517846,"relics_obtained":[{"floor":6,"key":"Pear"},{"floor":8,"key":"Lizard Tail"},{"floor":9,"key":"Magic Flower"},{"floor":20,"key":"Red Mask"},{"floor":23,"key":"WingedGreaves"},{"floor":26,"key":"HornCleat"},{"floor":29,"key":"Ancient Tea Set"},{"floor":40,"key":"Regal Pillow"},{"floor":46,"key":"Ice Cream"},{"floor":48,"key":"Prayer Wheel"},{"floor":55,"key":"Bottled Lightning"}],"event_choices":[{"damage_healed":0,"gold_gain":0,"player_choice":"1 cards matched","damage_taken":0,"max_hp_gain":0,"max_hp_loss":0,"event_name":"Match and Keep!","floor":5,"gold_loss":0,"cards_obtained":["Double Tap"]},{"damage_healed":0,"gold_gain":0,"player_choice":"Fought Bandits","damage_taken":0,"max_hp_gain":0,"max_hp_loss":0,"event_name":"Masked Bandits","floor":20,"gold_loss":0},{"damage_healed":0,"gold_gain":180,"player_choice":"GOLD GOLD ","damage_taken":19,"max_hp_gain":0,"max_hp_loss":0,"event_name":"Knowing Skull","floor":21,"potions_obtained":[],"gold_loss":0,"cards_obtained":[]},{"damage_healed":0,"gold_gain":0,"player_choice":"Simplicity","damage_taken":0,"max_hp_gain":0,"max_hp_loss":0,"event_name":"Back to Basics","floor":25,"gold_loss":0,"cards_upgraded":["Strike_R","Strike_R","Strike_R","Strike_R","Defend_R","Defend_R","Defend_R","Defend_R"]},{"cards_removed":["Strike_R"],"damage_healed":0,"gold_gain":0,"player_choice":"Purged","damage_taken":0,"max_hp_gain":0,"max_hp_loss":0,"event_name":"Purifier","floor":37,"gold_loss":0},{"damage_healed":0,"gold_gain":0,"player_choice":"Max HP","damage_taken":0,"max_hp_gain":0,"max_hp_loss":4,"event_name":"Winding Halls","floor":39,"gold_loss":0},{"damage_healed":0,"gold_gain":0,"player_choice":"Fight","damage_taken":0,"max_hp_gain":0,"max_hp_loss":0,"event_name":"MindBloom","floor":46,"gold_loss":0}],"is_beta":true,"boss_relics":[{"not_picked":["Cursed Key","SacredBark"],"picked":"Mark of Pain"},{"not_picked":["Tiny House","Fusion Hammer"],"picked":"Snecko Eye"}],"items_purged_floors":[4,54],"is_endless":false,"potions_floor_spawned":[2,6,8,13,16,20,31,33,36,47,48],"killed_by":"The Heart","ascension_level":20}