{"gold_per_floor":[115,129,129,145,145,180,180,180],"floor_reached":8,"playtime":463,"items_purged":[],"score":112,"play_id":"cb07a09c-2410-49de-86c5-cc11d5427d99","local_time":"20210305000023","is_ascension_mode":true,"campfire_choices":[{"data":"Bash","floor":7.0,"key":"SMITH"}],"neow_cost":"NONE","seed_source_timestamp":0,"circlet_count":0,"master_deck":["AscendersBane","Strike_R","Strike_R","Strike_R","Strike_R","Strike_R","Defend_R","Defend_R","Defend_R","Defend_R","Bash+1","Burning Pact","Shrug It Off","Power Through","Impervious"],"special_seed":0,"relics":["Sozu","TungstenRod"],"potions_floor_usage":[],"damage_taken":[{"damage":3.0,"enemies":"Small Slimes","floor":1.0,"turns":3.0},{"damage":1.0,"enemies":"Cultist","floor":2.0,"turns":3.0},{"damage":6.0,"enemies":"Jaw Worm","floor":4.0,"turns":4.0},{"damage":50.0,"enemies":"Gremlin Nob","floor":6.0,"turns":5.0},{"damage":19,"enemies":"3 Sentries","floor":8,"turns":6}],"seed_played":"2384215686545890107","potions_obtained":[],"is_trial":false,"path_per_floor":["M","M","?","M","?","E","R","E"],"character_chosen":"IRONCLAD","items_purchased":[],"campfire_rested":0,"item_purchase_floors":[],"current_hp_per_floor":[65,64,75,69,69,19,19,0],"gold":180,"neow_bonus":"BOSS_RELIC","is_prod":false,"is_daily":false,"chose_seed":false,"campfire_upgraded":1,"win_rate":0,"timestamp":1614931223,"path_taken":["M","M","?","?","?","E","R","E"],"build_version":"2020-12-18","purchased_purges":0,"victory":false,"max_hp_per_floor":[75,75,75,75,75,75,75,75],"relic_stats":{"Sozu":1,"counters":[5,21],"obtain_stats":[{"Sozu":0,"Burning Blood":0,"TungstenRod":6},{"Sozu":0,"Burning Blood":0,"TungstenRod":4},{"Sozu":0,"Burning Blood":0,"TungstenRod":15}],"TungstenRod":3},"card_choices":[{"not_picked":["Intimidate","Flex"],"picked":"Burning Pact","floor":1.0},{"not_picked":["Sentinel","True Grit"],"picked":"Shrug It Off","floor":2.0},{"not_picked":["Headbutt","Anger"],"picked":"Power Through","floor":4.0},{"not_picked":["Rupture","Rage"],"picked":"Impervious","floor":6.0}],"player_experience":3603664,"relics_obtained":[{"floor":6.0,"key":"TungstenRod"}],"event_choices":[{"damage_healed":11.0,"max_hp_gain":0.0,"max_hp_loss":0.0,"gold_gain":0.0,"event_name":"Wheel of Change","player_choice":"Full Heal","floor":3.0,"gold_loss":0.0,"damage_taken":0.0},{"damage_healed":0.0,"max_hp_gain":0.0,"max_hp_loss":0.0,"gold_gain":0.0,"event_name":"Liars Game","player_choice":"Ignored","floor":5.0,"gold_loss":0.0,"damage_taken":0.0}],"is_beta":true,"boss_relics":[],"items_purged_floors":[],"is_endless":false,"potions_floor_spawned":[1],"killed_by":"3 Sentries","ascension_level":20}