{"gold_per_floor":[20,35,35,55,55,95,115,115,115,115,149,149,149,164,164,260,260,285,285,285,285,308,341,341,361,386,417,442,475,499,543,543,639,639,659,46,46,70,88,88,131,154,154,154,197,197,230,244,244,244,244,244,244,108,149,149],"floor_reached":57,"playtime":4641,"items_purged":["Anger","Strike_R+1"],"score":2985,"play_id":"9bb1c444-3d45-4eea-b186-73185b4592a0","local_time":"20210303003338","is_ascension_mode":true,"campfire_choices":[{"data":"Carnage","floor":8.0,"key":"SMITH"},{"floor":10.0,"key":"REST"},{"data":"Armaments","floor":13.0,"key":"SMITH"},{"data":"Inflame","floor":15.0,"key":"SMITH"},{"data":"Ghostly","floor":24.0,"key":"SMITH"},{"data":"Shockwave","floor":32.0,"key":"SMITH"},{"floor":40.0,"key":"RECALL"},{"data":"Flame Barrier","floor":49,"key":"SMITH"},{"data":"Feel No Pain","floor":53,"key":"SMITH"}],"neow_cost":"NO_GOLD","seed_source_timestamp":1547428232703200,"circlet_count":0,"master_deck":["AscendersBane","Strike_R+1","Strike_R+1","Strike_R+1","Defend_R+1","Defend_R+1","Defend_R+1","Defend_R+1","Bash","Carnage+1","Armaments+1","Iron Wave","Inflame+1","Shrug It Off","Fiend Fire","Dual Wield+1","Ghostly","Ghostly","Ghostly+1","Battle Trance","Feel No Pain+1","Shrug It Off+1","Flame Barrier+1","Barricade","Flame Barrier","Shockwave+1","Bludgeon","CurseOfTheBell","Body Slam","Dark Embrace","Apotheosis","Disarm","Inflame+1","Clothesline","Exhume","Shrug It Off+1"],"special_seed":0,"relics":["Burning Blood","Du-Vu Doll","Golden Idol","Oddly Smooth Stone","Self Forming Clay","Torii","Snecko Eye","MealTicket","Vajra","HornCleat","Strawberry","Gambling Chip","Calling Bell","Smiling Mask","Mummified Hand","Turnip","Toolbox","Shuriken","Centennial Puzzle","Bronze Scales","Toy Ornithopter"],"potions_floor_usage":[56,56],"damage_taken":[{"damage":4.0,"enemies":"Jaw Worm","floor":1.0,"turns":6.0},{"damage":6.0,"enemies":"Small Slimes","floor":2.0,"turns":4.0},{"damage":2.0,"enemies":"2 Louse","floor":4.0,"turns":3.0},{"damage":34.0,"enemies":"3 Sentries","floor":6.0,"turns":9.0},{"damage":0.0,"enemies":"Red Slaver","floor":7.0,"turns":3.0},{"damage":20.0,"enemies":"Lagavulin","floor":11.0,"turns":6.0},{"damage":0.0,"enemies":"3 Louse","floor":14.0,"turns":3.0},{"damage":30.0,"enemies":"Hexaghost","floor":16.0,"turns":9.0},{"damage":7.0,"enemies":"Chosen","floor":18.0,"turns":4.0},{"damage":3.0,"enemies":"3 Byrds","floor":22.0,"turns":6.0},{"damage":2.0,"enemies":"Book of Stabbing","floor":23.0,"turns":4.0},{"damage":1.0,"enemies":"Centurion and Healer","floor":25.0,"turns":3.0},{"damage":13.0,"enemies":"Slavers","floor":27.0,"turns":8.0},{"damage":0.0,"enemies":"Snecko","floor":28.0,"turns":4.0},{"damage":0.0,"enemies":"Book of Stabbing","floor":29.0,"turns":5.0},{"damage":0.0,"enemies":"Cultist and Chosen","floor":30.0,"turns":5.0},{"damage":0.0,"enemies":"Slavers","floor":31.0,"turns":7.0},{"damage":9.0,"enemies":"Champ","floor":33.0,"turns":17.0},{"damage":0.0,"enemies":"3 Darklings","floor":35.0,"turns":6.0},{"damage":0.0,"enemies":"3 Shapes","floor":38.0,"turns":4.0},{"damage":10.0,"enemies":"Transient","floor":39.0,"turns":6.0},{"damage":1,"enemies":"Nemesis","floor":41,"turns":5},{"damage":0,"enemies":"Jaw Worm Horde","floor":42,"turns":2},{"damage":1,"enemies":"Giant Head","floor":45,"turns":6},{"damage":0,"enemies":"Nemesis","floor":47,"turns":3},{"damage":0,"enemies":"4 Shapes","floor":48,"turns":3},{"damage":15,"enemies":"Time Eater","floor":50,"turns":11},{"damage":7,"enemies":"Donu and Deca","floor":51,"turns":6},{"damage":10,"enemies":"Shield and Spear","floor":55,"turns":5},{"damage":2,"enemies":"The Heart","floor":56,"turns":8}],"seed_played":"-5023936853708737392","potions_obtained":[{"floor":1.0,"key":"SpeedPotion"},{"floor":2.0,"key":"Weak Potion"},{"floor":16.0,"key":"Block Potion"},{"floor":18.0,"key":"AttackPotion"},{"floor":25.0,"key":"Regen Potion"},{"floor":29.0,"key":"AttackPotion"},{"floor":30.0,"key":"LiquidMemories"},{"floor":37.0,"key":"EntropicBrew"},{"floor":37.0,"key":"Regen Potion"},{"floor":38.0,"key":"LiquidMemories"},{"floor":47,"key":"LiquidBronze"},{"floor":48,"key":"SteroidPotion"}],"is_trial":false,"path_per_floor":["M","M","?","M","?","E","M","R","T","R","E","?","R","M","R","B",null,"M","?","?","?","M","E","R","M","T","E","M","E","M","E","R","B",null,"M","$","?","M","M","R","E","M","T","$","E","?","E","M","R","B","B",null,"R","$","E","B",null],"character_chosen":"IRONCLAD","items_purchased":["Body Slam","Toolbox","Dark Embrace","Apotheosis","Disarm","LiquidMemories"],"campfire_rested":1,"item_purchase_floors":[36,36,36,36,36,54],"current_hp_per_floor":[70,70,44,48,53,25,31,31,31,55,41,41,41,47,47,23,66,65,40,40,40,40,40,40,40,40,33,39,47,47,47,47,44,46,47,47,47,47,43,43,47,47,47,47,47,47,47,47,47,38,37,45,45,47,43,47],"gold":149,"neow_bonus":"ONE_RARE_RELIC","is_prod":false,"is_daily":false,"chose_seed":false,"campfire_upgraded":7,"win_rate":0,"timestamp":1614760418,"path_taken":["M","M","?","M","?","E","M","R","T","R","E","?","R","M","R","BOSS","M","?","?","?","M","E","R","M","T","E","?","E","M","E","R","BOSS","M","$","?","M","M","R","E","?","T","?","E","?","E","M","R","BOSS","BOSS","R","$","E","BOSS"],"build_version":"2020-12-18","purchased_purges":2,"victory":true,"max_hp_per_floor":[75,75,75,75,80,80,80,80,80,80,80,80,80,80,80,80,80,80,40,40,40,40,40,40,40,40,40,40,47,47,47,47,47,47,47,47,47,47,47,47,47,47,47,47,47,47,47,47,47,47,47,47,47,47,47,47],"relic_stats":{"Torii":39,"counters":[30,171],"Golden Idol":227,"Self Forming Clay":[96],"Smiling Mask":75,"Burning Blood":110,"Centennial Puzzle":[12],"Mummified Hand":[78],"Shuriken":[10],"Gambling Chip":[69],"Bronze Scales":[226],"Snecko Eye":[259,261,254,267],"MealTicket":2,"Turnip":[4],"obtain_stats":[{"Torii":11,"Golden Idol":3,"Self Forming Clay":9,"Oddly Smooth Stone":6,"Vajra":26,"Smiling Mask":34,"Burning Blood":0,"Du-Vu Doll":0,"Calling Bell":34,"Centennial Puzzle":45,"HornCleat":27,"Mummified Hand":34,"Shuriken":41,"Strawberry":29,"Gambling Chip":31,"Bronze Scales":47,"Snecko Eye":17,"Toolbox":36,"MealTicket":23,"Turnip":34,"Toy Ornithopter":55},{"Torii":6,"Golden Idol":2,"Self Forming Clay":5,"Oddly Smooth Stone":4,"Vajra":12,"Smiling Mask":18,"Burning Blood":0,"Du-Vu Doll":0,"Calling Bell":18,"Centennial Puzzle":24,"HornCleat":13,"Mummified Hand":18,"Shuriken":22,"Strawberry":15,"Gambling Chip":17,"Bronze Scales":25,"Snecko Eye":8,"Toolbox":19,"MealTicket":11,"Turnip":18,"Toy Ornithopter":29},{"Torii":31,"Golden Idol":10,"Self Forming Clay":25,"Oddly Smooth Stone":22,"Vajra":60,"Smiling Mask":106,"Burning Blood":0,"Du-Vu Doll":0,"Calling Bell":106,"Centennial Puzzle":135,"HornCleat":68,"Mummified Hand":106,"Shuriken":127,"Strawberry":77,"Gambling Chip":89,"Bronze Scales":138,"Snecko Eye":43,"Toolbox":112,"MealTicket":57,"Turnip":106,"Toy Ornithopter":163}],"Toy Ornithopter":6},"card_choices":[{"not_picked":["Pommel Strike","Clash"],"picked":"Carnage","floor":1.0},{"not_picked":["Clothesline","Pummel"],"picked":"Armaments","floor":2.0},{"not_picked":["Iron Wave","Warcry"],"picked":"Anger","floor":4.0},{"not_picked":["Sword Boomerang","Berserk"],"picked":"Iron Wave","floor":6.0},{"not_picked":["Cleave","Feel No Pain"],"picked":"Inflame","floor":7.0},{"not_picked":["Flex","Wild Strike","Heavy Blade"],"picked":"SKIP","floor":11.0},{"not_picked":["True Grit","Sword Boomerang"],"picked":"Shrug It Off","floor":14.0},{"not_picked":["Impervious","Offering"],"picked":"Fiend Fire","floor":16.0},{"not_picked":["Burning Pact+1","Sword Boomerang"],"picked":"Dual Wield+1","floor":18.0},{"not_picked":["Anger+1","Fire Breathing"],"picked":"Battle Trance","floor":22.0},{"not_picked":["Havoc","Pommel Strike"],"picked":"Feel No Pain","floor":23.0},{"not_picked":["Double Tap","Havoc"],"picked":"Shrug It Off+1","floor":25.0},{"not_picked":["Anger","Searing Blow"],"picked":"Flame Barrier","floor":27.0},{"not_picked":["Fire Breathing","Thunderclap"],"picked":"Barricade","floor":28.0},{"not_picked":["Pommel Strike","Metallicize","Wild Strike+1"],"picked":"SKIP","floor":29.0},{"not_picked":["Iron Wave+1","Headbutt"],"picked":"Flame Barrier","floor":30.0},{"not_picked":["Armaments","Rage"],"picked":"Shockwave","floor":31.0},{"not_picked":["Corruption","Offering"],"picked":"Bludgeon","floor":33.0},{"not_picked":["Iron Wave","Headbutt","Warcry+1"],"picked":"SKIP","floor":35.0},{"not_picked":["Havoc","Clash+1","Pummel"],"picked":"SKIP","floor":38.0},{"not_picked":["Havoc","Clash+1","Pummel"],"picked":"SKIP","floor":38.0},{"not_picked":["Havoc","Sentinel+1","Whirlwind"],"picked":"SKIP","floor":39.0},{"not_picked":["Thunderclap","Dual Wield+1","Anger"],"picked":"SKIP","floor":41},{"not_picked":["Thunderclap","Dual Wield+1","Anger"],"picked":"SKIP","floor":41},{"not_picked":["Carnage","Spot Weakness"],"picked":"Inflame+1","floor":42},{"not_picked":["Flex+1","Intimidate"],"picked":"Clothesline","floor":45},{"not_picked":["Pommel Strike+1","Cleave+1"],"picked":"Exhume","floor":47},{"not_picked":["Armaments","Twin Strike+1"],"picked":"Shrug It Off+1","floor":48},{"not_picked":["Pommel Strike","Sword Boomerang+1","Infernal Blade"],"picked":"SKIP","floor":55}],"player_experience":3591579,"relics_obtained":[{"floor":6.0,"key":"Oddly Smooth Stone"},{"floor":9.0,"key":"Self Forming Clay"},{"floor":11.0,"key":"Torii"},{"floor":23.0,"key":"MealTicket"},{"floor":26.0,"key":"Vajra"},{"floor":27.0,"key":"HornCleat"},{"floor":29.0,"key":"Strawberry"},{"floor":31.0,"key":"Gambling Chip"},{"floor":34.0,"key":"Smiling Mask"},{"floor":34.0,"key":"Mummified Hand"},{"floor":34.0,"key":"Turnip"},{"floor":41,"key":"Shuriken"},{"floor":45,"key":"Centennial Puzzle"},{"floor":47,"key":"Bronze Scales"},{"floor":55,"key":"Toy Ornithopter"}],"event_choices":[{"damage_healed":0.0,"max_hp_gain":0.0,"max_hp_loss":0.0,"gold_gain":0.0,"event_name":"Golden Idol","player_choice":"Take Damage","floor":3.0,"gold_loss":0.0,"damage_taken":26.0,"relics_obtained":["Golden Idol"]},{"damage_healed":0.0,"max_hp_gain":5.0,"max_hp_loss":0.0,"gold_gain":0.0,"event_name":"Big Fish","player_choice":"Donut","floor":5.0,"gold_loss":0.0,"damage_taken":0.0},{"cards_removed":["Strike_R"],"damage_healed":0.0,"max_hp_gain":0.0,"max_hp_loss":0.0,"gold_gain":0.0,"event_name":"Purifier","player_choice":"Purged","floor":12.0,"gold_loss":0.0,"damage_taken":0.0},{"damage_healed":0.0,"max_hp_gain":0.0,"max_hp_loss":40.0,"gold_gain":0.0,"event_name":"Ghosts","player_choice":"Became a Ghost","floor":19.0,"gold_loss":0.0,"damage_taken":0.0,"cards_obtained":["Ghostly","Ghostly","Ghostly"]},{"damage_healed":0.0,"max_hp_gain":0.0,"max_hp_loss":0.0,"gold_gain":0.0,"event_name":"Vampires","player_choice":"Ignored","floor":20.0,"gold_loss":0.0,"damage_taken":0.0},{"damage_healed":0.0,"max_hp_gain":0.0,"max_hp_loss":0.0,"gold_gain":0.0,"event_name":"Back to Basics","player_choice":"Simplicity","floor":21.0,"gold_loss":0.0,"damage_taken":0.0,"cards_upgraded":["Strike_R","Strike_R","Strike_R","Strike_R","Defend_R","Defend_R","Defend_R","Defend_R"]},{"damage_healed":0.0,"max_hp_gain":0.0,"max_hp_loss":0.0,"gold_gain":0.0,"event_name":"Lab","player_choice":"Got Potions","floor":37.0,"gold_loss":0.0,"damage_taken":0.0},{"damage_healed":0,"gold_gain":0,"player_choice":"Ignored","damage_taken":0,"max_hp_gain":0,"max_hp_loss":0,"event_name":"Tomb of Lord Red Mask","floor":46,"gold_loss":0}],"is_beta":true,"boss_relics":[{"not_picked":["Ectoplasm","Black Blood"],"picked":"Snecko Eye"},{"not_picked":["Runic Pyramid","SacredBark"],"picked":"Calling Bell"}],"items_purged_floors":[36,54],"is_endless":false,"potions_floor_spawned":[1,2,16,18,25,29,30,38,47,48],"ascension_level":20}