{"gold_per_floor":[111,127,52,52,52,52,127,127,152,41,74,74,74,91,91,168,168,180,180,191,191,191,191,219,219,219,232,262,262,281,293,293,371,371,384,384,434,267,280,306,306,256,281,292,311,38,65,80,80,80,80,80,80,25,57,57],"floor_reached":57,"playtime":4526,"items_purged":["Perfected Strike"],"score":2942,"play_id":"507dbf41-28db-4877-bf95-2ad63f5ca678","local_time":"20210224220834","is_ascension_mode":true,"campfire_choices":[{"data":"Feed","floor":6,"key":"SMITH"},{"floor":8,"key":"REST"},{"data":"Bash","floor":12,"key":"SMITH"},{"data":"Pommel Strike","floor":15,"key":"SMITH"},{"floor":23,"key":"REST"},{"data":"Bludgeon","floor":25,"key":"SMITH"},{"floor":32,"key":"REST"},{"floor":41,"key":"RECALL"},{"floor":49,"key":"REST"},{"data":"1","floor":53,"key":"LIFT"}],"neow_cost":"NONE","seed_source_timestamp":1020458675554500,"circlet_count":0,"master_deck":["AscendersBane","Bash+1","Sever Soul+1","Exhume","Feed+1","Fire Breathing+1","Offering","Power Through","Ghostly Armor","Shrug It Off","Pommel Strike+1","Bludgeon+1","Shockwave+1","Intimidate","Barricade","Offering","Metallicize","Combust","Feel No Pain+1","Flame Barrier+1","Clothesline+1","Impervious","Dark Embrace+1","Shrug It Off","Reaper","Reaper","Sentinel+1"],"relics":["Pandora\u0027s Box","Mercury Hourglass","Anchor","Blood Vial","Velvet Choker","MealTicket","Bottled Lightning","Art of War","Snecko Eye","Girya","Orrery","Smiling Mask","Pantograph","Dream Catcher","Kunai"],"potions_floor_usage":[11,11,16,33,37,50,51,56],"damage_taken":[{"damage":6,"enemies":"2 Louse","floor":1,"turns":3},{"damage":4,"enemies":"Jaw Worm","floor":2,"turns":5},{"damage":7,"enemies":"Gremlin Nob","floor":11,"turns":2},{"damage":3,"enemies":"Small Slimes","floor":14,"turns":3},{"damage":14,"enemies":"Hexaghost","floor":16,"turns":6},{"damage":6,"enemies":"Chosen","floor":18,"turns":2},{"damage":12,"enemies":"Shell Parasite","floor":20,"turns":3},{"damage":6,"enemies":"Gremlin Leader","floor":24,"turns":6},{"damage":6,"enemies":"Centurion and Healer","floor":27,"turns":4},{"damage":15,"enemies":"Slavers","floor":28,"turns":6},{"damage":6,"enemies":"Snake Plant","floor":30,"turns":3},{"damage":9,"enemies":"Chosen and Byrds","floor":31,"turns":4},{"damage":24,"enemies":"Collector","floor":33,"turns":9},{"damage":6,"enemies":"Orb Walker","floor":35,"turns":5},{"damage":7,"enemies":"2 Orb Walkers","floor":37,"turns":3},{"damage":6,"enemies":"3 Shapes","floor":39,"turns":4},{"damage":6,"enemies":"Reptomancer","floor":40,"turns":4},{"damage":24,"enemies":"Spire Growth","floor":44,"turns":5},{"damage":27,"enemies":"Maw","floor":45,"turns":8},{"damage":0,"enemies":"Nemesis","floor":47,"turns":9},{"damage":17,"enemies":"Transient","floor":48,"turns":6},{"damage":70,"enemies":"Awakened One","floor":50,"turns":19},{"damage":20,"enemies":"Time Eater","floor":51,"turns":12},{"damage":89,"enemies":"Shield and Spear","floor":55,"turns":8},{"damage":64,"enemies":"The Heart","floor":56,"turns":11}],"seed_played":"939788230938995078","potions_obtained":[{"floor":14,"key":"Weak Potion"},{"floor":18,"key":"SteroidPotion"},{"floor":31,"key":"Explosive Potion"},{"floor":33,"key":"Strength Potion"},{"floor":40,"key":"ColorlessPotion"}],"is_trial":false,"path_per_floor":["M","M","$","?","?","R","?","R","T","$","E","R","?","M","R","B",null,"M","?","M","?","?","R","E","R","T","M","E","?","M","M","R","B",null,"M","?","?","$","M","E","R","?","T","M","M","$","E","M","R","B","B",null,"R","$","E","B",null],"character_chosen":"IRONCLAD","items_purchased":["PowerPotion","PowerPotion","Orrery","Pantograph","SpeedPotion"],"campfire_rested":4,"item_purchase_floors":[10,10,38,46,54],"current_hp_per_floor":[68,67,67,41,16,16,5,30,30,30,27,27,27,34,34,26,82,78,78,72,72,41,73,73,73,73,73,68,68,68,61,99,77,116,116,116,115,130,128,128,128,128,128,106,85,100,108,99,141,90,113,138,138,146,71,48],"gold":57,"neow_bonus":"BOSS_RELIC","is_prod":false,"is_daily":false,"chose_seed":false,"campfire_upgraded":4,"win_rate":0,"timestamp":1614233314,"path_taken":["M","M","$","?","?","R","?","R","T","$","E","R","?","M","R","BOSS","M","?","M","?","?","R","E","R","T","M","E","?","M","?","R","BOSS","M","?","?","$","M","E","R","?","T","M","?","$","E","M","R","BOSS","BOSS","R","$","E","BOSS"],"build_version":"2020-12-18","purchased_purges":1,"victory":true,"max_hp_per_floor":[81,84,84,84,84,84,84,84,84,84,88,88,88,96,96,100,100,100,100,104,104,109,109,113,113,113,117,125,125,129,129,129,129,129,133,126,130,130,134,138,138,138,138,138,142,142,142,142,142,142,146,146,146,146,146,146],"relic_stats":{"Blood Vial":38,"Dream Catcher":1,"counters":[25,150],"Pantograph":51,"Snecko Eye":[182,196,174,184],"Pandora\u0027s Box":["Clash","Sentinel","Sever Soul","Exhume","Feed","Fire Breathing","Offering","Perfected Strike","Power Through"],"MealTicket":38,"Art of War":[20],"Kunai":[0],"Smiling Mask":0,"obtain_stats":[{"Girya":37,"Velvet Choker":17,"Smiling Mask":40,"Burning Blood":0,"Mercury Hourglass":4,"Blood Vial":11,"Anchor":9,"Dream Catcher":47,"Pantograph":46,"Snecko Eye":34,"Orrery":38,"Pandora\u0027s Box":0,"MealTicket":24,"Art of War":28,"Bottled Lightning":26,"Kunai":55},{"Girya":15,"Velvet Choker":5,"Smiling Mask":17,"Burning Blood":0,"Mercury Hourglass":2,"Blood Vial":3,"Anchor":2,"Dream Catcher":20,"Pantograph":19,"Snecko Eye":13,"Orrery":15,"Pandora\u0027s Box":0,"MealTicket":8,"Art of War":10,"Bottled Lightning":8,"Kunai":24},{"Girya":64,"Velvet Choker":19,"Smiling Mask":72,"Burning Blood":0,"Mercury Hourglass":8,"Blood Vial":10,"Anchor":8,"Dream Catcher":94,"Pantograph":85,"Snecko Eye":56,"Orrery":64,"Pandora\u0027s Box":0,"MealTicket":30,"Art of War":40,"Bottled Lightning":30,"Kunai":139}],"Mercury Hourglass":[514]},"card_choices":[{"not_picked":["Heavy Blade","Flex"],"picked":"Ghostly Armor","floor":1},{"not_picked":["Iron Wave","Power Through"],"picked":"Shrug It Off","floor":2},{"not_picked":["Cleave","Whirlwind","True Grit"],"picked":"SKIP","floor":11},{"not_picked":["Warcry","Clash"],"picked":"Pommel Strike","floor":14},{"not_picked":["Corruption","Offering"],"picked":"Bludgeon","floor":16},{"not_picked":["Dropkick","Warcry"],"picked":"Shockwave","floor":18},{"not_picked":["Warcry","Heavy Blade","True Grit"],"picked":"SKIP","floor":20},{"not_picked":["Shockwave","Uppercut"],"picked":"Offering","floor":24},{"not_picked":["Sword Boomerang","Wild Strike"],"picked":"Metallicize","floor":27},{"not_picked":["Rampage","Thunderclap"],"picked":"Combust","floor":28},{"not_picked":["Clash","Ghostly Armor","Twin Strike"],"picked":"SKIP","floor":30},{"not_picked":["Thunderclap","Perfected Strike","Searing Blow"],"picked":"SKIP","floor":31},{"not_picked":["Pommel Strike","Infernal Blade","Body Slam"],"picked":"SKIP","floor":35},{"not_picked":["Seeing Red","Power Through"],"picked":"Feel No Pain+1","floor":37},{"not_picked":["Reckless Charge","Seeing Red+1"],"picked":"Flame Barrier+1","floor":38},{"not_picked":["Heavy Blade","Searing Blow"],"picked":"Clothesline+1","floor":38},{"not_picked":["Corruption","Thunderclap"],"picked":"Impervious","floor":38},{"not_picked":["Armaments","Infernal Blade"],"picked":"Dark Embrace+1","floor":39},{"not_picked":["Thunderclap+1","Clothesline"],"picked":"Shrug It Off","floor":40},{"not_picked":["Cleave+1","Heavy Blade","Shrug It Off"],"picked":"SKIP","floor":44},{"not_picked":["Warcry","Perfected Strike"],"picked":"Reaper","floor":45},{"not_picked":["Warcry+1","Whirlwind","Sword Boomerang"],"picked":"SKIP","floor":47},{"not_picked":["True Grit","Armaments"],"picked":"Reaper","floor":48},{"not_picked":["Havoc","Berserk"],"picked":"Sentinel+1","floor":55}],"player_experience":3494580,"relics_obtained":[{"floor":9,"key":"Anchor"},{"floor":11,"key":"Blood Vial"},{"floor":24,"key":"MealTicket"},{"floor":26,"key":"Bottled Lightning"},{"floor":28,"key":"Art of War"},{"floor":37,"key":"Girya"},{"floor":40,"key":"Smiling Mask"},{"floor":47,"key":"Dream Catcher"},{"floor":55,"key":"Kunai"}],"event_choices":[{"damage_healed":0,"gold_gain":0,"player_choice":"Success","damage_taken":26,"relics_obtained":["Mercury Hourglass"],"max_hp_gain":0,"max_hp_loss":0,"event_name":"Scrap Ooze","floor":4,"gold_loss":0},{"damage_healed":0,"gold_gain":0,"player_choice":"Entered Light","damage_taken":25,"max_hp_gain":0,"max_hp_loss":0,"event_name":"Shining Light","floor":5,"gold_loss":0,"cards_upgraded":["Sever Soul","Fire Breathing"]},{"damage_healed":0,"gold_gain":75,"player_choice":"Gather Gold","damage_taken":11,"max_hp_gain":0,"max_hp_loss":0,"event_name":"World of Goop","floor":7,"gold_loss":0},{"damage_healed":0,"gold_gain":0,"player_choice":"Ignored","damage_taken":0,"max_hp_gain":0,"max_hp_loss":0,"event_name":"Liars Game","floor":13,"gold_loss":0},{"damage_healed":0,"gold_gain":0,"cards_transformed":["Sentinel","Clash"],"player_choice":"Became Test Subject","damage_taken":0,"max_hp_gain":0,"max_hp_loss":0,"event_name":"Drug Dealer","floor":19,"gold_loss":0,"cards_obtained":["Intimidate","Barricade"]},{"damage_healed":0,"gold_gain":0,"player_choice":"Ignored","damage_taken":0,"max_hp_gain":0,"max_hp_loss":0,"event_name":"Beggar","floor":21,"gold_loss":0},{"damage_healed":0,"gold_gain":0,"player_choice":"Shed Blood","damage_taken":36,"max_hp_gain":5,"max_hp_loss":0,"event_name":"Forgotten Altar","floor":22,"gold_loss":0},{"damage_healed":0,"gold_gain":0,"player_choice":"Ignored","damage_taken":0,"max_hp_gain":0,"max_hp_loss":0,"event_name":"Vampires","floor":29,"gold_loss":0},{"damage_healed":0,"gold_gain":0,"player_choice":"Max HP","damage_taken":0,"max_hp_gain":0,"max_hp_loss":7,"event_name":"Winding Halls","floor":36,"gold_loss":0},{"damage_healed":0,"gold_gain":0,"player_choice":"Fight","damage_taken":0,"max_hp_gain":0,"max_hp_loss":0,"event_name":"Mysterious Sphere","floor":37,"gold_loss":0},{"damage_healed":0,"gold_gain":0,"player_choice":"Upgrade","damage_taken":0,"max_hp_gain":0,"max_hp_loss":0,"event_name":"Designer","floor":42,"gold_loss":50,"cards_upgraded":["Shockwave"]}],"is_beta":true,"boss_relics":[{"not_picked":["Runic Pyramid","SacredBark"],"picked":"Velvet Choker"},{"not_picked":["Astrolabe","Coffee Dripper"],"picked":"Snecko Eye"}],"items_purged_floors":[3],"is_endless":false,"potions_floor_spawned":[14,18,31,33,40,44,45,48],"ascension_level":20}