{"gold_per_floor":[112,131,150,150,170,170,195,195,221,253,253,288,4,15,15,92,92,110,110,122,122,134,134,159,176,176,176,176,19,69,108,108,108],"floor_reached":33,"playtime":1920,"items_purged":["Defend_R"],"score":656,"play_id":"6c0b8f60-f0fa-464c-96b0-4bd3661fe985","local_time":"20210226225807","is_ascension_mode":true,"campfire_choices":[{"data":"Bash","floor":6,"key":"SMITH"},{"data":"Carnage","floor":8,"key":"SMITH"},{"floor":11,"key":"REST"},{"data":"Combust","floor":15,"key":"SMITH"},{"data":"Cleave","floor":23,"key":"SMITH"},{"floor":27,"key":"REST"},{"floor":32,"key":"REST"}],"neow_cost":"NONE","seed_source_timestamp":1198878417266100,"circlet_count":0,"master_deck":["AscendersBane","Strike_R+1","Strike_R","Defend_R","Defend_R+1","Bash+1","Clash+1","Headbutt","Metallicize","Cleave+1","Carnage+1","True Grit+1","Combust+1","Brutality","Reckless Charge+1","Rampage+1","Whirlwind+1","Uppercut"],"relics":["Busted Crown","Bronze Scales","Whetstone","Toy Ornithopter","Anchor","War Paint","Astrolabe","Pen Nib","Mercury Hourglass","Membership Card","CeramicFish"],"potions_floor_usage":[5,7,12,18,31,33],"damage_taken":[{"damage":1,"enemies":"Cultist","floor":1,"turns":3},{"damage":7,"enemies":"Jaw Worm","floor":2,"turns":3},{"damage":7,"enemies":"2 Louse","floor":3,"turns":2},{"damage":25,"enemies":"Exordium Thugs","floor":5,"turns":4},{"damage":19,"enemies":"Lagavulin","floor":7,"turns":4},{"damage":8,"enemies":"Gremlin Nob","floor":10,"turns":3},{"damage":7,"enemies":"3 Sentries","floor":12,"turns":5},{"damage":1,"enemies":"2 Fungi Beasts","floor":14,"turns":2},{"damage":15,"enemies":"Hexaghost","floor":16,"turns":6},{"damage":3,"enemies":"Spheric Guardian","floor":18,"turns":3},{"damage":9,"enemies":"Chosen","floor":20,"turns":2},{"damage":8,"enemies":"Snake Plant","floor":22,"turns":3},{"damage":3,"enemies":"Gremlin Leader","floor":24,"turns":5},{"damage":16,"enemies":"3 Cultists","floor":25,"turns":4},{"damage":31,"enemies":"Slavers","floor":31,"turns":4},{"damage":79,"enemies":"Automaton","floor":33,"turns":6}],"seed_played":"2576272580555709750","potions_obtained":[{"floor":2,"key":"BloodPotion"},{"floor":3,"key":"SkillPotion"},{"floor":7,"key":"Fire Potion"},{"floor":16,"key":"DuplicationPotion"},{"floor":22,"key":"CultistPotion"},{"floor":24,"key":"SpeedPotion"}],"is_trial":false,"path_per_floor":["M","M","M","?","M","R","E","R","T","E","R","E","$","M","R","B",null,"M","?","M","$","M","R","E","M","T","R","?","$","?","E","R","B"],"character_chosen":"IRONCLAD","items_purchased":["Combust","War Paint","Membership Card"],"campfire_rested":3,"item_purchase_floors":[13,13,29],"current_hp_per_floor":[67,60,53,53,28,28,24,24,24,16,38,36,36,35,35,20,61,63,63,54,54,46,46,43,27,27,49,49,49,49,23,45,0],"gold":108,"neow_bonus":"BOSS_RELIC","is_prod":false,"is_daily":false,"chose_seed":false,"campfire_upgraded":4,"win_rate":0,"timestamp":1614409087,"path_taken":["M","M","?","?","M","R","E","R","T","E","R","E","$","M","R","BOSS","M","?","M","?","M","R","E","M","T","R","?","$","?","E","R","BOSS"],"build_version":"2020-12-18","purchased_purges":1,"victory":false,"max_hp_per_floor":[75,75,75,75,75,75,75,75,75,75,75,75,75,75,75,75,75,75,75,75,75,75,75,75,75,75,75,75,75,75,75,75,75],"relic_stats":{"Busted Crown":30,"counters":[16,59],"Bronze Scales":[101],"Astrolabe":["Reckless Charge","Rampage","Whirlwind"],"CeramicFish":9,"Pen Nib":[3],"Whetstone":["Clash","Strike_R"],"War Paint":["True Grit","Defend_R"],"obtain_stats":[{"Anchor":12,"Busted Crown":0,"Bronze Scales":7,"Astrolabe":17,"CeramicFish":31,"Pen Nib":24,"Whetstone":9,"Membership Card":29,"War Paint":13,"Burning Blood":0,"Toy Ornithopter":10,"Mercury Hourglass":26},{"Anchor":7,"Busted Crown":0,"Bronze Scales":5,"Astrolabe":9,"CeramicFish":15,"Pen Nib":13,"Whetstone":5,"Membership Card":14,"War Paint":7,"Burning Blood":0,"Toy Ornithopter":6,"Mercury Hourglass":14},{"Anchor":24,"Busted Crown":0,"Bronze Scales":16,"Astrolabe":32,"CeramicFish":53,"Pen Nib":45,"Whetstone":16,"Membership Card":49,"War Paint":24,"Burning Blood":0,"Toy Ornithopter":19,"Mercury Hourglass":49}],"Toy Ornithopter":20,"Mercury Hourglass":[51]},"card_choices":[{"not_picked":[],"picked":"Clash","floor":1},{"not_picked":[],"picked":"Headbutt","floor":2},{"not_picked":[],"picked":"Metallicize","floor":3},{"not_picked":[],"picked":"Cleave","floor":5},{"not_picked":[],"picked":"Carnage","floor":7},{"not_picked":["Rupture"],"picked":"SKIP","floor":10},{"not_picked":[],"picked":"True Grit","floor":12},{"not_picked":["Thunderclap"],"picked":"SKIP","floor":14},{"not_picked":[],"picked":"Brutality","floor":16},{"not_picked":["Body Slam"],"picked":"SKIP","floor":18},{"not_picked":["Wild Strike"],"picked":"SKIP","floor":20},{"not_picked":["Perfected Strike"],"picked":"SKIP","floor":22},{"not_picked":["Rage"],"picked":"SKIP","floor":24},{"not_picked":["Sword Boomerang"],"picked":"SKIP","floor":25},{"not_picked":[],"picked":"Uppercut","floor":31}],"player_experience":3515926,"relics_obtained":[{"floor":7,"key":"Bronze Scales"},{"floor":9,"key":"Whetstone"},{"floor":10,"key":"Toy Ornithopter"},{"floor":12,"key":"Anchor"},{"floor":24,"key":"Pen Nib"},{"floor":26,"key":"Mercury Hourglass"},{"floor":31,"key":"CeramicFish"}],"event_choices":[{"damage_healed":0,"gold_gain":0,"cards_transformed":["Strike_R"],"player_choice":"Change","damage_taken":0,"max_hp_gain":0,"max_hp_loss":0,"event_name":"Living Wall","floor":4,"gold_loss":0,"cards_obtained":["Seeing Red"]},{"cards_removed":["Seeing Red"],"damage_healed":0,"gold_gain":0,"player_choice":"Purged","damage_taken":0,"max_hp_gain":0,"max_hp_loss":0,"event_name":"Purifier","floor":19,"gold_loss":0},{"damage_healed":0,"gold_gain":0,"player_choice":"Ignored","damage_taken":0,"max_hp_gain":0,"max_hp_loss":0,"event_name":"Vampires","floor":28,"gold_loss":0},{"damage_healed":0,"gold_gain":50,"player_choice":"Pray","damage_taken":0,"max_hp_gain":0,"max_hp_loss":0,"event_name":"Golden Shrine","floor":30,"gold_loss":0}],"is_beta":true,"boss_relics":[{"not_picked":["Runic Dome","SacredBark"],"picked":"Astrolabe"}],"items_purged_floors":[13],"is_endless":false,"potions_floor_spawned":[2,3,7,16,22,24],"killed_by":"Automaton","ascension_level":20}