{"gold_per_floor":[363,376,526,526,241,276,276,276,276,31,52,65,65,84,84,173,173,198,198,223,238,15,55,55,89,136,136],"floor_reached":27,"playtime":2256,"items_purged":["Doubt"],"score":502,"play_id":"bd49610e-4ebc-46af-99a2-f4f730a4f443","local_time":"20210228122236","is_ascension_mode":true,"campfire_choices":[{"data":"Carnage","floor":8.0,"key":"SMITH"},{"data":"Fire Breathing","floor":13.0,"key":"SMITH"},{"data":"Spot Weakness","floor":15.0,"key":"SMITH"},{"floor":24,"key":"REST"}],"neow_cost":"TEN_PERCENT_HP_LOSS","seed_source_timestamp":1333157832880300,"circlet_count":0,"master_deck":["AscendersBane","Strike_R","Strike_R","Strike_R","Strike_R","Strike_R","Defend_R","Defend_R","Defend_R","Defend_R","Bash","Carnage+1","Anger","Master of Strategy","Fire Breathing+1","Evolve","Shrug It Off","Spot Weakness+1","Fiend Fire","Power Through","Power Through","Hemokinesis","Immolate","Second Wind","Intimidate","Sword Boomerang+1","Decay"],"special_seed":0,"relics":["Burning Blood","Bag of Preparation","Golden Idol","Mercury Hourglass","Orichalcum","Cursed Key","FossilizedHelix","Ancient Tea Set","Centennial Puzzle"],"potions_floor_usage":[23,23],"damage_taken":[{"damage":13.0,"enemies":"Small Slimes","floor":1.0,"turns":4.0},{"damage":3.0,"enemies":"2 Louse","floor":2.0,"turns":3.0},{"damage":42.0,"enemies":"3 Sentries","floor":6.0,"turns":10.0},{"damage":2.0,"enemies":"Jaw Worm","floor":11.0,"turns":3.0},{"damage":3.0,"enemies":"Red Slaver","floor":12.0,"turns":3.0},{"damage":7.0,"enemies":"Gremlin Gang","floor":14.0,"turns":3.0},{"damage":27.0,"enemies":"Hexaghost","floor":16.0,"turns":9.0},{"damage":25,"enemies":"2 Thieves","floor":18,"turns":4},{"damage":0,"enemies":"Spheric Guardian","floor":20,"turns":3},{"damage":0,"enemies":"Centurion and Healer","floor":21,"turns":5},{"damage":18,"enemies":"Slavers","floor":23,"turns":4},{"damage":25,"enemies":"Book of Stabbing","floor":25,"turns":5},{"damage":39,"enemies":"Gremlin Leader","floor":27,"turns":4}],"seed_played":"7035096855461186829","potions_obtained":[{"floor":1.0,"key":"Dexterity Potion"},{"floor":12.0,"key":"Weak Potion"},{"floor":18,"key":"ColorlessPotion"},{"floor":20,"key":"SkillPotion"},{"floor":21,"key":"FearPotion"}],"is_trial":false,"path_per_floor":["M","M","?","?","$","E","?","R","T","$","M","M","R","M","R","B",null,"M","?","M","M","$","E","R","E","T","E"],"character_chosen":"IRONCLAD","items_purchased":["Master of Strategy","Orichalcum","Evolve","Immolate","Second Wind"],"campfire_rested":1,"item_purchase_floors":[5,10,10,22,22],"current_hp_per_floor":[61,64,64,69,69,33,33,33,33,33,37,40,40,39,39,18,54,35,35,41,47,47,35,54,35,35,0],"gold":136,"neow_bonus":"TWO_FIFTY_GOLD","is_prod":false,"is_daily":false,"chose_seed":false,"campfire_upgraded":3,"win_rate":0,"timestamp":1614543756,"path_taken":["M","M","?","?","$","E","?","R","T","$","M","M","R","M","R","BOSS","M","?","?","M","$","E","R","E","T","E"],"build_version":"2020-12-18","purchased_purges":1,"victory":false,"max_hp_per_floor":[68,68,68,73,73,73,66,66,66,66,66,66,66,66,66,66,66,66,66,66,66,66,66,66,66,66,66],"relic_stats":{"Centennial Puzzle":[3],"counters":[13,60],"Golden Idol":57,"Bag of Preparation":[20],"Orichalcum":[84],"Cursed Key":1,"obtain_stats":[{"Centennial Puzzle":26,"Golden Idol":7,"Bag of Preparation":6,"Orichalcum":10,"Cursed Key":17,"Ancient Tea Set":25,"Burning Blood":0,"FossilizedHelix":23,"Mercury Hourglass":9},{"Centennial Puzzle":12,"Golden Idol":3,"Bag of Preparation":3,"Orichalcum":3,"Cursed Key":7,"Ancient Tea Set":12,"Burning Blood":0,"FossilizedHelix":11,"Mercury Hourglass":3},{"Centennial Puzzle":56,"Golden Idol":17,"Bag of Preparation":17,"Orichalcum":17,"Cursed Key":35,"Ancient Tea Set":56,"Burning Blood":0,"FossilizedHelix":51,"Mercury Hourglass":17}],"Burning Blood":72,"Mercury Hourglass":[156]},"card_choices":[{"not_picked":["Clothesline","Warcry"],"picked":"Carnage","floor":1.0},{"not_picked":["Metallicize","Headbutt"],"picked":"Anger","floor":2.0},{"not_picked":["Pommel Strike","Sword Boomerang"],"picked":"Fire Breathing","floor":6.0},{"not_picked":["Battle Trance","Disarm"],"picked":"Shrug It Off","floor":11.0},{"not_picked":["Anger","Sever Soul","Searing Blow"],"picked":"SKIP","floor":12.0},{"not_picked":["Flex","Battle Trance"],"picked":"Spot Weakness","floor":14.0},{"not_picked":["Juggernaut","Limit Break"],"picked":"Fiend Fire","floor":16.0},{"not_picked":["Pommel Strike","Fire Breathing"],"picked":"Power Through","floor":18},{"not_picked":["Iron Wave","Cleave"],"picked":"Hemokinesis","floor":20},{"not_picked":["Evolve","Thunderclap+1","Sever Soul"],"picked":"SKIP","floor":21},{"not_picked":["Twin Strike","Havoc"],"picked":"Intimidate","floor":23},{"not_picked":["Second Wind","Cleave"],"picked":"Sword Boomerang+1","floor":25}],"player_experience":3537825,"relics_obtained":[{"floor":6.0,"key":"Bag of Preparation"},{"floor":9.0,"key":"Mercury Hourglass"},{"floor":23,"key":"FossilizedHelix"},{"floor":25,"key":"Ancient Tea Set"},{"floor":26,"key":"Centennial Puzzle"}],"event_choices":[{"damage_healed":0.0,"max_hp_gain":0.0,"max_hp_loss":0.0,"gold_gain":150.0,"event_name":"Liars Game","player_choice":"AGREE","floor":3.0,"gold_loss":0.0,"damage_taken":0.0,"cards_obtained":["Doubt"]},{"damage_healed":0.0,"max_hp_gain":5.0,"max_hp_loss":0.0,"gold_gain":0.0,"event_name":"Big Fish","player_choice":"Donut","floor":4.0,"gold_loss":0.0,"damage_taken":0.0},{"damage_healed":0.0,"max_hp_gain":0.0,"max_hp_loss":7.0,"gold_gain":0.0,"event_name":"Golden Idol","player_choice":"Lose Max HP","floor":7.0,"gold_loss":0.0,"damage_taken":0.0,"relics_obtained":["Golden Idol"]},{"damage_healed":0,"gold_gain":0,"player_choice":"Copied","damage_taken":0,"max_hp_gain":0,"max_hp_loss":0,"event_name":"Duplicator","floor":19,"gold_loss":0,"cards_obtained":["Power Through"]}],"is_beta":true,"boss_relics":[{"not_picked":["Empty Cage","Sozu"],"picked":"Cursed Key"}],"items_purged_floors":[5],"is_endless":false,"potions_floor_spawned":[1,12,18,20,21],"killed_by":"Gremlin Leader","ascension_level":20}