{"gold_per_floor":[112,112,130,130,149,149,224,96,169,183,183],"floor_reached":11,"playtime":316,"items_purged":["Strike_R"],"score":126,"play_id":"ccb52d09-c971-41ac-a259-138d6616609f","local_time":"20210304164250","is_ascension_mode":true,"campfire_choices":[{"floor":6,"key":"REST"}],"neow_cost":"NONE","seed_source_timestamp":1696359970259700,"circlet_count":0,"master_deck":["AscendersBane","Strike_R","Strike_R","Strike_R","Strike_R+1","Defend_R","Defend_R","Defend_R","Defend_R+1","Bash","Thunderclap","Twin Strike"],"relics":["SlaversCollar","Letter Opener"],"potions_floor_usage":[11,11],"damage_taken":[{"damage":24,"enemies":"Small Slimes","floor":1,"turns":4},{"damage":9,"enemies":"Jaw Worm","floor":3,"turns":4},{"damage":9,"enemies":"2 Louse","floor":5,"turns":2},{"damage":8,"enemies":"Blue Slaver","floor":10,"turns":3},{"damage":16,"enemies":"Red Slaver","floor":11,"turns":3}],"seed_played":"-5521043551095340094","potions_obtained":[{"floor":1,"key":"ElixirPotion"},{"floor":10,"key":"Fire Potion"}],"is_trial":false,"path_per_floor":["M","?","M","?","M","R","?","$","T","M","M"],"character_chosen":"IRONCLAD","items_purchased":["PowerPotion"],"campfire_rested":1,"item_purchase_floors":[8],"current_hp_per_floor":[44,44,35,12,3,25,14,14,14,6,0],"gold":183,"neow_bonus":"BOSS_RELIC","is_prod":false,"is_daily":false,"chose_seed":false,"campfire_upgraded":0,"win_rate":0,"timestamp":1614904970,"path_taken":["M","?","M","?","M","R","?","$","T","M","?"],"build_version":"2020-12-18","purchased_purges":1,"victory":false,"max_hp_per_floor":[75,75,75,75,75,75,75,75,75,75,75],"relic_stats":{"counters":[5,16],"Letter Opener":[0],"obtain_stats":[{"SlaversCollar":0,"Letter Opener":9,"Burning Blood":0},{"SlaversCollar":0,"Letter Opener":3,"Burning Blood":0},{"SlaversCollar":0,"Letter Opener":10,"Burning Blood":0}]},"card_choices":[{"not_picked":["Pummel","Sword Boomerang"],"picked":"Thunderclap","floor":1},{"not_picked":["Shockwave","Seeing Red","Warcry"],"picked":"SKIP","floor":3},{"not_picked":["Pommel Strike","Thunderclap"],"picked":"Twin Strike","floor":5},{"not_picked":["Twin Strike","Iron Wave","Havoc"],"picked":"SKIP","floor":10}],"player_experience":3601129,"relics_obtained":[{"floor":9,"key":"Letter Opener"}],"event_choices":[{"damage_healed":0,"gold_gain":0,"player_choice":"Ignored","damage_taken":0,"max_hp_gain":0,"max_hp_loss":0,"event_name":"Golden Wing","floor":2,"gold_loss":0},{"damage_healed":0,"gold_gain":0,"player_choice":"Entered Light","damage_taken":23,"max_hp_gain":0,"max_hp_loss":0,"event_name":"Shining Light","floor":4,"gold_loss":0,"cards_upgraded":["Defend_R","Strike_R"]},{"damage_healed":0,"gold_gain":75,"player_choice":"Gather Gold","damage_taken":11,"max_hp_gain":0,"max_hp_loss":0,"event_name":"World of Goop","floor":7,"gold_loss":0}],"is_beta":true,"boss_relics":[],"items_purged_floors":[8],"is_endless":false,"potions_floor_spawned":[1,10],"killed_by":"Red Slaver","ascension_level":20}