{"gold_per_floor":[113,113,126,145,162,196,196,196,250,275,275,5,5,22,22,97,97,109,126,126,23,23,23,23],"floor_reached":24,"playtime":1172,"items_purged":[],"score":408,"play_id":"44998401-b53b-4dc8-af13-f96b4db073d0","local_time":"20210228114355","is_ascension_mode":true,"campfire_choices":[{"floor":8.0,"key":"REST"},{"data":"Carnage","floor":15.0,"key":"SMITH"},{"data":"Barricade","floor":23,"key":"SMITH"}],"neow_cost":"NONE","seed_source_timestamp":1331947490551500,"circlet_count":0,"master_deck":["AscendersBane","Strike_R+1","Strike_R+1","Strike_R+1","Strike_R+1","Defend_R+1","Defend_R+1","Defend_R+1","Defend_R+1","Bash+1","Carnage+1","Feel No Pain","Second Wind","Iron Wave+1","Inflame","Rampage+1","Shrug It Off","Barricade+1","Shrug It Off","Body Slam+1","Finesse"],"special_seed":0,"relics":["Burning Blood","Molten Egg 2","Blood Vial","Potion Belt","Toy Ornithopter","Letter Opener","Toolbox","Cursed Key"],"potions_floor_usage":[24],"damage_taken":[{"damage":1.0,"enemies":"Cultist","floor":1.0,"turns":3.0},{"damage":15.0,"enemies":"Small Slimes","floor":3.0,"turns":3.0},{"damage":4.0,"enemies":"2 Louse","floor":4.0,"turns":3.0},{"damage":24.0,"enemies":"Large Slime","floor":5.0,"turns":9.0},{"damage":36.0,"enemies":"Lagavulin","floor":6.0,"turns":8.0},{"damage":32.0,"enemies":"Gremlin Nob","floor":10.0,"turns":4.0},{"damage":16.0,"enemies":"Gremlin Gang","floor":14.0,"turns":4.0},{"damage":14.0,"enemies":"Hexaghost","floor":16.0,"turns":9.0},{"damage":28,"enemies":"Shell Parasite","floor":18,"turns":4},{"damage":0,"enemies":"Chosen","floor":19,"turns":5},{"damage":62,"enemies":"Book of Stabbing","floor":24,"turns":5}],"seed_played":"2665592902302408954","potions_obtained":[{"floor":2.0,"key":"DistilledChaos"},{"floor":2.0,"key":"Swift Potion"},{"floor":4.0,"key":"Regen Potion"},{"floor":5.0,"key":"DuplicationPotion"},{"floor":6.0,"key":"SteroidPotion"},{"floor":14.0,"key":"SkillPotion"}],"is_trial":false,"path_per_floor":["M","?","M","M","M","E","?","R","T","E","?","$","?","M","R","B",null,"M","M","?","$","?","R","E"],"character_chosen":"IRONCLAD","items_purchased":["Toolbox","AttackPotion","AttackPotion","Finesse"],"campfire_rested":1,"item_purchase_floors":[12,12,12,21],"current_hp_per_floor":[73,73,64,66,48,33,28,50,50,26,26,26,26,23,23,22,62,42,50,50,50,50,50,0],"gold":23,"neow_bonus":"UPGRADE_CARD","is_prod":false,"is_daily":false,"chose_seed":false,"campfire_upgraded":2,"win_rate":0,"timestamp":1614541435,"path_taken":["M","?","?","M","M","E","?","R","T","E","?","$","?","M","R","BOSS","M","?","?","$","?","R","E"],"build_version":"2020-12-18","purchased_purges":0,"victory":false,"max_hp_per_floor":[75,75,75,75,75,75,75,75,75,75,75,75,75,75,75,75,75,75,75,75,75,75,75,75],"relic_stats":{"Blood Vial":12,"counters":[11,57],"Letter Opener":[5],"Cursed Key":0,"obtain_stats":[{"Blood Vial":7,"Potion Belt":9,"Toolbox":12,"Molten Egg 2":6,"Letter Opener":11,"Cursed Key":17,"Burning Blood":0,"Toy Ornithopter":10},{"Blood Vial":5,"Potion Belt":5,"Toolbox":6,"Molten Egg 2":5,"Letter Opener":6,"Cursed Key":8,"Burning Blood":0,"Toy Ornithopter":6},{"Blood Vial":26,"Potion Belt":26,"Toolbox":30,"Molten Egg 2":26,"Letter Opener":30,"Cursed Key":43,"Burning Blood":0,"Toy Ornithopter":30}],"Burning Blood":60,"Toy Ornithopter":15},"card_choices":[{"not_picked":["Iron Wave","Cleave"],"picked":"Carnage","floor":1.0},{"not_picked":["Metallicize","Thunderclap"],"picked":"Feel No Pain","floor":3.0},{"not_picked":["Dark Embrace","Flex"],"picked":"Second Wind","floor":4.0},{"not_picked":["Warcry","Clothesline","Searing Blow"],"picked":"SKIP","floor":5.0},{"not_picked":["Flame Barrier","Dark Embrace"],"picked":"Iron Wave+1","floor":6.0},{"not_picked":["Shrug It Off","Second Wind"],"picked":"Inflame","floor":10.0},{"not_picked":["Thunderclap+1","Second Wind"],"picked":"Shrug It Off","floor":14.0},{"not_picked":["Bludgeon+1","Offering"],"picked":"Barricade","floor":16.0},{"not_picked":["Searing Blow+1","Headbutt+1"],"picked":"Shrug It Off","floor":18},{"not_picked":["Shrug It Off","Sword Boomerang+1"],"picked":"Body Slam+1","floor":19}],"player_experience":3536653,"relics_obtained":[{"floor":6.0,"key":"Molten Egg 2"},{"floor":9.0,"key":"Potion Belt"},{"floor":10.0,"key":"Toy Ornithopter"}],"event_choices":[{"damage_healed":0.0,"max_hp_gain":0.0,"max_hp_loss":0.0,"gold_gain":0.0,"event_name":"Lab","player_choice":"Got Potions","floor":2.0,"gold_loss":0.0,"damage_taken":0.0},{"damage_healed":0.0,"max_hp_gain":0.0,"max_hp_loss":0.0,"gold_gain":0.0,"event_name":"Scrap Ooze","player_choice":"Success","floor":7.0,"gold_loss":0.0,"damage_taken":5.0,"relics_obtained":["Blood Vial"]},{"damage_healed":0.0,"max_hp_gain":0.0,"max_hp_loss":0.0,"gold_gain":0.0,"event_name":"Dead Adventurer","player_choice":"Searched \u00271\u0027 times","floor":11.0,"gold_loss":0.0,"damage_taken":0.0,"relics_obtained":["Letter Opener"]},{"damage_healed":0.0,"max_hp_gain":0.0,"max_hp_loss":0.0,"gold_gain":0.0,"cards_transformed":["Strike_R"],"event_name":"Transmorgrifier","player_choice":"Transformed","floor":13.0,"gold_loss":0.0,"damage_taken":0.0,"cards_obtained":["Rampage"]},{"damage_healed":0,"gold_gain":0,"player_choice":"Simplicity","damage_taken":0,"max_hp_gain":0,"max_hp_loss":0,"event_name":"Back to Basics","floor":20,"gold_loss":0,"cards_upgraded":["Strike_R","Strike_R","Strike_R","Strike_R","Defend_R","Defend_R","Defend_R","Defend_R"]}],"is_beta":true,"boss_relics":[{"not_picked":["Tiny House","Astrolabe"],"picked":"Cursed Key"}],"items_purged_floors":[],"is_endless":false,"potions_floor_spawned":[4,5,6,14],"killed_by":"Book of Stabbing","ascension_level":20}