{"gold_per_floor":[109,122,78,78,93,93,126,126,151,162,162,197,197,197,197,269,269,288,138,158,174,174,174,209,209,209,225,257,257,257,271,271,271],"floor_reached":33,"playtime":13471,"items_purged":["Pain"],"score":586,"play_id":"e36fb57d-7a38-4240-b797-b3658e53ac7f","local_time":"20210228161448","is_ascension_mode":true,"campfire_choices":[{"data":"Perfected Strike","floor":6.0,"key":"SMITH"},{"data":"Armaments","floor":8,"key":"SMITH"},{"data":"Pommel Strike","floor":11,"key":"SMITH"},{"data":"Shockwave","floor":13,"key":"SMITH"},{"data":"Dark Embrace","floor":15,"key":"SMITH"},{"data":"Immolate","floor":23,"key":"SMITH"},{"floor":25,"key":"REST"},{"floor":30,"key":"REST"},{"floor":32,"key":"REST"}],"neow_cost":"NONE","seed_source_timestamp":1335879522705400,"circlet_count":0,"master_deck":["AscendersBane","Strike_R","Strike_R","Strike_R","Strike_R","Strike_R","Defend_R","Defend_R","Defend_R","Defend_R","Bash","Perfected Strike+1","Armaments+1","Dark Embrace+1","Shockwave+1","Pommel Strike+1","Corruption","Battle Trance","Immolate+1","Impervious","Shame","Shrug It Off"],"special_seed":0,"relics":["Sozu","Lantern","Bronze Scales","WarpedTongs","Snecko Eye","Oddly Smooth Stone","InkBottle","Strawberry"],"potions_floor_usage":[],"damage_taken":[{"damage":0.0,"enemies":"Cultist","floor":1.0,"turns":3.0},{"damage":0.0,"enemies":"Jaw Worm","floor":2.0,"turns":3.0},{"damage":7.0,"enemies":"Small Slimes","floor":5.0,"turns":4.0},{"damage":15,"enemies":"3 Sentries","floor":7,"turns":7},{"damage":3,"enemies":"Looter","floor":10,"turns":2},{"damage":10,"enemies":"Lagavulin","floor":12,"turns":4},{"damage":10,"enemies":"Hexaghost","floor":16,"turns":7},{"damage":10,"enemies":"Spheric Guardian","floor":18,"turns":3},{"damage":0,"enemies":"Chosen","floor":20,"turns":2},{"damage":0,"enemies":"3 Cultists","floor":21,"turns":2},{"damage":5,"enemies":"Book of Stabbing","floor":24,"turns":3},{"damage":0,"enemies":"Centurion and Healer","floor":27,"turns":3},{"damage":43,"enemies":"Slavers","floor":28,"turns":3},{"damage":0,"enemies":"Snake Plant","floor":31,"turns":3},{"damage":78,"enemies":"Champ","floor":33,"turns":12}],"seed_played":"1328132543800810843","potions_obtained":[],"is_trial":false,"path_per_floor":["M","M","$","?","M","R","E","R","T","M","R","E","R","?","R","B",null,"M","$","M","M","?","R","E","R","T","M","E","?","R","M","R","B"],"character_chosen":"IRONCLAD","items_purchased":["Dark Embrace","Immolate"],"campfire_rested":3,"item_purchase_floors":[3,19],"current_hp_per_floor":[68,68,68,68,61,61,46,46,46,43,43,33,33,33,33,23,62,52,52,52,52,48,48,43,65,65,65,29,29,53,53,77,0],"gold":271,"neow_bonus":"BOSS_RELIC","is_prod":false,"is_daily":false,"chose_seed":false,"campfire_upgraded":6,"win_rate":0,"timestamp":1614557688,"path_taken":["M","M","$","?","M","R","E","R","T","M","R","E","R","?","R","BOSS","M","$","M","M","?","R","E","R","T","?","E","?","R","?","R","BOSS"],"build_version":"2020-12-18","purchased_purges":1,"victory":false,"max_hp_per_floor":[75,75,75,75,75,75,75,75,75,75,75,75,75,75,75,75,75,75,75,75,75,75,75,75,75,75,75,82,82,82,82,82,82],"relic_stats":{"Sozu":6,"counters":[15,61],"Bronze Scales":[93],"Snecko Eye":[61,63,86,65],"obtain_stats":[{"Sozu":0,"Lantern":7,"Bronze Scales":12,"Strawberry":28,"Snecko Eye":17,"Oddly Smooth Stone":24,"Burning Blood":0,"InkBottle":26,"WarpedTongs":14},{"Sozu":0,"Lantern":4,"Bronze Scales":6,"Strawberry":13,"Snecko Eye":7,"Oddly Smooth Stone":11,"Burning Blood":0,"InkBottle":11,"WarpedTongs":6},{"Sozu":0,"Lantern":17,"Bronze Scales":23,"Strawberry":46,"Snecko Eye":30,"Oddly Smooth Stone":40,"Burning Blood":0,"InkBottle":40,"WarpedTongs":23}],"InkBottle":[6],"WarpedTongs":[31]},"card_choices":[{"not_picked":["Flex","Reckless Charge"],"picked":"Perfected Strike","floor":1.0},{"not_picked":["Infernal Blade","Shrug It Off"],"picked":"Armaments","floor":2.0},{"not_picked":["Berserk","Rage"],"picked":"Shockwave","floor":5.0},{"not_picked":["Headbutt","Anger","Clothesline"],"picked":"SKIP","floor":7},{"not_picked":["True Grit","Dual Wield"],"picked":"Pommel Strike","floor":10},{"not_picked":["Body Slam","Cleave","Headbutt"],"picked":"SKIP","floor":12},{"not_picked":["Fiend Fire","Demon Form"],"picked":"Corruption","floor":16},{"not_picked":["Entrench","Sever Soul"],"picked":"Battle Trance","floor":18},{"not_picked":["Warcry","True Grit","Clash"],"picked":"SKIP","floor":20},{"not_picked":["Twin Strike","Warcry","Cleave+1"],"picked":"SKIP","floor":21},{"not_picked":["Whirlwind","Combust","Thunderclap"],"picked":"SKIP","floor":24},{"not_picked":["Seeing Red","Armaments+1","Havoc"],"picked":"SKIP","floor":27},{"not_picked":["Thunderclap","Fire Breathing"],"picked":"Impervious","floor":28},{"not_picked":["Wild Strike","Cleave"],"picked":"Shrug It Off","floor":31}],"player_experience":3540081,"relics_obtained":[{"floor":7,"key":"Lantern"},{"floor":12,"key":"Bronze Scales"},{"floor":24,"key":"Oddly Smooth Stone"},{"floor":26,"key":"InkBottle"},{"floor":28,"key":"Strawberry"}],"event_choices":[{"damage_healed":0.0,"max_hp_gain":0.0,"max_hp_loss":0.0,"gold_gain":0.0,"event_name":"Liars Game","player_choice":"Ignored","floor":4.0,"gold_loss":0.0,"damage_taken":0.0},{"damage_healed":0,"gold_gain":0,"player_choice":"Rummage","damage_taken":0,"relics_obtained":["WarpedTongs"],"max_hp_gain":0,"max_hp_loss":0,"event_name":"Accursed Blacksmith","floor":14,"gold_loss":0,"cards_obtained":["Pain"]},{"damage_healed":0,"gold_gain":0,"player_choice":"Bought 0 Potions","damage_taken":0,"max_hp_gain":0,"max_hp_loss":0,"event_name":"The Woman in Blue","floor":22,"gold_loss":0},{"damage_healed":0,"gold_gain":0,"player_choice":"1 cards matched","damage_taken":0,"max_hp_gain":0,"max_hp_loss":0,"event_name":"Match and Keep!","floor":29,"gold_loss":0,"cards_obtained":["Shame"]}],"is_beta":true,"boss_relics":[{"not_picked":["Calling Bell","SacredBark"],"picked":"Snecko Eye"}],"items_purged_floors":[19],"is_endless":false,"potions_floor_spawned":[2,10,16,18,24,28],"killed_by":"Champ","ascension_level":20}