{"gold_per_floor":[122,209,235,258,280,292,329,361,453,492,504,528,540,570,582,594],"floor_reached":16,"playtime":880,"items_purged":[],"score":228,"play_id":"3344c3fa-ace9-47cb-a926-80652175f77e","local_time":"20210304163603","is_ascension_mode":true,"campfire_choices":[{"data":"Carnage","floor":6,"key":"SMITH"},{"data":"Armaments","floor":11,"key":"SMITH"},{"floor":13,"key":"REST"},{"data":"Strike_R","floor":15,"key":"PURGE"}],"neow_cost":"NONE","seed_source_timestamp":1695388945227600,"circlet_count":0,"master_deck":["AscendersBane","Strike_R","Strike_R","Strike_R","Strike_R","Defend_R","Defend_R","Defend_R","Defend_R","Bash","Feel No Pain","Armaments+1","Carnage+1","Pommel Strike","Power Through+1"],"relics":["Burning Blood","MawBank","WingedGreaves","Toxic Egg 2","Peace Pipe"],"potions_floor_usage":[10,10,14],"damage_taken":[{"damage":14,"enemies":"Jaw Worm","floor":1,"turns":4},{"damage":3,"enemies":"2 Louse","floor":3,"turns":5},{"damage":7,"enemies":"Small Slimes","floor":4,"turns":3},{"damage":11,"enemies":"2 Fungi Beasts","floor":5,"turns":4},{"damage":15,"enemies":"3 Sentries","floor":7,"turns":12},{"damage":21,"enemies":"Lots of Slimes","floor":8,"turns":5},{"damage":10,"enemies":"Lagavulin","floor":10,"turns":4},{"damage":14,"enemies":"Exordium Wildlife","floor":12,"turns":4},{"damage":4,"enemies":"3 Louse","floor":14,"turns":5},{"damage":56,"enemies":"The Guardian","floor":16,"turns":8}],"seed_played":"5661892775127561779","potions_obtained":[{"floor":3,"key":"BloodPotion"},{"floor":8,"key":"DuplicationPotion"},{"floor":12,"key":"SkillPotion"},{"floor":14,"key":"Ancient Potion"}],"is_trial":false,"path_per_floor":["M","?","M","M","M","R","E","M","T","E","R","M","R","M","R","B"],"character_chosen":"IRONCLAD","items_purchased":[],"campfire_rested":1,"item_purchase_floors":[],"current_hp_per_floor":[60,49,52,51,46,46,37,22,22,33,33,25,47,49,49,0],"gold":594,"neow_bonus":"RANDOM_COMMON_RELIC","is_prod":false,"is_daily":false,"chose_seed":false,"campfire_upgraded":2,"win_rate":0,"timestamp":1614904563,"path_taken":["M","?","M","M","M","R","E","M","T","E","R","M","R","M","R","BOSS"],"build_version":"2020-12-18","purchased_purges":0,"victory":false,"max_hp_per_floor":[75,75,75,75,75,75,75,75,75,75,75,75,75,75,75,75],"relic_stats":{"Peace Pipe":1,"counters":[10,54],"MawBank":192,"obtain_stats":[{"Peace Pipe":10,"WingedGreaves":7,"Toxic Egg 2":9,"MawBank":0,"Burning Blood":0},{"Peace Pipe":7,"WingedGreaves":5,"Toxic Egg 2":6,"MawBank":0,"Burning Blood":0},{"Peace Pipe":37,"WingedGreaves":28,"Toxic Egg 2":33,"MawBank":0,"Burning Blood":0}],"Burning Blood":54},"card_choices":[{"not_picked":["Cleave","Flex"],"picked":"Feel No Pain","floor":1},{"not_picked":["Metallicize","Wild Strike"],"picked":"Armaments","floor":3},{"not_picked":["True Grit","Armaments","Sever Soul"],"picked":"SKIP","floor":4},{"not_picked":["Pommel Strike","Clothesline"],"picked":"Carnage","floor":5},{"not_picked":["Dark Embrace","Bloodletting"],"picked":"Pommel Strike","floor":7},{"not_picked":["Dual Wield","Iron Wave","Sever Soul"],"picked":"SKIP","floor":8},{"not_picked":["Perfected Strike","Rupture","Reckless Charge"],"picked":"SKIP","floor":10},{"not_picked":["Inflame","Dual Wield+1"],"picked":"Power Through+1","floor":12},{"not_picked":["Sword Boomerang","Seeing Red+1","Pummel"],"picked":"SKIP","floor":14}],"player_experience":3600249,"relics_obtained":[{"floor":7,"key":"WingedGreaves"},{"floor":9,"key":"Toxic Egg 2"},{"floor":10,"key":"Peace Pipe"}],"event_choices":[{"damage_healed":0,"gold_gain":75,"player_choice":"Gather Gold","damage_taken":11,"max_hp_gain":0,"max_hp_loss":0,"event_name":"World of Goop","floor":2,"gold_loss":0}],"is_beta":true,"boss_relics":[],"items_purged_floors":[],"is_endless":false,"potions_floor_spawned":[3,8,12,14],"killed_by":"The Guardian","ascension_level":20}