{"gold_per_floor":[211,43,59,59,78,78,110,123,146,156,172,207,47,64,64,140,140,150,169,186,236,286,286,312,312,312,31,47,67,102,120,120,120],"floor_reached":33,"playtime":2465,"items_purged":["Strike_R","Strike_R"],"score":602,"play_id":"f00993f5-359b-4514-ba24-1bd1ed7e0aba","local_time":"20210305181134","is_ascension_mode":true,"campfire_choices":[{"data":"Bash","floor":6.0,"key":"SMITH"},{"data":"Armaments","floor":15,"key":"SMITH"},{"data":"Combust","floor":23,"key":"SMITH"},{"floor":25,"key":"REST"},{"floor":32,"key":"REST"}],"neow_cost":"NONE","seed_source_timestamp":1785913333190300,"circlet_count":0,"master_deck":["AscendersBane","Strike_R","Strike_R","Strike_R","Defend_R","Defend_R","Defend_R","Defend_R","Bash+1","Iron Wave","Twin Strike","Shrug It Off","Combust+1","Hemokinesis","Carnage","Fire Breathing","Armaments+1","Impervious","Armaments+1","Ghostly Armor","Body Slam","Rage+1","Flash of Steel","Iron Wave","Rupture","Disarm+1","Clothesline+1","Iron Wave"],"special_seed":0,"relics":["Burning Blood","TheAbacus","Bag of Marbles","Centennial Puzzle","Toy Ornithopter","Mark of Pain","Orichalcum","Kunai","InkBottle"],"potions_floor_usage":[7,18,20,24,29,33],"damage_taken":[{"damage":10.0,"enemies":"Small Slimes","floor":1.0,"turns":4.0},{"damage":7.0,"enemies":"Cultist","floor":3.0,"turns":5.0},{"damage":8.0,"enemies":"Jaw Worm","floor":5.0,"turns":5.0},{"damage":19,"enemies":"Lagavulin","floor":7,"turns":8},{"damage":1,"enemies":"2 Fungi Beasts","floor":8,"turns":4},{"damage":4,"enemies":"Lots of Slimes","floor":10,"turns":3},{"damage":8,"enemies":"Large Slime","floor":11,"turns":7},{"damage":10,"enemies":"Gremlin Nob","floor":12,"turns":3},{"damage":9,"enemies":"Red Slaver","floor":14,"turns":3},{"damage":8,"enemies":"Slime Boss","floor":16,"turns":5},{"damage":11,"enemies":"2 Thieves","floor":18,"turns":4},{"damage":5,"enemies":"3 Byrds","floor":19,"turns":4},{"damage":33,"enemies":"Snake Plant","floor":20,"turns":5},{"damage":37,"enemies":"Gremlin Leader","floor":24,"turns":8},{"damage":26,"enemies":"Cultist and Chosen","floor":28,"turns":6},{"damage":5,"enemies":"Snecko","floor":29,"turns":3},{"damage":22,"enemies":"Slavers","floor":30,"turns":6},{"damage":13,"enemies":"Snake Plant","floor":31,"turns":4},{"damage":55,"enemies":"Collector","floor":33,"turns":8}],"seed_played":"3714025093575284636","potions_obtained":[{"floor":1.0,"key":"Fire Potion"},{"floor":3.0,"key":"CultistPotion"},{"floor":10,"key":"PowerPotion"},{"floor":19,"key":"Ancient Potion"},{"floor":24,"key":"FairyPotion"},{"floor":29,"key":"DuplicationPotion"}],"is_trial":false,"path_per_floor":["M","$","M","?","M","R","E","M","T","M","M","E","$","M","R","B",null,"M","M","M","?","?","R","E","R","T","$","M","M","E","M","R","B"],"character_chosen":"IRONCLAD","items_purchased":["TheAbacus","Fire Breathing","Flash of Steel","Iron Wave","PowerPotion"],"campfire_rested":2,"item_purchase_floors":[2,13,27,27,27],"current_hp_per_floor":[64,64,63,59,57,57,44,49,49,51,49,45,45,42,42,40,66,66,67,45,45,45,45,19,41,41,41,21,27,11,28,50,0],"gold":120,"neow_bonus":"HUNDRED_GOLD","is_prod":false,"is_daily":false,"chose_seed":false,"campfire_upgraded":3,"win_rate":0,"timestamp":1614996694,"path_taken":["M","$","M","?","?","R","E","M","T","M","?","E","$","M","R","BOSS","M","M","M","?","?","R","E","R","T","$","M","?","E","M","R","BOSS"],"build_version":"2020-12-18","purchased_purges":2,"victory":false,"max_hp_per_floor":[75,75,75,75,75,75,75,75,75,75,75,75,75,75,75,75,75,75,75,75,75,75,75,75,75,75,75,75,75,75,75,75,75],"relic_stats":{"Centennial Puzzle":[42],"TheAbacus":[132],"counters":[19,95],"Kunai":[5],"Orichalcum":[6],"obtain_stats":[{"Centennial Puzzle":9,"TheAbacus":2,"Mark of Pain":17,"Bag of Marbles":7,"Kunai":26,"Orichalcum":24,"Burning Blood":0,"Toy Ornithopter":12,"InkBottle":30},{"Centennial Puzzle":5,"TheAbacus":1,"Mark of Pain":10,"Bag of Marbles":4,"Kunai":14,"Orichalcum":14,"Burning Blood":0,"Toy Ornithopter":8,"InkBottle":17},{"Centennial Puzzle":26,"TheAbacus":4,"Mark of Pain":47,"Bag of Marbles":22,"Kunai":68,"Orichalcum":68,"Burning Blood":0,"Toy Ornithopter":39,"InkBottle":83}],"Burning Blood":108,"Toy Ornithopter":25,"InkBottle":[4]},"card_choices":[{"not_picked":["Shockwave","Disarm"],"picked":"Iron Wave","floor":1.0},{"not_picked":["Intimidate","Infernal Blade"],"picked":"Twin Strike","floor":3.0},{"not_picked":["Anger","Twin Strike"],"picked":"Shrug It Off","floor":5.0},{"not_picked":["Clothesline","Reckless Charge"],"picked":"Combust","floor":7},{"not_picked":["Double Tap","Havoc","Thunderclap"],"picked":"SKIP","floor":8},{"not_picked":["Disarm","Clothesline","Cleave"],"picked":"SKIP","floor":10},{"not_picked":["Anger","Intimidate"],"picked":"Hemokinesis","floor":11},{"not_picked":["Wild Strike","Pommel Strike"],"picked":"Carnage","floor":12},{"not_picked":["Twin Strike","Wild Strike"],"picked":"Armaments","floor":14},{"not_picked":["Bludgeon","Demon Form"],"picked":"Impervious","floor":16},{"not_picked":["Pummel","Infernal Blade"],"picked":"Armaments+1","floor":18},{"not_picked":["Sword Boomerang","Dropkick"],"picked":"Ghostly Armor","floor":19},{"not_picked":["Sword Boomerang","Rampage"],"picked":"Body Slam","floor":20},{"not_picked":["Havoc","Searing Blow+1"],"picked":"Rage+1","floor":24},{"not_picked":["Thunderclap","Wild Strike"],"picked":"Rupture","floor":28},{"not_picked":["Headbutt","Perfected Strike"],"picked":"Disarm+1","floor":29},{"not_picked":["Iron Wave","Rage"],"picked":"Clothesline+1","floor":30},{"not_picked":["Twin Strike","Headbutt"],"picked":"Iron Wave","floor":31}],"player_experience":3607841,"relics_obtained":[{"floor":7,"key":"Bag of Marbles"},{"floor":9,"key":"Centennial Puzzle"},{"floor":12,"key":"Toy Ornithopter"},{"floor":24,"key":"Orichalcum"},{"floor":26,"key":"Kunai"},{"floor":30,"key":"InkBottle"}],"event_choices":[{"damage_healed":0.0,"max_hp_gain":0.0,"max_hp_loss":0.0,"gold_gain":0.0,"event_name":"The Woman in Blue","player_choice":"Bought 0 Potions","floor":4.0,"gold_loss":0.0,"damage_taken":0.0},{"damage_healed":0,"gold_gain":50,"player_choice":"Stole From Cult","damage_taken":0,"max_hp_gain":0,"max_hp_loss":0,"event_name":"Nest","floor":21,"gold_loss":0},{"damage_healed":0,"gold_gain":50,"player_choice":"Pray","damage_taken":0,"max_hp_gain":0,"max_hp_loss":0,"event_name":"Golden Shrine","floor":22,"gold_loss":0}],"is_beta":true,"boss_relics":[{"not_picked":["Fusion Hammer","Ectoplasm"],"picked":"Mark of Pain"}],"items_purged_floors":[13,27],"is_endless":false,"potions_floor_spawned":[1,3,10,14,19,24,29],"killed_by":"Collector","ascension_level":20}