{"gold_per_floor":[112,124,38,113,124,124,157,157,157,157,157,157,189,37,37,114,114,133,133,133,146,164,164,195,195,195,221,234,244,1,0,0,78,78,91,105,157,157,171,171],"floor_reached":40,"playtime":3583,"items_purged":["Strike_R"],"score":1014,"play_id":"04273ac6-9688-4805-be17-36d750a81c32","local_time":"20210303213546","is_ascension_mode":true,"campfire_choices":[{"data":"Inflame","floor":6,"key":"SMITH"},{"data":"Inflame","floor":10,"key":"SMITH"},{"data":"Bash","floor":12,"key":"SMITH"},{"data":"Inflame","floor":15,"key":"SMITH"},{"data":"Limit Break","floor":23,"key":"SMITH"},{"floor":25,"key":"REST"},{"floor":32,"key":"REST"}],"neow_cost":"NONE","seed_source_timestamp":1624267190860400,"circlet_count":0,"master_deck":["AscendersBane","Strike_R","Strike_R","Strike_R","Defend_R","Defend_R","Defend_R","Defend_R","Bash+1","Rampage","Thunderclap","Inflame+1","Inflame+1","Twin Strike","Havoc","Inflame+1","Limit Break+1","Reaper","Metallicize","Shrug It Off+1","Shockwave","Shrug It Off+1","Impervious","Armaments","Impervious","Offering","Heavy Blade+1","Reaper"],"relics":["Burning Blood","Art of War","Prayer Wheel","Mummified Hand","Shovel","Runic Dome","Pear","Darkstone Periapt","Ornamental Fan","Paper Frog","Orrery","Snecko Eye","Pocketwatch"],"potions_floor_usage":[13,16,18,33,33],"damage_taken":[{"damage":10,"enemies":"Small Slimes","floor":1,"turns":3},{"damage":2,"enemies":"Jaw Worm","floor":2,"turns":4},{"damage":1,"enemies":"2 Louse","floor":5,"turns":3},{"damage":32,"enemies":"Gremlin Nob","floor":7,"turns":4},{"damage":10,"enemies":"3 Sentries","floor":13,"turns":4},{"damage":0,"enemies":"Slime Boss","floor":16,"turns":7},{"damage":28,"enemies":"3 Byrds","floor":18,"turns":4},{"damage":28,"enemies":"Spheric Guardian","floor":21,"turns":4},{"damage":4,"enemies":"3 Cultists","floor":22,"turns":3},{"damage":79,"enemies":"Book of Stabbing","floor":24,"turns":6},{"damage":12,"enemies":"Gremlin Leader","floor":27,"turns":5},{"damage":34,"enemies":"Cultist and Chosen","floor":28,"turns":8},{"damage":67,"enemies":"Snake Plant","floor":29,"turns":6},{"damage":38,"enemies":"Champ","floor":33,"turns":10},{"damage":0,"enemies":"3 Shapes","floor":35,"turns":4},{"damage":7,"enemies":"Orb Walker","floor":36,"turns":3},{"damage":29,"enemies":"2 Orb Walkers","floor":37,"turns":4},{"damage":7,"enemies":"Writhing Mass","floor":39,"turns":4},{"damage":97,"enemies":"Nemesis","floor":40,"turns":7}],"seed_played":"1394625379772126846","potions_obtained":[{"floor":1,"key":"ElixirPotion"},{"floor":5,"key":"LiquidMemories"},{"floor":13,"key":"Fruit Juice"},{"floor":16,"key":"Explosive Potion"},{"floor":24,"key":"ElixirPotion"},{"floor":27,"key":"LiquidMemories"},{"floor":29,"key":"GamblersBrew"}],"is_trial":false,"path_per_floor":["M","M","$","?","M","R","E","?","T","R","?","R","E","$","R","B",null,"M","T","?","M","M","R","E","R","T","E","M","M","$","?","R","B",null,"M","M","?","?","M","E"],"character_chosen":"IRONCLAD","items_purchased":["Inflame","Limit Break","Orrery"],"campfire_rested":2,"item_purchase_floors":[3,14,30],"current_hp_per_floor":[64,68,68,57,62,62,36,36,36,36,36,36,32,32,32,43,71,61,71,90,74,90,90,34,61,61,76,76,15,15,15,42,81,88,90,90,80,80,83,0],"gold":171,"neow_bonus":"RANDOM_COMMON_RELIC","is_prod":false,"is_daily":false,"chose_seed":false,"campfire_upgraded":5,"win_rate":0,"timestamp":1614836146,"path_taken":["M","M","$","?","M","R","E","?","T","R","?","R","E","$","R","BOSS","M","?","?","M","M","R","E","R","T","E","?","M","$","?","R","BOSS","M","M","?","?","M","E"],"build_version":"2020-12-18","purchased_purges":1,"victory":false,"max_hp_per_floor":[75,75,75,75,75,75,75,75,75,75,75,75,75,75,75,80,80,80,90,90,90,90,90,90,90,90,90,90,90,90,90,90,90,90,90,90,90,90,90,90],"relic_stats":{"Darkstone Periapt":0,"Shovel":0,"counters":[19,93],"Mummified Hand":[91],"Ornamental Fan":[32],"Snecko Eye":[39,44,40,47],"Prayer Wheel":8,"Art of War":[11],"obtain_stats":[{"Darkstone Periapt":24,"Pear":19,"Burning Blood":0,"Runic Dome":17,"Shovel":13,"Mummified Hand":9,"Ornamental Fan":26,"Orrery":30,"Snecko Eye":34,"Prayer Wheel":7,"Art of War":0,"Paper Frog":27,"Pocketwatch":37},{"Darkstone Periapt":10,"Pear":7,"Burning Blood":0,"Runic Dome":6,"Shovel":5,"Mummified Hand":4,"Ornamental Fan":10,"Orrery":13,"Snecko Eye":14,"Prayer Wheel":4,"Art of War":0,"Paper Frog":11,"Pocketwatch":17},{"Darkstone Periapt":42,"Pear":29,"Burning Blood":0,"Runic Dome":25,"Shovel":18,"Mummified Hand":14,"Ornamental Fan":42,"Orrery":61,"Snecko Eye":71,"Prayer Wheel":14,"Art of War":0,"Paper Frog":47,"Pocketwatch":82}],"Burning Blood":90,"Pocketwatch":[12]},"card_choices":[{"not_picked":["Body Slam","Reckless Charge"],"picked":"Rampage","floor":1},{"not_picked":["Clothesline","Pummel"],"picked":"Thunderclap","floor":2},{"not_picked":["Sever Soul","Headbutt"],"picked":"Inflame","floor":5},{"not_picked":["Perfected Strike","Body Slam"],"picked":"Twin Strike","floor":7},{"not_picked":["Uppercut","Shockwave"],"picked":"Inflame","floor":13},{"not_picked":["Barricade","Impervious"],"picked":"Reaper","floor":16},{"not_picked":["Armaments","Flex"],"picked":"Metallicize","floor":18},{"not_picked":["Sword Boomerang","Twin Strike"],"picked":"Dark Embrace","floor":18},{"not_picked":["Power Through","True Grit"],"picked":"Shrug It Off+1","floor":21},{"not_picked":["Fire Breathing","True Grit","Perfected Strike"],"picked":"SKIP","floor":21},{"not_picked":["Perfected Strike","Infernal Blade+1"],"picked":"Shockwave","floor":22},{"not_picked":["Uppercut","Inflame","Pommel Strike"],"picked":"SKIP","floor":22},{"not_picked":["Cleave","Infernal Blade"],"picked":"Shrug It Off+1","floor":24},{"not_picked":["Pommel Strike","Shrug It Off+1"],"picked":"Impervious","floor":27},{"not_picked":["Disarm","Sword Boomerang"],"picked":"Armaments","floor":28},{"not_picked":["Pommel Strike","Rage","Seeing Red"],"picked":"SKIP","floor":28},{"not_picked":["Shockwave+1","Perfected Strike","Blood for Blood"],"picked":"SKIP","floor":29},{"not_picked":["Anger+1","Twin Strike","Headbutt"],"picked":"SKIP","floor":29},{"not_picked":["Shockwave+1","Perfected Strike","Blood for Blood"],"picked":"SKIP","floor":29},{"not_picked":["Anger+1","Twin Strike","Headbutt"],"picked":"SKIP","floor":29},{"not_picked":["Anger","Warcry"],"picked":"Impervious","floor":30},{"not_picked":["Impervious","Juggernaut"],"picked":"Offering","floor":33},{"not_picked":["Hemokinesis","Infernal Blade","Headbutt"],"picked":"SKIP","floor":35},{"not_picked":["Intimidate","Pummel","Headbutt"],"picked":"SKIP","floor":35},{"not_picked":["Reckless Charge","Inflame+1"],"picked":"Heavy Blade+1","floor":36},{"not_picked":["Twin Strike","Blood for Blood+1","Headbutt"],"picked":"SKIP","floor":36},{"not_picked":["Double Tap","Twin Strike","Headbutt"],"picked":"SKIP","floor":39},{"not_picked":["Twin Strike","Seeing Red","Body Slam"],"picked":"SKIP","floor":39}],"player_experience":3596220,"relics_obtained":[{"floor":7,"key":"Prayer Wheel"},{"floor":9,"key":"Mummified Hand"},{"floor":13,"key":"Shovel"},{"floor":19,"key":"Pear"},{"floor":24,"key":"Darkstone Periapt"},{"floor":26,"key":"Ornamental Fan"},{"floor":27,"key":"Paper Frog"},{"floor":37,"key":"Pocketwatch"}],"event_choices":[{"damage_healed":0,"gold_gain":75,"player_choice":"Gather Gold","damage_taken":11,"max_hp_gain":0,"max_hp_loss":0,"event_name":"World of Goop","floor":4,"gold_loss":0},{"damage_healed":0,"gold_gain":0,"player_choice":"Ignored","damage_taken":0,"max_hp_gain":0,"max_hp_loss":0,"event_name":"Liars Game","floor":8,"gold_loss":0},{"damage_healed":0,"gold_gain":0,"cards_transformed":["Strike_R"],"player_choice":"Transformed","damage_taken":0,"max_hp_gain":0,"max_hp_loss":0,"event_name":"Transmorgrifier","floor":11,"gold_loss":0,"cards_obtained":["Havoc"]},{"cards_removed":["Dark Embrace"],"damage_healed":19,"gold_gain":0,"player_choice":"Offered Uncommon","damage_taken":0,"max_hp_gain":0,"max_hp_loss":0,"event_name":"Bonfire Elementals","floor":20,"gold_loss":0},{"damage_healed":0,"gold_gain":0,"player_choice":"Paid Fearfully","damage_taken":0,"max_hp_gain":0,"max_hp_loss":0,"event_name":"Masked Bandits","floor":31,"gold_loss":1},{"damage_healed":0,"gold_gain":0,"player_choice":"Fight","damage_taken":0,"max_hp_gain":0,"max_hp_loss":0,"event_name":"Mysterious Sphere","floor":37,"gold_loss":0},{"damage_healed":0,"gold_gain":0,"player_choice":"Copied","damage_taken":0,"max_hp_gain":0,"max_hp_loss":0,"event_name":"Duplicator","floor":38,"gold_loss":0,"cards_obtained":["Reaper"]}],"is_beta":true,"boss_relics":[{"not_picked":["Busted Crown","Ectoplasm"],"picked":"Runic Dome"},{"not_picked":["Calling Bell","Runic Pyramid"],"picked":"Snecko Eye"}],"items_purged_floors":[30],"is_endless":false,"potions_floor_spawned":[1,5,13,16,24,27,29],"killed_by":"Nemesis","ascension_level":20}