{"gold_per_floor":[119,131,148,148,148,148,179,179,252,279,279,222,238,16,16,90,90,107,124,124,49,64,64],"floor_reached":23,"playtime":2159,"items_purged":["Strike_R"],"score":498,"play_id":"85e59ece-79dc-4ca3-baf3-984152f8fb3e","local_time":"20210302223232","is_ascension_mode":true,"campfire_choices":[{"data":"Hemokinesis","floor":6,"key":"SMITH"},{"data":"Bash","floor":8,"key":"SMITH"},{"data":"Whirlwind","floor":11,"key":"SMITH"},{"data":"Fire Breathing","floor":15,"key":"SMITH"}],"neow_cost":"NONE","seed_source_timestamp":1542697376347500,"circlet_count":0,"master_deck":["AscendersBane","Strike_R","Strike_R","Strike_R","Defend_R+1","Defend_R","Defend_R+1","Defend_R","Bash+1","Hemokinesis+1","Thunderclap","Fire Breathing+1","Whirlwind+1","Reaper","Flex+1","Shrug It Off"],"relics":["Burning Blood","Centennial Puzzle","War Paint","Smiling Mask","Dream Catcher","Sling","Black Star"],"potions_floor_usage":[10,19],"damage_taken":[{"damage":7,"enemies":"Cultist","floor":1,"turns":4},{"damage":6,"enemies":"Jaw Worm","floor":2,"turns":4},{"damage":2,"enemies":"2 Louse","floor":3,"turns":2},{"damage":34,"enemies":"Gremlin Nob","floor":7,"turns":4},{"damage":20,"enemies":"Lagavulin","floor":10,"turns":5},{"damage":7,"enemies":"Lots of Slimes","floor":13,"turns":3},{"damage":2,"enemies":"Slime Boss","floor":16,"turns":6},{"damage":5,"enemies":"Chosen","floor":18,"turns":5},{"damage":25,"enemies":"Spheric Guardian","floor":19,"turns":5},{"damage":20,"enemies":"Cultist and Chosen","floor":22,"turns":5},{"damage":32,"enemies":"Book of Stabbing","floor":23,"turns":3}],"seed_played":"-6194920261858717748","potions_obtained":[{"floor":1,"key":"Regen Potion"},{"floor":3,"key":"Explosive Potion"},{"floor":10,"key":"EssenceOfSteel"}],"is_trial":false,"path_per_floor":["M","M","M","?","?","R","E","R","T","E","R","?","M","$","R","B",null,"M","M","?","?","M","E"],"character_chosen":"IRONCLAD","items_purchased":["Sling"],"campfire_rested":0,"item_purchase_floors":[14],"current_hp_per_floor":[67,67,71,76,76,76,48,48,48,48,48,48,47,47,47,51,73,78,59,36,36,30,0],"gold":64,"neow_bonus":"RANDOM_COMMON_RELIC","is_prod":false,"is_daily":false,"chose_seed":false,"campfire_upgraded":4,"win_rate":0,"timestamp":1614753152,"path_taken":["M","M","M","?","?","R","E","R","T","E","R","?","?","$","R","BOSS","M","M","?","?","M","E"],"build_version":"2020-12-18","purchased_purges":1,"victory":false,"max_hp_per_floor":[75,75,75,80,80,80,80,80,80,80,80,80,80,80,80,80,80,80,80,85,85,85,85],"relic_stats":{"Centennial Puzzle":[33],"Dream Catcher":0,"counters":[11,46],"Black Star":0,"War Paint":["Defend_R","Defend_R"],"Smiling Mask":25,"obtain_stats":[{"Centennial Puzzle":0,"Dream Catcher":12,"Black Star":17,"War Paint":7,"Smiling Mask":10,"Sling":14,"Burning Blood":0},{"Centennial Puzzle":0,"Dream Catcher":5,"Black Star":7,"War Paint":4,"Smiling Mask":5,"Sling":6,"Burning Blood":0},{"Centennial Puzzle":0,"Dream Catcher":19,"Black Star":28,"War Paint":14,"Smiling Mask":19,"Sling":22,"Burning Blood":0}],"Burning Blood":60},"card_choices":[{"not_picked":["Anger","Pommel Strike"],"picked":"Hemokinesis","floor":1},{"not_picked":["Intimidate","Entrench"],"picked":"Thunderclap","floor":2},{"not_picked":["Shrug It Off","Armaments"],"picked":"Fire Breathing","floor":3},{"not_picked":["Clash","Headbutt","Body Slam"],"picked":"SKIP","floor":7},{"not_picked":["Thunderclap","Limit Break"],"picked":"Whirlwind","floor":10},{"not_picked":["Pommel Strike","Wild Strike","Rupture"],"picked":"SKIP","floor":13},{"not_picked":["Demon Form","Brutality"],"picked":"Reaper","floor":16},{"not_picked":["Sword Boomerang","Second Wind","Fire Breathing"],"picked":"SKIP","floor":18},{"not_picked":["Body Slam","Perfected Strike"],"picked":"Flex+1","floor":19},{"not_picked":["Clothesline","Twin Strike"],"picked":"Shrug It Off","floor":22}],"player_experience":3589420,"relics_obtained":[{"floor":7,"key":"War Paint"},{"floor":10,"key":"Smiling Mask"}],"event_choices":[{"damage_healed":0,"gold_gain":0,"player_choice":"Donut","damage_taken":0,"max_hp_gain":5,"max_hp_loss":0,"event_name":"Big Fish","floor":4,"gold_loss":0},{"damage_healed":0,"gold_gain":0,"player_choice":"Ignored","damage_taken":0,"max_hp_gain":0,"max_hp_loss":0,"event_name":"Liars Game","floor":5,"gold_loss":0},{"damage_healed":0,"gold_gain":0,"player_choice":"Paid Gold","damage_taken":0,"relics_obtained":["Dream Catcher"],"max_hp_gain":0,"max_hp_loss":0,"event_name":"WeMeetAgain","floor":12,"gold_loss":57},{"damage_healed":0,"gold_gain":0,"player_choice":"Shed Blood","damage_taken":28,"max_hp_gain":5,"max_hp_loss":0,"event_name":"Forgotten Altar","floor":20,"gold_loss":0},{"cards_removed":["Strike_R"],"damage_healed":0,"gold_gain":0,"player_choice":"Gave Gold","damage_taken":0,"max_hp_gain":0,"max_hp_loss":0,"event_name":"Beggar","floor":21,"gold_loss":75}],"is_beta":true,"boss_relics":[{"not_picked":["Ectoplasm","Black Blood"],"picked":"Black Star"}],"items_purged_floors":[14],"is_endless":false,"potions_floor_spawned":[1,3,7,10],"killed_by":"Book of Stabbing","ascension_level":20}