{"gold_per_floor":[219,369,51,67,85,119,119,146,146,165,193,93,93,108,108,197,197,221,221,9,9,9,9,40,40,40,61,97,97,117,132,132,230,230,244,9,0,0,0,0,20,53,79,79,79,118,118,151,151,151,151,151,151,44,79,79],"floor_reached":57,"playtime":5535,"items_purged":["Doubt","Strike_R","Strike_R"],"score":3209,"play_id":"5f0d523b-9c0e-4944-898a-9e750216e516","local_time":"20210227234219","is_ascension_mode":true,"campfire_choices":[{"floor":7.0,"key":"REST"},{"data":"1","floor":15.0,"key":"LIFT"},{"data":"2","floor":23.0,"key":"LIFT"},{"data":"3","floor":25.0,"key":"LIFT"},{"data":"Barricade","floor":29.0,"key":"SMITH"},{"floor":32.0,"key":"REST"},{"data":"Entrench","floor":40.0,"key":"SMITH"},{"floor":47.0,"key":"RECALL"},{"data":"Power Through","floor":49.0,"key":"SMITH"},{"data":"Uppercut","floor":53.0,"key":"SMITH"}],"neow_cost":"NONE","seed_source_timestamp":1284181873233800,"circlet_count":0,"master_deck":["AscendersBane","Strike_R","Strike_R","Strike_R","Defend_R","Defend_R+1","Defend_R","Defend_R","Bash","Uppercut+1","Dark Embrace","Shrug It Off","Hemokinesis","Disarm","Offering+1","Barricade+1","CurseOfTheBell","Necronomicurse","Intimidate","Blood for Blood+1","Havoc+1","Armaments+1","Blood for Blood+1","Heavy Blade+1","Fiend Fire+1","Power Through+1","Entrench+1","Body Slam+1","Dark Shackles","Secret Technique","Shrug It Off","Impervious","Shrug It Off"],"special_seed":0,"relics":["Burning Blood","Medical Kit","Bag of Preparation","Thread and Needle","Girya","Golden Idol","Calling Bell","Pear","Dead Branch","War Paint","Necronomicon","Molten Egg 2","CaptainsWheel","Akabeko","Runic Dome","Membership Card","Red Mask","Singing Bowl","Toy Ornithopter","Red Skull","Gambling Chip","Blue Candle"],"potions_floor_usage":[56,56],"damage_taken":[{"damage":7.0,"enemies":"Cultist","floor":1.0,"turns":4.0},{"damage":12.0,"enemies":"Jaw Worm","floor":4.0,"turns":3.0},{"damage":2.0,"enemies":"2 Louse","floor":5.0,"turns":3.0},{"damage":41.0,"enemies":"Lagavulin","floor":6.0,"turns":9.0},{"damage":24.0,"enemies":"3 Sentries","floor":8.0,"turns":7.0},{"damage":2.0,"enemies":"2 Fungi Beasts","floor":10.0,"turns":3.0},{"damage":15.0,"enemies":"Gremlin Nob","floor":11.0,"turns":4.0},{"damage":6.0,"enemies":"Gremlin Gang","floor":14.0,"turns":4.0},{"damage":26.0,"enemies":"Hexaghost","floor":16.0,"turns":10.0},{"damage":16.0,"enemies":"2 Thieves","floor":18.0,"turns":5.0},{"damage":18.0,"enemies":"Gremlin Leader","floor":24.0,"turns":10.0},{"damage":6.0,"enemies":"Chosen","floor":27.0,"turns":2.0},{"damage":14.0,"enemies":"Slavers","floor":28.0,"turns":2.0},{"damage":11.0,"enemies":"Snecko","floor":30.0,"turns":6.0},{"damage":21.0,"enemies":"Shelled Parasite and Fungi","floor":31.0,"turns":3.0},{"damage":14.0,"enemies":"Collector","floor":33.0,"turns":13.0},{"damage":15.0,"enemies":"3 Darklings","floor":35.0,"turns":4.0},{"damage":6.0,"enemies":"3 Shapes","floor":41.0,"turns":3.0},{"damage":6.0,"enemies":"Giant Head","floor":42.0,"turns":4.0},{"damage":13.0,"enemies":"Nemesis","floor":46.0,"turns":7.0},{"damage":12.0,"enemies":"Giant Head","floor":48.0,"turns":3.0},{"damage":6.0,"enemies":"Donu and Deca","floor":50.0,"turns":9.0},{"damage":9.0,"enemies":"Time Eater","floor":51.0,"turns":6.0},{"damage":6.0,"enemies":"Shield and Spear","floor":55.0,"turns":8.0},{"damage":54,"enemies":"The Heart","floor":56,"turns":7}],"seed_played":"8895608283830043039","potions_obtained":[{"floor":4.0,"key":"Block Potion"},{"floor":6.0,"key":"Explosive Potion"},{"floor":8.0,"key":"Block Potion"},{"floor":10.0,"key":"Explosive Potion"},{"floor":16.0,"key":"EssenceOfSteel"},{"floor":18.0,"key":"HeartOfIron"},{"floor":31.0,"key":"Fire Potion"},{"floor":46.0,"key":"ColorlessPotion"},{"floor":48.0,"key":"LiquidBronze"},{"floor":55.0,"key":"AttackPotion"}],"is_trial":false,"path_per_floor":["M","?","$","M","M","E","R","E","T","M","E","$","?","M","R","B",null,"M","?","$","?","?","R","E","R","T","M","E","R","M","M","R","B",null,"M","$","?","?","?","R","M","E","T","?","?","E","R","E","R","B","B",null,"R","$","E","B",null],"character_chosen":"IRONCLAD","items_purchased":["Medical Kit","Uppercut","Intimidate","Membership Card","Entrench","Body Slam+1","Impervious","Shrug It Off"],"campfire_rested":2,"item_purchase_floors":[3,3,20,36,36,36,54,54],"current_hp_per_floor":[67,67,67,61,65,30,52,34,34,38,29,29,29,29,29,9,63,53,32,32,32,78,78,66,66,66,66,58,58,53,38,61,53,72,63,63,63,53,53,53,53,53,53,53,74,69,69,70,70,70,67,75,75,75,80,42],"gold":79,"neow_bonus":"HUNDRED_GOLD","is_prod":false,"is_daily":false,"chose_seed":false,"campfire_upgraded":4,"win_rate":0,"timestamp":1614498139,"path_taken":["M","?","$","M","M","E","R","E","T","M","E","$","?","M","R","BOSS","M","?","$","?","?","R","E","R","T","M","E","R","M","?","R","BOSS","M","$","?","?","?","R","M","E","T","?","?","E","R","E","R","BOSS","BOSS","R","$","E","BOSS"],"build_version":"2020-12-18","purchased_purges":3,"victory":true,"max_hp_per_floor":[75,75,75,75,75,75,75,75,75,75,75,75,68,68,68,68,78,78,78,78,78,78,78,78,78,78,78,78,78,78,78,78,78,78,78,78,78,78,78,78,78,78,78,74,74,76,76,78,78,78,78,78,78,78,80,80],"relic_stats":{"Singing Bowl":6,"counters":[25,139],"Golden Idol":162,"Dead Branch":[244],"Blue Candle":[5],"Bag of Preparation":[42],"War Paint":["Offering","Defend_R"],"Medical Kit":[48],"Burning Blood":148,"Gambling Chip":[21],"Necronomicon":[51],"obtain_stats":[{"Girya":11,"Pear":17,"Singing Bowl":42,"Golden Idol":13,"Dead Branch":17,"Blue Candle":55,"Thread and Needle":8,"Bag of Preparation":6,"War Paint":17,"Medical Kit":3,"Burning Blood":0,"Akabeko":28,"Calling Bell":17,"Runic Dome":34,"CaptainsWheel":26,"Gambling Chip":48,"Molten Egg 2":24,"Necronomicon":19,"Red Mask":37,"Membership Card":36,"Toy Ornithopter":43,"Red Skull":46},{"Girya":7,"Pear":9,"Singing Bowl":19,"Golden Idol":7,"Dead Branch":9,"Blue Candle":24,"Thread and Needle":5,"Bag of Preparation":4,"War Paint":9,"Medical Kit":1,"Burning Blood":0,"Akabeko":13,"Calling Bell":9,"Runic Dome":16,"CaptainsWheel":11,"Gambling Chip":21,"Molten Egg 2":11,"Necronomicon":10,"Red Mask":17,"Membership Card":17,"Toy Ornithopter":19,"Red Skull":20},{"Girya":33,"Pear":47,"Singing Bowl":99,"Golden Idol":33,"Dead Branch":47,"Blue Candle":132,"Thread and Needle":26,"Bag of Preparation":19,"War Paint":47,"Medical Kit":4,"Burning Blood":0,"Akabeko":66,"Calling Bell":47,"Runic Dome":88,"CaptainsWheel":62,"Gambling Chip":109,"Molten Egg 2":62,"Necronomicon":52,"Red Mask":92,"Membership Card":92,"Toy Ornithopter":99,"Red Skull":106}],"Toy Ornithopter":20},"card_choices":[{"not_picked":["Sword Boomerang","Flex"],"picked":"Inflame","floor":1.0},{"not_picked":["Dropkick","Anger"],"picked":"Dark Embrace","floor":4.0},{"not_picked":["Flex","Wild Strike"],"picked":"Shrug It Off","floor":5.0},{"not_picked":["Iron Wave","Wild Strike"],"picked":"Hemokinesis","floor":6.0},{"not_picked":["Uppercut","Headbutt"],"picked":"Disarm","floor":8.0},{"not_picked":["Havoc","Rupture","Rampage"],"picked":"SKIP","floor":10.0},{"not_picked":["Clothesline","Body Slam"],"picked":"Offering","floor":11.0},{"not_picked":["Iron Wave","Spot Weakness","Rupture"],"picked":"SKIP","floor":14.0},{"not_picked":["Offering","Limit Break"],"picked":"Barricade","floor":16.0},{"not_picked":["Perfected Strike+1","Cleave","Clash"],"picked":"SKIP","floor":18.0},{"not_picked":["True Grit+1","Clothesline+1"],"picked":"Blood for Blood+1","floor":24.0},{"not_picked":["Rupture","True Grit"],"picked":"Havoc+1","floor":27.0},{"not_picked":["Iron Wave+1","Heavy Blade+1"],"picked":"Armaments+1","floor":28.0},{"not_picked":["Warcry","Clash+1"],"picked":"Blood for Blood+1","floor":30.0},{"not_picked":["Inflame+1","Dual Wield"],"picked":"Heavy Blade+1","floor":31.0},{"not_picked":["Feed+1","Bludgeon+1"],"picked":"Fiend Fire+1","floor":33.0},{"not_picked":["Rampage+1","Perfected Strike+1"],"picked":"Power Through","floor":35.0},{"not_picked":["Impatience","Dramatic Entrance+1"],"picked":"Dark Shackles","floor":38.0},{"not_picked":["Good Instincts","The Bomb"],"picked":"Secret Technique","floor":38.0},{"not_picked":["Clash+1","Perfected Strike+1","Thunderclap+1"],"picked":"SKIP","floor":41.0},{"not_picked":["Heavy Blade+1","Perfected Strike+1"],"picked":"Shrug It Off","floor":42.0},{"not_picked":["Burning Pact","Dual Wield+1","Flame Barrier"],"picked":"Singing Bowl","floor":46.0},{"not_picked":["True Grit","Body Slam+1","Iron Wave+1"],"picked":"Singing Bowl","floor":48.0},{"not_picked":["Warcry","Armaments","Heavy Blade+1"],"picked":"Singing Bowl","floor":55.0}],"player_experience":3526526,"relics_obtained":[{"floor":6.0,"key":"Bag of Preparation"},{"floor":8.0,"key":"Thread and Needle"},{"floor":11.0,"key":"Girya"},{"floor":17.0,"key":"Pear"},{"floor":17.0,"key":"Dead Branch"},{"floor":17.0,"key":"War Paint"},{"floor":19.0,"key":"Necronomicon"},{"floor":24.0,"key":"Molten Egg 2"},{"floor":26.0,"key":"CaptainsWheel"},{"floor":28.0,"key":"Akabeko"},{"floor":42.0,"key":"Singing Bowl"},{"floor":43.0,"key":"Toy Ornithopter"},{"floor":46.0,"key":"Red Skull"},{"floor":48.0,"key":"Gambling Chip"},{"floor":55.0,"key":"Blue Candle"}],"event_choices":[{"damage_healed":0.0,"max_hp_gain":0.0,"max_hp_loss":0.0,"gold_gain":150.0,"event_name":"Liars Game","player_choice":"AGREE","floor":2.0,"gold_loss":0.0,"damage_taken":0.0,"cards_obtained":["Doubt"]},{"damage_healed":0.0,"max_hp_gain":0.0,"max_hp_loss":7.0,"gold_gain":0.0,"event_name":"Golden Idol","player_choice":"Lose Max HP","floor":13.0,"gold_loss":0.0,"damage_taken":0.0,"relics_obtained":["Golden Idol"]},{"damage_healed":0.0,"max_hp_gain":0.0,"max_hp_loss":0.0,"gold_gain":0.0,"event_name":"Cursed Tome","player_choice":"Obtained Book","floor":19.0,"gold_loss":0.0,"damage_taken":21.0},{"damage_healed":0.0,"max_hp_gain":0.0,"max_hp_loss":0.0,"gold_gain":0.0,"event_name":"Vampires","player_choice":"Ignored","floor":21.0,"gold_loss":0.0,"damage_taken":0.0},{"damage_healed":46.0,"max_hp_gain":0.0,"max_hp_loss":0.0,"gold_gain":0.0,"event_name":"Wheel of Change","player_choice":"Full Heal","floor":22.0,"gold_loss":0.0,"damage_taken":0.0},{"damage_healed":0.0,"max_hp_gain":0.0,"max_hp_loss":0.0,"gold_gain":0.0,"event_name":"Tomb of Lord Red Mask","player_choice":"Paid","floor":37.0,"gold_loss":9.0,"damage_taken":0.0,"relics_obtained":["Red Mask"]},{"damage_healed":0.0,"max_hp_gain":0.0,"max_hp_loss":0.0,"gold_gain":0.0,"event_name":"SensoryStone","player_choice":"Memory 3","floor":38.0,"gold_loss":0.0,"damage_taken":10.0},{"cards_removed":["Inflame"],"damage_healed":0.0,"max_hp_gain":0.0,"max_hp_loss":0.0,"gold_gain":0.0,"event_name":"Falling","player_choice":"Removed Power","floor":39.0,"gold_loss":0.0,"damage_taken":0.0},{"damage_healed":0.0,"max_hp_gain":0.0,"max_hp_loss":4.0,"gold_gain":0.0,"event_name":"Winding Halls","player_choice":"Max HP","floor":44.0,"gold_loss":0.0,"damage_taken":0.0},{"damage_healed":21.0,"max_hp_gain":0.0,"max_hp_loss":0.0,"gold_gain":0.0,"event_name":"Wheel of Change","player_choice":"Full Heal","floor":45.0,"gold_loss":0.0,"damage_taken":0.0}],"is_beta":true,"boss_relics":[{"not_picked":["Runic Pyramid","Coffee Dripper"],"picked":"Calling Bell"},{"not_picked":["Cursed Key","Tiny House"],"picked":"Runic Dome"}],"items_purged_floors":[3,12,20],"is_endless":false,"potions_floor_spawned":[4,6,8,10,16,18,31,46,48,55],"ascension_level":20}