{"gold_per_floor":[217,193,205,216,3,28,28,58,58,76,21,53,53,53,53,127,127,138,138,155,155,173,173,34,34,34,63,63,113,113],"floor_reached":30,"playtime":1414,"items_purged":[],"score":528,"play_id":"1f94e25a-4fb2-4d18-a279-083ba30e9367","local_time":"20210223232835","is_ascension_mode":true,"campfire_choices":[{"data":"Carnage","floor":7.0,"key":"SMITH"},{"data":"Armaments","floor":13.0,"key":"SMITH"},{"data":"Shrug It Off","floor":15.0,"key":"SMITH"},{"data":"Corruption","floor":23,"key":"SMITH"},{"floor":25,"key":"REST"}],"neow_cost":"NONE","seed_source_timestamp":0,"circlet_count":0,"master_deck":["AscendersBane","Bash","Shrug It Off+1","Pommel Strike","Metallicize","Carnage+1","Spot Weakness","Armaments+1","Immolate","Rage","Corruption+1","Intimidate","Offering","Exhume","Sword Boomerang","Seeing Red","Disarm","True Grit+1","Dark Embrace","Decay"],"special_seed":0,"relics":["Burning Blood","Toolbox","StoneCalendar","Bottled Lightning","Juzu Bracelet","Pandora\u0027s Box","NlothsMask","Happy Flower"],"potions_floor_usage":[27],"damage_taken":[{"damage":6.0,"enemies":"Cultist","floor":1.0,"turns":3.0},{"damage":10.0,"enemies":"Small Slimes","floor":3.0,"turns":4.0},{"damage":5.0,"enemies":"Jaw Worm","floor":4.0,"turns":4.0},{"damage":16.0,"enemies":"3 Sentries","floor":6.0,"turns":10.0},{"damage":8.0,"enemies":"Gremlin Nob","floor":8.0,"turns":3.0},{"damage":20.0,"enemies":"Gremlin Gang","floor":10.0,"turns":4.0},{"damage":19.0,"enemies":"Lagavulin","floor":12.0,"turns":5.0},{"damage":25.0,"enemies":"The Guardian","floor":16.0,"turns":11.0},{"damage":16,"enemies":"Shell Parasite","floor":18,"turns":4},{"damage":24,"enemies":"Spheric Guardian","floor":20,"turns":4},{"damage":19,"enemies":"Snake Plant","floor":22,"turns":4},{"damage":33,"enemies":"Slavers","floor":27,"turns":5},{"damage":26,"enemies":"Book of Stabbing","floor":30,"turns":3}],"seed_played":"-6782697848499945557","potions_obtained":[{"floor":1.0,"key":"BloodPotion"},{"floor":8.0,"key":"Dexterity Potion"},{"floor":10.0,"key":"Fire Potion"},{"floor":18,"key":"ElixirPotion"}],"is_trial":false,"path_per_floor":["M","$","M","M","$","E","R","E","T","M","$","E","R","?","R","B",null,"M","?","M","?","M","R","$","R","T","E","?","?","E"],"character_chosen":"IRONCLAD","items_purchased":["Pommel Strike","Toolbox","SteroidPotion","Armaments","Dark Embrace","FearPotion"],"campfire_rested":1,"item_purchase_floors":[2,5,5,11,24,24],"current_hp_per_floor":[68,68,64,65,65,55,55,53,53,54,54,41,41,46,46,27,67,57,57,39,39,26,26,26,50,50,23,23,23,0],"gold":113,"neow_bonus":"HUNDRED_GOLD","is_prod":false,"is_daily":false,"chose_seed":false,"campfire_upgraded":4,"win_rate":0,"timestamp":1614151715,"path_taken":["M","?","M","M","$","E","R","E","T","?","?","E","R","?","R","BOSS","M","?","M","?","M","R","?","R","T","E","?","?","E"],"build_version":"2020-12-18","purchased_purges":0,"victory":false,"max_hp_per_floor":[75,75,75,75,75,75,75,75,75,75,75,75,75,80,80,80,80,80,80,80,80,80,80,80,80,80,80,80,80,80],"relic_stats":{"Happy Flower":[1],"counters":[13,64],"StoneCalendar":[52],"Pandora\u0027s Box":["Rage","Corruption","Intimidate","Rage","Offering","Exhume","Sword Boomerang","Seeing Red","Disarm"],"Juzu Bracelet":1,"obtain_stats":[{"Happy Flower":27,"Toolbox":5,"StoneCalendar":6,"Pandora\u0027s Box":17,"Juzu Bracelet":12,"Bottled Lightning":8,"Burning Blood":0,"NlothsMask":19},{"Happy Flower":12,"Toolbox":3,"StoneCalendar":4,"Pandora\u0027s Box":8,"Juzu Bracelet":7,"Bottled Lightning":5,"Burning Blood":0,"NlothsMask":9},{"Happy Flower":61,"Toolbox":11,"StoneCalendar":21,"Pandora\u0027s Box":44,"Juzu Bracelet":33,"Bottled Lightning":24,"Burning Blood":0,"NlothsMask":48}],"Burning Blood":72},"card_choices":[{"not_picked":["Power Through","Twin Strike"],"picked":"Shrug It Off","floor":1.0},{"not_picked":["Fire Breathing","Wild Strike"],"picked":"Metallicize","floor":3.0},{"not_picked":["Sever Soul","Warcry","Clothesline"],"picked":"SKIP","floor":4.0},{"not_picked":["Havoc","Heavy Blade"],"picked":"Carnage","floor":6.0},{"not_picked":["Fire Breathing","Thunderclap"],"picked":"Spot Weakness","floor":8.0},{"not_picked":["Wild Strike","Flex","Havoc"],"picked":"SKIP","floor":10.0},{"not_picked":["Entrench","Dual Wield","Sword Boomerang"],"picked":"SKIP","floor":12.0},{"not_picked":["Exhume","Impervious"],"picked":"Immolate","floor":16.0},{"not_picked":["Wild Strike","Warcry"],"picked":"True Grit+1","floor":18},{"not_picked":["Rage","Carnage","Iron Wave+1"],"picked":"SKIP","floor":20},{"not_picked":["Headbutt","Rampage","Corruption"],"picked":"SKIP","floor":22},{"not_picked":["Headbutt","Metallicize","Rupture"],"picked":"SKIP","floor":27}],"player_experience":3485871,"relics_obtained":[{"floor":6.0,"key":"StoneCalendar"},{"floor":8.0,"key":"Bottled Lightning"},{"floor":12.0,"key":"Juzu Bracelet"},{"floor":27,"key":"Happy Flower"}],"event_choices":[{"damage_healed":0.0,"max_hp_gain":5.0,"max_hp_loss":0.0,"gold_gain":0.0,"event_name":"Big Fish","player_choice":"Donut","floor":14.0,"gold_loss":0.0,"damage_taken":0.0},{"damage_healed":0,"gold_gain":0,"player_choice":"Trade","damage_taken":0,"relics_obtained":["NlothsMask"],"max_hp_gain":0,"max_hp_loss":0,"event_name":"FaceTrader","floor":19,"gold_loss":0},{"cards_removed":["Rage"],"damage_healed":0,"gold_gain":0,"player_choice":"Purged","damage_taken":0,"max_hp_gain":0,"max_hp_loss":0,"event_name":"Purifier","floor":21,"gold_loss":0},{"damage_healed":0,"gold_gain":0,"player_choice":"Smashed Altar","damage_taken":0,"max_hp_gain":0,"max_hp_loss":0,"event_name":"Forgotten Altar","floor":28,"gold_loss":0,"cards_obtained":["Decay"]},{"damage_healed":0,"gold_gain":50,"player_choice":"Stole From Cult","damage_taken":0,"max_hp_gain":0,"max_hp_loss":0,"event_name":"Nest","floor":29,"gold_loss":0}],"is_beta":true,"boss_relics":[{"not_picked":["Calling Bell","SlaversCollar"],"picked":"Pandora\u0027s Box"}],"items_purged_floors":[],"is_endless":false,"potions_floor_spawned":[1,8,10,18],"killed_by":"Book of Stabbing","ascension_level":20}