{"gold_per_floor":[219,237,248,248,31,64,64,93,120,138,138,153,178,196,196,274,274,294,209,229,229,2,2,31,45,72,86,116,132,38,65,65,140,140,153,153,164,164,182,211,211,222,249,86,86,116,127,160,160,160,160],"floor_reached":51,"playtime":6837,"items_purged":["Strike_R"],"score":1784,"play_id":"06eba3e6-6733-453d-8792-2c2190d3560a","local_time":"20210226222406","is_ascension_mode":true,"campfire_choices":[{"data":"Fiend Fire","floor":7.0,"key":"SMITH"},{"data":"Bash","floor":11.0,"key":"SMITH"},{"data":"Armaments","floor":15.0,"key":"SMITH"},{"floor":23.0,"key":"REST"},{"floor":32.0,"key":"RECALL"},{"floor":41.0,"key":"REST"},{"floor":49,"key":"REST"}],"neow_cost":"NONE","seed_source_timestamp":0,"circlet_count":0,"master_deck":["AscendersBane","Strike_R","Strike_R","Strike_R","Strike_R","Defend_R","Defend_R","Defend_R","Bash+1","Twin Strike+1","Carnage+1","Fiend Fire+1","Feel No Pain","Flame Barrier","Power Through+1","Shockwave","Dropkick","Armaments+1","Brutality","Twin Strike+1","Burning Pact+1","Exhume","Shrug It Off","Battle Trance","Power Through+1","Finesse","Demon Form","Flame Barrier","Clothesline","Fire Breathing","Corruption","Iron Wave+1"],"special_seed":0,"relics":["Burning Blood","PreservedInsect","Whetstone","White Beast Statue","Pen Nib","Kunai","Fusion Hammer","Centennial Puzzle","Anchor","Bag of Preparation","War Paint","Du-Vu Doll","Boot","Snecko Eye","Prayer Wheel","ClockworkSouvenir","Lantern","Blue Candle"],"potions_floor_usage":[50,50],"damage_taken":[{"damage":1.0,"enemies":"Small Slimes","floor":1.0,"turns":4.0},{"damage":24.0,"enemies":"Jaw Worm","floor":2.0,"turns":5.0},{"damage":1.0,"enemies":"Cultist","floor":3.0,"turns":3.0},{"damage":12.0,"enemies":"3 Sentries","floor":6.0,"turns":8.0},{"damage":0.0,"enemies":"Gremlin Nob","floor":8.0,"turns":3.0},{"damage":2.0,"enemies":"3 Louse","floor":10.0,"turns":3.0},{"damage":0.0,"enemies":"Looter","floor":12.0,"turns":2.0},{"damage":5.0,"enemies":"3 Sentries","floor":13.0,"turns":5.0},{"damage":0.0,"enemies":"2 Fungi Beasts","floor":14.0,"turns":3.0},{"damage":62.0,"enemies":"Hexaghost","floor":16.0,"turns":11.0},{"damage":5.0,"enemies":"Spheric Guardian","floor":18.0,"turns":6.0},{"damage":4.0,"enemies":"Chosen","floor":20.0,"turns":3.0},{"damage":5.0,"enemies":"Book of Stabbing","floor":24.0,"turns":3.0},{"damage":1.0,"enemies":"Snecko","floor":25.0,"turns":2.0},{"damage":0.0,"enemies":"Snake Plant","floor":27.0,"turns":1.0},{"damage":3.0,"enemies":"Gremlin Leader","floor":28.0,"turns":5.0},{"damage":12.0,"enemies":"Centurion and Healer","floor":29.0,"turns":4.0},{"damage":4.0,"enemies":"Slavers","floor":31.0,"turns":4.0},{"damage":55.0,"enemies":"Collector","floor":33.0,"turns":8.0},{"damage":0.0,"enemies":"Orb Walker","floor":35.0,"turns":3.0},{"damage":4.0,"enemies":"3 Darklings","floor":37.0,"turns":7.0},{"damage":4.0,"enemies":"4 Shapes","floor":39.0,"turns":6.0},{"damage":15.0,"enemies":"Nemesis","floor":40.0,"turns":5.0},{"damage":2.0,"enemies":"Writhing Mass","floor":42.0,"turns":5.0},{"damage":3,"enemies":"Giant Head","floor":46,"turns":4},{"damage":0,"enemies":"3 Darklings","floor":47,"turns":4},{"damage":0,"enemies":"Nemesis","floor":48,"turns":3},{"damage":72,"enemies":"Awakened One","floor":50,"turns":12},{"damage":28,"enemies":"Donu and Deca","floor":51,"turns":3}],"seed_played":"-3415409422331073171","potions_obtained":[{"floor":2.0,"key":"FairyPotion"},{"floor":6.0,"key":"SkillPotion"},{"floor":10.0,"key":"Dexterity Potion"},{"floor":12.0,"key":"AttackPotion"},{"floor":14.0,"key":"HeartOfIron"},{"floor":16.0,"key":"DuplicationPotion"},{"floor":18.0,"key":"BloodPotion"},{"floor":20.0,"key":"Fruit Juice"},{"floor":24.0,"key":"HeartOfIron"},{"floor":27.0,"key":"CultistPotion"},{"floor":28.0,"key":"FearPotion"},{"floor":33.0,"key":"LiquidMemories"},{"floor":37.0,"key":"Strength Potion"},{"floor":40.0,"key":"AttackPotion"},{"floor":46,"key":"ColorlessPotion"},{"floor":48,"key":"Dexterity Potion"}],"is_trial":false,"path_per_floor":["M","M","M","?","$","E","R","E","T","M","R","M","E","M","R","B",null,"M","?","M","?","$","R","E","M","T","M","E","M","$","E","R","B",null,"M","?","M","?","M","E","R","M","T","$","?","E","M","E","R","B","B"],"character_chosen":"IRONCLAD","items_purchased":["Strength Potion","Feel No Pain","Anchor","Explosive Potion","Finesse","ClockworkSouvenir"],"campfire_rested":3,"item_purchase_floors":[5,5,22,22,30,44],"current_hp_per_floor":[73,55,60,49,49,43,43,49,49,53,53,59,60,66,66,10,59,60,60,75,59,59,84,85,85,85,85,85,79,79,81,81,32,72,78,78,80,80,81,72,81,81,81,81,81,81,81,81,81,15,0],"gold":160,"neow_bonus":"HUNDRED_GOLD","is_prod":false,"is_daily":false,"chose_seed":false,"campfire_upgraded":3,"win_rate":0,"timestamp":1614407046,"path_taken":["M","M","M","?","$","E","R","E","T","M","R","M","E","M","R","BOSS","M","?","M","?","$","R","E","M","T","M","E","M","$","E","R","BOSS","M","?","M","?","M","E","R","M","T","$","?","E","M","E","R","BOSS","BOSS"],"build_version":"2020-12-18","purchased_purges":1,"victory":false,"max_hp_per_floor":[75,75,75,75,75,75,75,75,75,75,75,75,75,75,75,75,75,75,75,75,85,85,85,85,85,85,85,85,85,85,85,85,85,85,85,81,81,81,81,81,81,81,81,81,81,81,81,81,81,81,81],"relic_stats":{"counters":[29,135],"Blue Candle":[1],"PreservedInsect":452,"Pen Nib":[18],"Bag of Preparation":[32],"Whetstone":["Carnage","Twin Strike"],"War Paint":["Defend_R","Power Through"],"Boot":[23],"Burning Blood":134,"Centennial Puzzle":[40],"Snecko Eye":[116,115,112,114],"Prayer Wheel":2,"Kunai":[24],"obtain_stats":[{"Lantern":46,"Blue Candle":48,"PreservedInsect":4,"Pen Nib":9,"Bag of Preparation":24,"Whetstone":6,"War Paint":26,"Boot":31,"Burning Blood":0,"White Beast Statue":8,"ClockworkSouvenir":44,"Du-Vu Doll":28,"Centennial Puzzle":19,"Anchor":22,"Snecko Eye":34,"Prayer Wheel":40,"Fusion Hammer":17,"Kunai":13},{"Lantern":25,"Blue Candle":27,"PreservedInsect":3,"Pen Nib":5,"Bag of Preparation":13,"Whetstone":4,"War Paint":14,"Boot":18,"Burning Blood":0,"White Beast Statue":5,"ClockworkSouvenir":24,"Du-Vu Doll":16,"Centennial Puzzle":11,"Anchor":12,"Snecko Eye":19,"Prayer Wheel":23,"Fusion Hammer":10,"Kunai":8},{"Lantern":113,"Blue Candle":120,"PreservedInsect":12,"Pen Nib":23,"Bag of Preparation":59,"Whetstone":20,"War Paint":61,"Boot":75,"Burning Blood":0,"White Beast Statue":23,"ClockworkSouvenir":109,"Du-Vu Doll":67,"Centennial Puzzle":53,"Anchor":56,"Snecko Eye":83,"Prayer Wheel":104,"Fusion Hammer":47,"Kunai":33}]},"card_choices":[{"not_picked":["Thunderclap","Clash"],"picked":"Twin Strike","floor":1.0},{"not_picked":["Clash","Twin Strike"],"picked":"Carnage","floor":2.0},{"not_picked":["True Grit","Shrug It Off"],"picked":"Fiend Fire","floor":3.0},{"not_picked":["Clash","Uppercut"],"picked":"Flame Barrier","floor":6.0},{"not_picked":["Pummel","Wild Strike","Seeing Red"],"picked":"SKIP","floor":8.0},{"not_picked":["Body Slam","Entrench"],"picked":"Power Through","floor":10.0},{"not_picked":["Clothesline","Bloodletting"],"picked":"Shockwave","floor":12.0},{"not_picked":["Warcry","Carnage"],"picked":"Dropkick","floor":13.0},{"not_picked":["Uppercut","Searing Blow"],"picked":"Armaments","floor":14.0},{"not_picked":["Juggernaut","Demon Form"],"picked":"Brutality","floor":16.0},{"not_picked":["Ghostly Armor","True Grit"],"picked":"Twin Strike+1","floor":18.0},{"not_picked":["Havoc","Pommel Strike"],"picked":"Burning Pact+1","floor":20.0},{"not_picked":["True Grit","Thunderclap"],"picked":"Exhume","floor":24.0},{"not_picked":["Heavy Blade","Perfected Strike+1"],"picked":"Shrug It Off","floor":25.0},{"not_picked":["Perfected Strike","Sword Boomerang","Seeing Red"],"picked":"SKIP","floor":27.0},{"not_picked":["Headbutt","Fire Breathing"],"picked":"Battle Trance","floor":28.0},{"not_picked":["Cleave","Flex+1"],"picked":"Power Through+1","floor":29.0},{"not_picked":["Limit Break","Fire Breathing","Whirlwind"],"picked":"SKIP","floor":31.0},{"not_picked":["Impervious","Reaper"],"picked":"Demon Form","floor":33.0},{"not_picked":["Disarm","Clothesline"],"picked":"Flame Barrier","floor":35.0},{"not_picked":["Metallicize","Bloodletting"],"picked":"Clothesline","floor":37.0},{"not_picked":["Entrench","Uppercut","Burning Pact"],"picked":"SKIP","floor":39.0},{"not_picked":["Headbutt","Sentinel+1","Twin Strike"],"picked":"SKIP","floor":40.0},{"not_picked":["Searing Blow","Warcry"],"picked":"Fire Breathing","floor":42.0},{"not_picked":["Power Through","Body Slam","Sword Boomerang"],"picked":"SKIP","floor":42.0},{"not_picked":["Wild Strike","Body Slam"],"picked":"Corruption","floor":46},{"not_picked":["Perfected Strike","Iron Wave","Power Through"],"picked":"SKIP","floor":47},{"not_picked":["Hemokinesis+1","Infernal Blade","Pummel"],"picked":"SKIP","floor":47},{"not_picked":["Armaments","Cleave"],"picked":"Iron Wave+1","floor":48}],"player_experience":3509089,"relics_obtained":[{"floor":6.0,"key":"Whetstone"},{"floor":8.0,"key":"White Beast Statue"},{"floor":9.0,"key":"Pen Nib"},{"floor":13.0,"key":"Kunai"},{"floor":24.0,"key":"Bag of Preparation"},{"floor":26.0,"key":"War Paint"},{"floor":28.0,"key":"Du-Vu Doll"},{"floor":31.0,"key":"Boot"},{"floor":40.0,"key":"Prayer Wheel"},{"floor":46,"key":"Lantern"},{"floor":48,"key":"Blue Candle"}],"event_choices":[{"damage_healed":0.0,"max_hp_gain":0.0,"max_hp_loss":0.0,"gold_gain":0.0,"event_name":"Scrap Ooze","player_choice":"Success","floor":4.0,"gold_loss":0.0,"damage_taken":11.0,"relics_obtained":["PreservedInsect"]},{"damage_healed":0.0,"max_hp_gain":0.0,"max_hp_loss":0.0,"gold_gain":0.0,"event_name":"Addict","player_choice":"Obtained Relic","floor":19.0,"gold_loss":85.0,"damage_taken":0.0,"relics_obtained":["Centennial Puzzle"]},{"damage_healed":0.0,"max_hp_gain":5.0,"max_hp_loss":0.0,"gold_gain":0.0,"event_name":"Forgotten Altar","player_choice":"Shed Blood","floor":21.0,"gold_loss":0.0,"damage_taken":26.0},{"damage_healed":0.0,"max_hp_gain":0.0,"max_hp_loss":4.0,"gold_gain":0.0,"event_name":"Winding Halls","player_choice":"Max HP","floor":36.0,"gold_loss":0.0,"damage_taken":0.0},{"cards_removed":["Defend_R"],"damage_healed":0.0,"max_hp_gain":0.0,"max_hp_loss":0.0,"gold_gain":0.0,"event_name":"Falling","player_choice":"Removed Skill","floor":38.0,"gold_loss":0.0,"damage_taken":0.0},{"damage_healed":0.0,"max_hp_gain":0.0,"max_hp_loss":0.0,"gold_gain":0.0,"event_name":"SecretPortal","player_choice":"Ignored","floor":45.0,"gold_loss":0.0,"damage_taken":0.0}],"is_beta":true,"boss_relics":[{"not_picked":["Sozu","Velvet Choker"],"picked":"Fusion Hammer"},{"not_picked":["Calling Bell","Mark of Pain"],"picked":"Snecko Eye"}],"items_purged_floors":[5],"is_endless":false,"potions_floor_spawned":[2,6,10,12,13,14,16,18,20,24,25,27,28,29,31,33,35,37,39,40,42,46,47,48],"killed_by":"Donu and Deca","ascension_level":20}