{"gold_per_floor":[217,231,251,7,17,17,43,43,43,55,55,68,68,102,102,173,173,186,205,36,86,104,432,432,463,488,488,413,413,30,45,45,118,118,138,155,175,175,15,15,25,56,56,87,105,120,135,0,0,0,0,0,0,0,26,26],"floor_reached":56,"playtime":4495,"items_purged":["Strike_R","Strike_R"],"score":1943,"play_id":"1718a3fc-9a62-4231-afa6-f036369c302e","local_time":"20210224004752","is_ascension_mode":true,"campfire_choices":[{"data":"Blood for Blood","floor":6.0,"key":"SMITH"},{"data":"Blood for Blood","floor":11.0,"key":"SMITH"},{"data":"Bash","floor":15,"key":"SMITH"},{"data":"Carnage","floor":24,"key":"SMITH"},{"floor":27,"key":"REST"},{"data":"Shockwave","floor":29,"key":"SMITH"},{"data":"Armaments","floor":32,"key":"SMITH"},{"floor":40,"key":"RECALL"},{"floor":49,"key":"REST"},{"floor":53,"key":"REST"}],"neow_cost":"NONE","seed_source_timestamp":943670774258400,"circlet_count":0,"master_deck":["AscendersBane","Strike_R","Strike_R","Defend_R","Defend_R","Defend_R","Defend_R","Bash+1","Blood for Blood+1","Shrug It Off","Feed","Carnage+1","Blood for Blood+1","Shrug It Off","Pommel Strike","Offering","Clothesline","Shockwave+1","Reaper","Armaments+1","Bludgeon","Bloodletting+1","Shrug It Off+1","Inflame+1","Flex+1"],"special_seed":0,"relics":["Burning Blood","StoneCalendar","Shuriken","White Beast Statue","Matryoshka","Snecko Eye","ClockworkSouvenir","Old Coin","Akabeko","Self Forming Clay","Ancient Tea Set","Fusion Hammer","Bag of Preparation","Turnip","Bag of Marbles","Omamori","Red Mask","Nunchaku"],"potions_floor_usage":[14,16,19,23,33,37,42,45,51,51,56],"damage_taken":[{"damage":6.0,"enemies":"Cultist","floor":1.0,"turns":3.0},{"damage":1.0,"enemies":"2 Louse","floor":2.0,"turns":4.0},{"damage":12.0,"enemies":"Jaw Worm","floor":3.0,"turns":4.0},{"damage":13.0,"enemies":"Lots of Slimes","floor":5.0,"turns":5.0},{"damage":32.0,"enemies":"Gremlin Nob","floor":7.0,"turns":4.0},{"damage":19.0,"enemies":"Exordium Wildlife","floor":10.0,"turns":6.0},{"damage":12.0,"enemies":"Looter","floor":12.0,"turns":4.0},{"damage":20,"enemies":"Lagavulin","floor":14,"turns":7},{"damage":21,"enemies":"Hexaghost","floor":16,"turns":7},{"damage":21,"enemies":"2 Thieves","floor":18,"turns":3},{"damage":10,"enemies":"Chosen","floor":19,"turns":3},{"damage":16,"enemies":"Sentry and Sphere","floor":22,"turns":3},{"damage":17,"enemies":"Slavers","floor":23,"turns":4},{"damage":20,"enemies":"Gremlin Leader","floor":25,"turns":4},{"damage":2,"enemies":"Snake Plant","floor":31,"turns":2},{"damage":78,"enemies":"Champ","floor":33,"turns":10},{"damage":9,"enemies":"Orb Walker","floor":35,"turns":2},{"damage":13,"enemies":"3 Shapes","floor":36,"turns":4},{"damage":12,"enemies":"3 Darklings","floor":37,"turns":4},{"damage":32,"enemies":"Sphere and 2 Shapes","floor":41,"turns":7},{"damage":22,"enemies":"Nemesis","floor":42,"turns":7},{"damage":33,"enemies":"Reptomancer","floor":44,"turns":4},{"damage":0,"enemies":"Jaw Worm Horde","floor":45,"turns":3},{"damage":13,"enemies":"Spire Growth","floor":46,"turns":4},{"damage":0,"enemies":"Sphere and 2 Shapes","floor":47,"turns":3},{"damage":57,"enemies":"Time Eater","floor":50,"turns":11},{"damage":67,"enemies":"Donu and Deca","floor":51,"turns":7},{"damage":34,"enemies":"Shield and Spear","floor":55,"turns":7},{"damage":122,"enemies":"The Heart","floor":56,"turns":8}],"seed_played":"8583590202269454941","potions_obtained":[{"floor":2.0,"key":"FearPotion"},{"floor":3.0,"key":"HeartOfIron"},{"floor":7.0,"key":"BloodPotion"},{"floor":12.0,"key":"GamblersBrew"},{"floor":14,"key":"Regen Potion"},{"floor":16,"key":"BlessingOfTheForge"},{"floor":19,"key":"AttackPotion"},{"floor":22,"key":"EssenceOfSteel"},{"floor":23,"key":"ElixirPotion"},{"floor":25,"key":"Weak Potion"},{"floor":33,"key":"Strength Potion"},{"floor":35,"key":"SteroidPotion"},{"floor":37,"key":"Fruit Juice"},{"floor":38,"key":"FairyPotion"},{"floor":41,"key":"Block Potion"},{"floor":42,"key":"Weak Potion"},{"floor":44,"key":"Block Potion"},{"floor":45,"key":"AttackPotion"},{"floor":55,"key":"BlessingOfTheForge"}],"is_trial":false,"path_per_floor":["M","M","M","$","M","R","E","?","T","M","R","M","T","E","R","B",null,"M","M","$","?","M","E","R","E","T","R","?","R","$","M","R","B",null,"M","M","M","?","$","R","M","E","T","E","M","M","M","?","R","B","B",null,"R","$","E","B"],"character_chosen":"IRONCLAD","items_purchased":["Feed","ClockworkSouvenir","HeartOfIron","Reaper","Bag of Preparation"],"campfire_rested":3,"item_purchase_floors":[4,20,30,30,39],"current_hp_per_floor":[68,73,67,67,63,63,40,45,45,32,32,46,46,35,35,35,78,66,65,65,65,58,50,50,36,36,67,67,67,67,71,71,12,81,84,88,116,116,116,116,93,78,78,66,90,104,122,122,129,96,76,118,132,132,104,0],"gold":26,"neow_bonus":"HUNDRED_GOLD","is_prod":false,"is_daily":false,"chose_seed":false,"campfire_upgraded":6,"win_rate":0,"timestamp":1614156472,"path_taken":["M","M","?","$","M","R","E","?","T","M","R","M","?","E","R","BOSS","M","M","?","?","M","E","R","E","T","R","?","R","$","M","R","BOSS","M","M","M","?","?","R","M","E","T","E","M","M","?","?","R","BOSS","BOSS","R","$","E","BOSS"],"build_version":"2020-12-18","purchased_purges":2,"victory":false,"max_hp_per_floor":[75,75,75,75,78,78,81,86,86,86,86,89,89,92,92,92,92,95,98,98,98,101,104,104,104,104,104,104,104,104,104,104,104,104,104,107,116,116,116,116,119,119,119,119,123,126,129,129,129,129,132,132,132,132,132,132],"relic_stats":{"Nunchaku":[1],"counters":[29,144],"Shuriken":[42],"Self Forming Clay":[228],"Snecko Eye":[194,208,203,203],"StoneCalendar":[210],"Turnip":[10],"Bag of Preparation":[20],"obtain_stats":[{"Self Forming Clay":26,"StoneCalendar":7,"Bag of Preparation":39,"Omamori":44,"Ancient Tea Set":26,"Burning Blood":0,"White Beast Statue":13,"Akabeko":25,"ClockworkSouvenir":20,"Old Coin":23,"Nunchaku":55,"Matryoshka":14,"Shuriken":9,"Snecko Eye":17,"Fusion Hammer":34,"Turnip":42,"Bag of Marbles":43,"Red Mask":48},{"Self Forming Clay":14,"StoneCalendar":5,"Bag of Preparation":19,"Omamori":22,"Ancient Tea Set":14,"Burning Blood":0,"White Beast Statue":7,"Akabeko":14,"ClockworkSouvenir":11,"Old Coin":13,"Nunchaku":28,"Matryoshka":8,"Shuriken":5,"Snecko Eye":9,"Fusion Hammer":16,"Turnip":21,"Bag of Marbles":21,"Red Mask":25},{"Self Forming Clay":61,"StoneCalendar":20,"Bag of Preparation":83,"Omamori":101,"Ancient Tea Set":61,"Burning Blood":0,"White Beast Statue":30,"Akabeko":61,"ClockworkSouvenir":50,"Old Coin":57,"Nunchaku":136,"Matryoshka":37,"Shuriken":20,"Snecko Eye":44,"Fusion Hammer":73,"Turnip":97,"Bag of Marbles":97,"Red Mask":111}],"Burning Blood":165},"card_choices":[{"not_picked":["Thunderclap","Entrench"],"picked":"Blood for Blood","floor":1.0},{"not_picked":["True Grit","Iron Wave","Entrench"],"picked":"SKIP","floor":2.0},{"not_picked":["Second Wind","Sentinel"],"picked":"Shrug It Off","floor":3.0},{"not_picked":["Whirlwind","Second Wind","Iron Wave"],"picked":"SKIP","floor":5.0},{"not_picked":["Shrug It Off","Feel No Pain"],"picked":"Carnage","floor":7.0},{"not_picked":["Second Wind","Rupture"],"picked":"Blood for Blood","floor":10.0},{"not_picked":["Rampage","Headbutt"],"picked":"Shrug It Off","floor":12.0},{"not_picked":["True Grit","Limit Break"],"picked":"Pommel Strike","floor":14},{"not_picked":["Barricade","Corruption"],"picked":"Offering","floor":16},{"not_picked":["Intimidate","Spot Weakness","Armaments"],"picked":"SKIP","floor":18},{"not_picked":["Intimidate","Flex"],"picked":"Clothesline","floor":19},{"not_picked":["Shrug It Off","Twin Strike+1"],"picked":"Shockwave","floor":22},{"not_picked":["Combust","Wild Strike","Clothesline"],"picked":"SKIP","floor":23},{"not_picked":["Bloodletting","Carnage","Searing Blow"],"picked":"SKIP","floor":25},{"not_picked":["Shrug It Off","Whirlwind"],"picked":"Armaments","floor":31},{"not_picked":["Brutality","Berserk"],"picked":"Bludgeon","floor":33},{"not_picked":["Body Slam","Pummel"],"picked":"Bloodletting+1","floor":35},{"not_picked":["Metallicize","Armaments","Flex"],"picked":"SKIP","floor":36},{"not_picked":["Carnage","Pommel Strike","Wild Strike+1"],"picked":"SKIP","floor":37},{"not_picked":["Flex","Sentinel+1"],"picked":"Shrug It Off+1","floor":41},{"not_picked":["Flex","Second Wind"],"picked":"Inflame+1","floor":42},{"not_picked":["Clash","Feed","Sever Soul"],"picked":"SKIP","floor":44},{"not_picked":["Flex+1","Body Slam","Carnage"],"picked":"SKIP","floor":45},{"not_picked":["Body Slam","Carnage"],"picked":"Flex+1","floor":45},{"not_picked":["Body Slam","Reckless Charge","Heavy Blade"],"picked":"SKIP","floor":46},{"not_picked":["Metallicize","Thunderclap+1","Warcry"],"picked":"SKIP","floor":47},{"not_picked":["Rage+1","Clash","Feel No Pain+1"],"picked":"SKIP","floor":55}],"player_experience":3487285,"relics_obtained":[{"floor":7.0,"key":"StoneCalendar"},{"floor":9.0,"key":"Shuriken"},{"floor":13.0,"key":"White Beast Statue"},{"floor":14,"key":"Matryoshka"},{"floor":23,"key":"Old Coin"},{"floor":25,"key":"Akabeko"},{"floor":26,"key":"Self Forming Clay"},{"floor":26,"key":"Ancient Tea Set"},{"floor":42,"key":"Turnip"},{"floor":43,"key":"Bag of Marbles"},{"floor":44,"key":"Omamori"},{"floor":55,"key":"Nunchaku"}],"event_choices":[{"damage_healed":0.0,"max_hp_gain":5.0,"max_hp_loss":0.0,"gold_gain":0.0,"event_name":"Big Fish","player_choice":"Donut","floor":8.0,"gold_loss":0.0,"damage_taken":0.0},{"damage_healed":0,"gold_gain":50,"player_choice":"Stole From Cult","damage_taken":0,"max_hp_gain":0,"max_hp_loss":0,"event_name":"Nest","floor":21,"gold_loss":0},{"cards_removed":["Strike_R"],"damage_healed":0,"gold_gain":0,"player_choice":"Gave Gold","damage_taken":0,"max_hp_gain":0,"max_hp_loss":0,"event_name":"Beggar","floor":28,"gold_loss":75},{"damage_healed":0,"gold_gain":0,"player_choice":"Got Potions","damage_taken":0,"max_hp_gain":0,"max_hp_loss":0,"event_name":"Lab","floor":38,"gold_loss":0},{"damage_healed":0,"gold_gain":0,"player_choice":"Paid","damage_taken":0,"relics_obtained":["Red Mask"],"max_hp_gain":0,"max_hp_loss":0,"event_name":"Tomb of Lord Red Mask","floor":48,"gold_loss":135}],"is_beta":true,"boss_relics":[{"not_picked":["Runic Pyramid","Tiny House"],"picked":"Snecko Eye"},{"not_picked":["Velvet Choker","Runic Cube"],"picked":"Fusion Hammer"}],"items_purged_floors":[4,30],"is_endless":false,"potions_floor_spawned":[2,3,7,12,14,16,18,19,22,23,25,31,33,35,36,37,41,42,44,45,46,47,55],"killed_by":"The Heart","ascension_level":20}