{"gold_per_floor":[118,83,83,97,116,143,143,164,190,202,213,240,240],"floor_reached":13,"playtime":679,"items_purged":[],"score":170,"play_id":"dd85ceb4-4172-4380-b1da-aee47f09a8f7","local_time":"20210228162941","is_ascension_mode":true,"campfire_choices":[{"data":"Perfected Strike","floor":7,"key":"SMITH"}],"neow_cost":"NONE","seed_source_timestamp":1349611603659800,"circlet_count":0,"master_deck":["AscendersBane","Strike_R","Strike_R","Strike_R","Strike_R","Defend_R","Defend_R","Defend_R","Defend_R","Bash","Pommel Strike","Perfected Strike+1","Pommel Strike","Reaper","Pommel Strike","Perfected Strike","Feel No Pain"],"relics":["Black Star","Juzu Bracelet","Bird Faced Urn","Odd Mushroom","Oddly Smooth Stone","MealTicket"],"potions_floor_usage":[8,10],"damage_taken":[{"damage":9,"enemies":"Jaw Worm","floor":1,"turns":5},{"damage":0,"enemies":"Small Slimes","floor":4,"turns":2},{"damage":3,"enemies":"2 Louse","floor":5,"turns":3},{"damage":35,"enemies":"Lagavulin","floor":6,"turns":6},{"damage":18,"enemies":"The Mushroom Lair","floor":8,"turns":5},{"damage":26,"enemies":"Lots of Slimes","floor":10,"turns":4},{"damage":12,"enemies":"Exordium Wildlife","floor":11,"turns":5},{"damage":24,"enemies":"3 Sentries","floor":13,"turns":4}],"seed_played":"57243264573826068","potions_obtained":[{"floor":1,"key":"BloodPotion"},{"floor":6,"key":"PowerPotion"}],"is_trial":false,"path_per_floor":["M","?","?","M","M","E","R","?","T","M","M","T","E"],"character_chosen":"IRONCLAD","items_purchased":[],"campfire_rested":0,"item_purchase_floors":[],"current_hp_per_floor":[59,75,68,68,65,30,30,18,18,19,11,11,0],"gold":240,"neow_bonus":"BOSS_RELIC","is_prod":false,"is_daily":false,"chose_seed":false,"campfire_upgraded":1,"win_rate":0,"timestamp":1614558581,"path_taken":["M","?","?","M","M","E","R","?","T","M","M","?","E"],"build_version":"2020-12-18","purchased_purges":0,"victory":false,"max_hp_per_floor":[75,75,75,75,75,75,75,75,75,75,75,75,75],"relic_stats":{"counters":[8,34],"Bird Faced Urn":[2],"MealTicket":0,"Black Star":1,"Juzu Bracelet":0,"obtain_stats":[{"Bird Faced Urn":6,"Oddly Smooth Stone":9,"MealTicket":12,"Black Star":0,"Juzu Bracelet":6,"Odd Mushroom":8,"Burning Blood":0},{"Bird Faced Urn":4,"Oddly Smooth Stone":5,"MealTicket":7,"Black Star":0,"Juzu Bracelet":4,"Odd Mushroom":5,"Burning Blood":0},{"Bird Faced Urn":16,"Oddly Smooth Stone":21,"MealTicket":30,"Black Star":0,"Juzu Bracelet":16,"Odd Mushroom":21,"Burning Blood":0}]},"card_choices":[{"not_picked":["Entrench","Sentinel"],"picked":"Pommel Strike","floor":1},{"not_picked":["Rage","Anger"],"picked":"Perfected Strike","floor":4},{"not_picked":["Warcry","Body Slam"],"picked":"Pommel Strike","floor":5},{"not_picked":["Anger","Power Through"],"picked":"Reaper","floor":6},{"not_picked":["Intimidate","Searing Blow"],"picked":"Pommel Strike","floor":8},{"not_picked":["Flex","Sentinel"],"picked":"Perfected Strike","floor":10},{"not_picked":["Seeing Red","Cleave"],"picked":"Feel No Pain","floor":11}],"player_experience":3553552,"relics_obtained":[{"floor":6,"key":"Juzu Bracelet"},{"floor":6,"key":"Bird Faced Urn"},{"floor":8,"key":"Odd Mushroom"},{"floor":9,"key":"Oddly Smooth Stone"},{"floor":12,"key":"MealTicket"}],"event_choices":[{"damage_healed":18,"gold_gain":0,"player_choice":"Healed","damage_taken":0,"max_hp_gain":0,"max_hp_loss":0,"event_name":"The Cleric","floor":2,"gold_loss":35},{"cards_removed":["Strike_R"],"damage_healed":0,"gold_gain":0,"player_choice":"Card Removal","damage_taken":7,"max_hp_gain":0,"max_hp_loss":0,"event_name":"Golden Wing","floor":3,"gold_loss":0},{"damage_healed":0,"gold_gain":0,"player_choice":"Fought Mushrooms","damage_taken":0,"max_hp_gain":0,"max_hp_loss":0,"event_name":"Mushrooms","floor":8,"gold_loss":0}],"is_beta":true,"boss_relics":[],"items_purged_floors":[],"is_endless":false,"potions_floor_spawned":[1,6],"killed_by":"3 Sentries","ascension_level":20}