{"gold_per_floor":[209,228,228,503,68,98,115,115,193,193,219,238,238,255,255,333,333,307,287,302,316,55,55],"floor_reached":23,"playtime":1355,"items_purged":["Regret","Strike_R"],"score":402,"play_id":"4b170cb9-85b1-4e69-a82a-872fcd886852","local_time":"20210227202256","is_ascension_mode":true,"campfire_choices":[{"data":"Inflame","floor":8,"key":"SMITH"},{"data":"Bash","floor":10,"key":"SMITH"},{"data":"Spot Weakness","floor":13,"key":"SMITH"},{"data":"Flame Barrier","floor":15,"key":"SMITH"}],"neow_cost":"NONE","seed_source_timestamp":1276511812139400,"circlet_count":0,"master_deck":["AscendersBane","Strike_R","Strike_R+1","Strike_R","Strike_R","Defend_R+1","Defend_R","Defend_R","Defend_R","Bash+1","Battle Trance","Shrug It Off","Spot Weakness+1","Inflame+1","Master of Strategy","Flame Barrier+1","Feel No Pain","Pommel Strike","Iron Wave","Limit Break","Pummel","Heavy Blade","Rage"],"special_seed":0,"relics":["Burning Blood","Strawberry","Ornamental Fan","Oddly Smooth Stone","Black Star","TheAbacus"],"potions_floor_usage":[11,18,23,23],"damage_taken":[{"damage":5.0,"enemies":"Small Slimes","floor":1.0,"turns":6.0},{"damage":1.0,"enemies":"Cultist","floor":2.0,"turns":3.0},{"damage":24,"enemies":"Lagavulin","floor":6,"turns":6},{"damage":4,"enemies":"Jaw Worm","floor":7,"turns":4},{"damage":8,"enemies":"Gremlin Nob","floor":11,"turns":3},{"damage":5,"enemies":"Large Slime","floor":12,"turns":6},{"damage":17,"enemies":"Exordium Thugs","floor":14,"turns":5},{"damage":27,"enemies":"Hexaghost","floor":16,"turns":9},{"damage":27,"enemies":"2 Thieves","floor":18,"turns":4},{"damage":12,"enemies":"3 Byrds","floor":20,"turns":2},{"damage":27,"enemies":"Cultist and Chosen","floor":21,"turns":7},{"damage":34,"enemies":"Slavers","floor":23,"turns":2}],"seed_played":"-6592241099457508368","potions_obtained":[{"floor":1.0,"key":"GamblersBrew"},{"floor":2.0,"key":"Dexterity Potion"},{"floor":7,"key":"Fire Potion"},{"floor":12,"key":"BloodPotion"},{"floor":18,"key":"EssenceOfSteel"},{"floor":19,"key":"CultistPotion"}],"is_trial":false,"path_per_floor":["M","M","?","?","$","E","M","R","T","R","E","M","R","M","R","B",null,"M","?","M","M","$","E"],"character_chosen":"IRONCLAD","items_purchased":["Spot Weakness","Inflame","Master of Strategy","TheAbacus"],"campfire_rested":0,"item_purchase_floors":[5,5,5,22],"current_hp_per_floor":[69,74,51,51,51,40,42,42,42,42,40,41,41,30,30,9,64,59,59,53,32,32,0],"gold":55,"neow_bonus":"HUNDRED_GOLD","is_prod":false,"is_daily":false,"chose_seed":false,"campfire_upgraded":4,"win_rate":0,"timestamp":1614486176,"path_taken":["M","M","?","?","$","E","M","R","T","R","E","M","R","M","R","BOSS","M","?","M","M","$","E"],"build_version":"2020-12-18","purchased_purges":2,"victory":false,"max_hp_per_floor":[75,75,75,75,75,82,82,82,82,82,82,82,82,82,82,82,82,82,82,82,82,82,82],"relic_stats":{"TheAbacus":[0],"counters":[12,57],"Ornamental Fan":[8],"Black Star":0,"obtain_stats":[{"TheAbacus":22,"Ornamental Fan":9,"Strawberry":6,"Oddly Smooth Stone":11,"Black Star":17,"Burning Blood":0},{"TheAbacus":11,"Ornamental Fan":4,"Strawberry":3,"Oddly Smooth Stone":5,"Black Star":8,"Burning Blood":0},{"TheAbacus":55,"Ornamental Fan":19,"Strawberry":15,"Oddly Smooth Stone":22,"Black Star":42,"Burning Blood":0}],"Burning Blood":66},"card_choices":[{"not_picked":["Power Through","Flex"],"picked":"Battle Trance","floor":1.0},{"not_picked":["Whirlwind","Thunderclap"],"picked":"Shrug It Off","floor":2.0},{"not_picked":["Combust","Cleave"],"picked":"Flame Barrier","floor":6},{"not_picked":["Sentinel","Flex"],"picked":"Feel No Pain","floor":7},{"not_picked":["Sentinel","Body Slam"],"picked":"Pommel Strike","floor":11},{"not_picked":["Shrug It Off","Flex"],"picked":"Iron Wave","floor":12},{"not_picked":["Pommel Strike","Headbutt","Body Slam"],"picked":"SKIP","floor":14},{"not_picked":["Fiend Fire","Feed"],"picked":"Limit Break","floor":16},{"not_picked":["Warcry+1","Dark Embrace"],"picked":"Pummel","floor":18},{"not_picked":["Flex","Armaments"],"picked":"Heavy Blade","floor":20},{"not_picked":["Flex","Shockwave"],"picked":"Rage","floor":21}],"player_experience":3525171,"relics_obtained":[{"floor":6,"key":"Strawberry"},{"floor":9,"key":"Ornamental Fan"},{"floor":11,"key":"Oddly Smooth Stone"}],"event_choices":[{"damage_healed":0.0,"max_hp_gain":0.0,"max_hp_loss":0.0,"gold_gain":0.0,"event_name":"Shining Light","player_choice":"Entered Light","floor":3.0,"gold_loss":0.0,"damage_taken":23.0,"cards_upgraded":["Strike_R","Defend_R"]},{"damage_healed":0.0,"max_hp_gain":0.0,"max_hp_loss":0.0,"gold_gain":275.0,"event_name":"Golden Shrine","player_choice":"Desecrate","floor":4.0,"gold_loss":0.0,"damage_taken":0.0,"cards_obtained":["Regret"]},{"damage_healed":0,"gold_gain":0,"player_choice":"Bought 1 Potion","damage_taken":0,"max_hp_gain":0,"max_hp_loss":0,"event_name":"The Woman in Blue","floor":19,"gold_loss":0}],"is_beta":true,"boss_relics":[{"not_picked":["Coffee Dripper","Sozu"],"picked":"Black Star"}],"items_purged_floors":[5,22],"is_endless":false,"potions_floor_spawned":[1,2,7,12,18,20],"killed_by":"Slavers","ascension_level":20}