{"gold_per_floor":[110,110,125,144,144,173,186,186,213,248,268,268,418,368,368,444,444,458,475,32,49,49,49,83,83],"floor_reached":25,"playtime":1651,"items_purged":["Doubt","Strike_R"],"score":462,"play_id":"f674f017-3f2b-499e-8917-9f1dd75e04e1","local_time":"20210301231019","is_ascension_mode":true,"campfire_choices":[{"data":"Demon Form","floor":8,"key":"SMITH"},{"data":"Armaments","floor":12,"key":"SMITH"},{"data":"Disarm","floor":15,"key":"SMITH"},{"floor":23,"key":"REST"}],"neow_cost":"NONE","seed_source_timestamp":1459074666879200,"circlet_count":0,"master_deck":["AscendersBane","Strike_R","Strike_R+1","Strike_R+1","Defend_R","Defend_R","Defend_R","Defend_R","Bash+1","Disarm+1","Clothesline","Iron Wave","Demon Form+1","Battle Trance","Armaments+1","Offering","CurseOfTheBell","Shrug It Off","Fiend Fire","Ghostly Armor","Sword Boomerang","Whirlwind"],"relics":["Burning Blood","Bag of Marbles","Smiling Mask","Lantern","Dream Catcher","Calling Bell","Pen Nib","Ornamental Fan","Unceasing Top","Gremlin Horn","CaptainsWheel"],"potions_floor_usage":[6,10,16,16,19,21],"damage_taken":[{"damage":1,"enemies":"Cultist","floor":1,"turns":3},{"damage":7,"enemies":"Jaw Worm","floor":3,"turns":3},{"damage":2,"enemies":"Small Slimes","floor":4,"turns":5},{"damage":25,"enemies":"Gremlin Nob","floor":6,"turns":5},{"damage":1,"enemies":"Exordium Wildlife","floor":7,"turns":3},{"damage":13,"enemies":"3 Sentries","floor":10,"turns":10},{"damage":10,"enemies":"Red Slaver","floor":11,"turns":4},{"damage":26,"enemies":"The Guardian","floor":16,"turns":12},{"damage":29,"enemies":"Chosen","floor":18,"turns":6},{"damage":19,"enemies":"3 Byrds","floor":19,"turns":11},{"damage":16,"enemies":"Shelled Parasite and Fungi","floor":21,"turns":5},{"damage":33,"enemies":"Book of Stabbing","floor":24,"turns":6},{"damage":10,"enemies":"Snecko","floor":25,"turns":2}],"seed_played":"-1043617451230187889","potions_obtained":[{"floor":4,"key":"Block Potion"},{"floor":6,"key":"BlessingOfTheForge"},{"floor":7,"key":"ColorlessPotion"},{"floor":11,"key":"Swift Potion"},{"floor":18,"key":"Block Potion"}],"is_trial":false,"path_per_floor":["M","?","M","M","?","E","M","R","T","E","M","R","?","$","R","B",null,"M","M","$","M","?","R","E","M"],"character_chosen":"IRONCLAD","items_purchased":["Gremlin Horn","PowerPotion","Ghostly Armor"],"campfire_rested":1,"item_purchase_floors":[20,20,20],"current_hp_per_floor":[73,73,72,75,52,33,38,38,38,31,27,27,27,27,27,7,58,35,22,22,12,12,34,7,0],"gold":83,"neow_bonus":"RANDOM_COMMON_RELIC","is_prod":false,"is_daily":false,"chose_seed":false,"campfire_upgraded":3,"win_rate":0,"timestamp":1614669019,"path_taken":["M","?","M","M","?","E","M","R","T","E","M","R","?","$","R","BOSS","M","M","$","M","?","R","E","M"],"build_version":"2020-12-18","purchased_purges":2,"victory":false,"max_hp_per_floor":[75,75,75,75,75,75,75,75,75,75,75,75,75,75,75,75,75,75,75,75,75,75,75,75,75],"relic_stats":{"Dream Catcher":1,"Gremlin Horn":[0,1],"counters":[13,75],"Ornamental Fan":[8],"Pen Nib":[4],"Smiling Mask":75,"obtain_stats":[{"Calling Bell":17,"Lantern":9,"Dream Catcher":10,"CaptainsWheel":24,"Gremlin Horn":20,"Ornamental Fan":17,"Pen Nib":17,"Bag of Marbles":0,"Smiling Mask":6,"Burning Blood":0,"Unceasing Top":17},{"Calling Bell":8,"Lantern":5,"Dream Catcher":6,"CaptainsWheel":12,"Gremlin Horn":10,"Ornamental Fan":8,"Pen Nib":8,"Bag of Marbles":0,"Smiling Mask":4,"Burning Blood":0,"Unceasing Top":8},{"Calling Bell":45,"Lantern":19,"Dream Catcher":29,"CaptainsWheel":73,"Gremlin Horn":62,"Ornamental Fan":45,"Pen Nib":45,"Bag of Marbles":0,"Smiling Mask":16,"Burning Blood":0,"Unceasing Top":45}],"Burning Blood":71,"Unceasing Top":[0]},"card_choices":[{"not_picked":["Cleave","Sword Boomerang"],"picked":"Disarm","floor":1},{"not_picked":["Sever Soul","Metallicize"],"picked":"Clothesline","floor":3},{"not_picked":["Iron Wave","Second Wind","Clothesline"],"picked":"SKIP","floor":4},{"not_picked":["Second Wind","Clothesline"],"picked":"Iron Wave","floor":4},{"not_picked":["Havoc","Thunderclap"],"picked":"Demon Form","floor":6},{"not_picked":["Bloodletting","Twin Strike"],"picked":"Battle Trance","floor":7},{"not_picked":["Twin Strike","Inflame"],"picked":"Armaments","floor":10},{"not_picked":["Evolve","Clash","Iron Wave"],"picked":"SKIP","floor":11},{"not_picked":["Brutality","Corruption"],"picked":"Offering","floor":16},{"not_picked":["Whirlwind+1","Havoc+1"],"picked":"Shrug It Off","floor":18},{"not_picked":["Thunderclap","Heavy Blade"],"picked":"Fiend Fire","floor":19},{"not_picked":["Armaments","Second Wind"],"picked":"Sword Boomerang","floor":21},{"not_picked":["Sever Soul","Spot Weakness"],"picked":"Whirlwind","floor":23},{"not_picked":["Whirlwind","Shockwave","Wild Strike"],"picked":"SKIP","floor":24}],"player_experience":3569593,"relics_obtained":[{"floor":6,"key":"Smiling Mask"},{"floor":9,"key":"Lantern"},{"floor":10,"key":"Dream Catcher"},{"floor":17,"key":"Pen Nib"},{"floor":17,"key":"Ornamental Fan"},{"floor":17,"key":"Unceasing Top"},{"floor":24,"key":"CaptainsWheel"}],"event_choices":[{"damage_healed":0,"gold_gain":0,"player_choice":"Grow","damage_taken":0,"max_hp_gain":0,"max_hp_loss":0,"event_name":"Living Wall","floor":2,"gold_loss":0,"cards_upgraded":["Bash"]},{"damage_healed":0,"gold_gain":0,"player_choice":"Entered Light","damage_taken":23,"max_hp_gain":0,"max_hp_loss":0,"event_name":"Shining Light","floor":5,"gold_loss":0,"cards_upgraded":["Strike_R","Strike_R"]},{"damage_healed":0,"gold_gain":150,"player_choice":"AGREE","damage_taken":0,"max_hp_gain":0,"max_hp_loss":0,"event_name":"Liars Game","floor":13,"gold_loss":0,"cards_obtained":["Doubt"]},{"cards_removed":["Strike_R"],"damage_healed":0,"gold_gain":0,"player_choice":"Purged","damage_taken":0,"max_hp_gain":0,"max_hp_loss":0,"event_name":"Purifier","floor":22,"gold_loss":0}],"is_beta":true,"boss_relics":[{"not_picked":["Empty Cage","Coffee Dripper"],"picked":"Calling Bell"}],"items_purged_floors":[14,20],"is_endless":false,"potions_floor_spawned":[4,6,7,11,18],"killed_by":"Snecko","ascension_level":20}