{"gold_per_floor":[110,124,124,69,69,97,97,116,116,149,149,175,175,18,18,95,95,109,30,30,41,53,53,80,80,80,113,163,163,198,208,208,284,284,303,303,303,314,66,66,91,0,0,31,50,75,101,114,114,114,114,114,114,34,67,67],"floor_reached":56,"playtime":4818,"items_purged":["Strike_R"],"score":2214,"play_id":"4594649a-f025-49c2-915e-6416224d2dd1","local_time":"20210306232933","is_ascension_mode":true,"campfire_choices":[{"data":"Carnage","floor":7.0,"key":"SMITH"},{"floor":11.0,"key":"REST"},{"data":"Rupture","floor":13.0,"key":"SMITH"},{"data":"Brutality","floor":15.0,"key":"SMITH"},{"data":"Uppercut","floor":23.0,"key":"SMITH"},{"data":"Twin Strike","floor":25.0,"key":"SMITH"},{"data":"Shrug It Off","floor":29.0,"key":"SMITH"},{"data":"Shrug It Off","floor":32.0,"key":"SMITH"},{"floor":40.0,"key":"RECALL"},{"floor":49.0,"key":"REST"},{"floor":53.0,"key":"REST"}],"neow_cost":"PERCENT_DAMAGE","seed_source_timestamp":1888852390572300,"circlet_count":0,"master_deck":["AscendersBane","Strike_R","Defend_R","Defend_R","Defend_R","Bash+1","Metallicize+1","Reaper","Uppercut+1","Carnage+1","Rupture+1","Twin Strike+1","Brutality+1","Impervious","Shrug It Off+1","Whirlwind+1","Pommel Strike+1","Iron Wave+1","Heavy Blade+1","Impervious","Shrug It Off+1","Reaper+1","Flame Barrier","Master of Strategy","Pommel Strike+1","Flame Barrier","Armaments+1","Shrug It Off","Exhume"],"special_seed":0,"relics":["Burning Blood","Ginger","Molten Egg 2","Regal Pillow","StrikeDummy","Bag of Preparation","Snecko Eye","FossilizedHelix","HornCleat","Red Skull","Lantern","Fusion Hammer","TheAbacus","Oddly Smooth Stone","Red Mask","Akabeko","Unceasing Top","Letter Opener","Happy Flower"],"potions_floor_usage":[55,56],"damage_taken":[{"damage":11.0,"enemies":"Jaw Worm","floor":1.0,"turns":6.0},{"damage":6.0,"enemies":"Cultist","floor":2.0,"turns":3.0},{"damage":10.0,"enemies":"3 Sentries","floor":6.0,"turns":9.0},{"damage":23.0,"enemies":"Small Slimes","floor":8.0,"turns":5.0},{"damage":8.0,"enemies":"Gremlin Nob","floor":10.0,"turns":3.0},{"damage":28.0,"enemies":"3 Sentries","floor":12.0,"turns":7.0},{"damage":5.0,"enemies":"Slime Boss","floor":16.0,"turns":6.0},{"damage":3.0,"enemies":"2 Thieves","floor":18.0,"turns":3.0},{"damage":6.0,"enemies":"3 Byrds","floor":21.0,"turns":4.0},{"damage":4.0,"enemies":"Snecko","floor":22.0,"turns":5.0},{"damage":17.0,"enemies":"Book of Stabbing","floor":24.0,"turns":4.0},{"damage":21.0,"enemies":"Slavers","floor":27.0,"turns":3.0},{"damage":9.0,"enemies":"Gremlin Leader","floor":30.0,"turns":5.0},{"damage":1.0,"enemies":"Cultist and Chosen","floor":31.0,"turns":3.0},{"damage":20.0,"enemies":"Collector","floor":33.0,"turns":7.0},{"damage":1.0,"enemies":"Orb Walker","floor":35.0,"turns":2.0},{"damage":0.0,"enemies":"3 Darklings","floor":38.0,"turns":2.0},{"damage":5.0,"enemies":"Nemesis","floor":41.0,"turns":7.0},{"damage":27.0,"enemies":"Giant Head","floor":44.0,"turns":8.0},{"damage":23.0,"enemies":"4 Shapes","floor":45.0,"turns":8.0},{"damage":4.0,"enemies":"Mind Bloom Boss Battle","floor":46.0,"turns":6.0},{"damage":0.0,"enemies":"Reptomancer","floor":47.0,"turns":5.0},{"damage":28.0,"enemies":"Spire Growth","floor":48.0,"turns":4.0},{"damage":41.0,"enemies":"Donu and Deca","floor":50.0,"turns":10.0},{"damage":42.0,"enemies":"Awakened One","floor":51.0,"turns":9.0},{"damage":12,"enemies":"Shield and Spear","floor":55,"turns":5},{"damage":92,"enemies":"The Heart","floor":56,"turns":8}],"seed_played":"-8761059000095838356","potions_obtained":[{"floor":1.0,"key":"Strength Potion"},{"floor":8.0,"key":"PowerPotion"},{"floor":12.0,"key":"Weak Potion"},{"floor":16.0,"key":"LiquidMemories"},{"floor":24.0,"key":"Fire Potion"},{"floor":31.0,"key":"Dexterity Potion"},{"floor":33.0,"key":"ElixirPotion"},{"floor":38.0,"key":"ColorlessPotion"},{"floor":44.0,"key":"Explosive Potion"},{"floor":55,"key":"SteroidPotion"}],"is_trial":false,"path_per_floor":["M","M","?","$","?","E","R","M","T","E","R","E","R","$","R","B",null,"M","$","?","M","M","R","E","R","T","E","?","R","E","M","R","B",null,"M","?","?","M","$","R","E","?","T","E","M","?","E","M","R","B","B",null,"R","$","E","B"],"character_chosen":"IRONCLAD","items_purchased":["AttackPotion","Bag of Preparation","Whirlwind+1","TheAbacus","DuplicationPotion"],"campfire_rested":3,"item_purchase_floors":[4,14,19,39,54],"current_hp_per_floor":[51,57,57,57,34,42,42,33,33,31,68,57,57,57,57,75,75,75,75,75,75,75,75,70,70,70,55,48,48,51,56,56,61,72,75,65,65,71,71,71,75,75,75,75,73,75,75,65,75,75,72,74,75,75,69,0],"gold":67,"neow_bonus":"TRANSFORM_TWO_CARDS","is_prod":false,"is_daily":false,"chose_seed":false,"campfire_upgraded":7,"win_rate":0,"timestamp":1615102173,"path_taken":["M","M","?","?","?","E","R","M","T","E","R","E","R","?","R","BOSS","M","$","?","M","M","R","E","R","T","E","?","R","E","?","R","BOSS","M","?","?","M","$","R","E","?","T","E","?","?","E","M","R","BOSS","BOSS","R","$","E","BOSS"],"build_version":"2020-12-18","purchased_purges":1,"victory":false,"max_hp_per_floor":[75,75,75,75,75,75,75,75,75,75,75,75,75,75,75,75,75,75,75,75,75,75,75,75,75,75,75,75,75,75,75,75,75,75,75,75,75,75,75,75,75,75,75,75,75,75,75,75,75,75,75,75,75,75,75,75],"relic_stats":{"Regal Pillow":15,"TheAbacus":[138],"Happy Flower":[2],"counters":[27,147],"Snecko Eye":[196,226,230,238],"Bag of Preparation":[42],"Ginger":[18],"Letter Opener":[52],"obtain_stats":[{"Regal Pillow":10,"Lantern":30,"Happy Flower":55,"Oddly Smooth Stone":41,"Bag of Preparation":14,"Ginger":6,"Letter Opener":47,"Burning Blood":0,"Akabeko":44,"HornCleat":26,"TheAbacus":39,"Snecko Eye":17,"Molten Egg 2":9,"Fusion Hammer":34,"Red Mask":42,"StrikeDummy":12,"FossilizedHelix":24,"Red Skull":27,"Unceasing Top":46},{"Regal Pillow":5,"Lantern":13,"Happy Flower":26,"Oddly Smooth Stone":18,"Bag of Preparation":6,"Ginger":3,"Letter Opener":22,"Burning Blood":0,"Akabeko":19,"HornCleat":11,"TheAbacus":17,"Snecko Eye":7,"Molten Egg 2":4,"Fusion Hammer":15,"Red Mask":18,"StrikeDummy":6,"FossilizedHelix":11,"Red Skull":12,"Unceasing Top":21},{"Regal Pillow":26,"Lantern":63,"Happy Flower":139,"Oddly Smooth Stone":84,"Bag of Preparation":33,"Ginger":18,"Letter Opener":111,"Burning Blood":0,"Akabeko":92,"HornCleat":55,"TheAbacus":77,"Snecko Eye":39,"Molten Egg 2":23,"Fusion Hammer":73,"Red Mask":84,"StrikeDummy":33,"FossilizedHelix":55,"Red Skull":58,"Unceasing Top":106}],"Burning Blood":103,"Unceasing Top":[0]},"card_choices":[{"not_picked":["Evolve","Clash"],"picked":"Uppercut","floor":1.0},{"not_picked":["Heavy Blade","Burning Pact"],"picked":"Carnage","floor":2.0},{"not_picked":["Carnage","Heavy Blade"],"picked":"Rupture","floor":6.0},{"not_picked":["Heavy Blade","Reckless Charge"],"picked":"Twin Strike","floor":8.0},{"not_picked":["Flex","Clash+1","Warcry"],"picked":"SKIP","floor":10.0},{"not_picked":["Sentinel","Shockwave"],"picked":"Brutality","floor":12.0},{"not_picked":["Fiend Fire+1","Demon Form"],"picked":"Impervious","floor":16.0},{"not_picked":["Cleave+1","Ghostly Armor"],"picked":"Shrug It Off","floor":18.0},{"not_picked":["Wild Strike+1","Intimidate"],"picked":"Iron Wave+1","floor":21.0},{"not_picked":["Iron Wave+1","Rupture"],"picked":"Heavy Blade+1","floor":22.0},{"not_picked":["Warcry+1","Clash+1"],"picked":"Impervious","floor":24.0},{"not_picked":["Anger+1","Fire Breathing","Whirlwind+1"],"picked":"SKIP","floor":27.0},{"not_picked":["Havoc","Cleave+1"],"picked":"Shrug It Off","floor":30.0},{"not_picked":["Sword Boomerang+1","Iron Wave+1","Dropkick+1"],"picked":"SKIP","floor":31.0},{"not_picked":["Berserk","Double Tap"],"picked":"Reaper+1","floor":33.0},{"not_picked":["Wild Strike+1","Twin Strike+1"],"picked":"Flame Barrier","floor":35.0},{"not_picked":["Transmutation","Forethought"],"picked":"Master of Strategy","floor":36.0},{"not_picked":["Dual Wield","Anger+1","Warcry"],"picked":"SKIP","floor":38.0},{"not_picked":["Flex","Heavy Blade+1"],"picked":"Pommel Strike+1","floor":41.0},{"not_picked":["Battle Trance","Cleave+1"],"picked":"Flame Barrier","floor":44.0},{"not_picked":["Blood for Blood+1","Power Through"],"picked":"Armaments+1","floor":45.0},{"not_picked":["Combust","Sentinel","Power Through"],"picked":"SKIP","floor":47.0},{"not_picked":["Blood for Blood+1","True Grit"],"picked":"Shrug It Off","floor":48.0},{"not_picked":["Sword Boomerang+1","Twin Strike+1"],"picked":"Exhume","floor":55}],"player_experience":3611829,"relics_obtained":[{"floor":6.0,"key":"Ginger"},{"floor":9.0,"key":"Molten Egg 2"},{"floor":10.0,"key":"Regal Pillow"},{"floor":12.0,"key":"StrikeDummy"},{"floor":24.0,"key":"FossilizedHelix"},{"floor":26.0,"key":"HornCleat"},{"floor":27.0,"key":"Red Skull"},{"floor":30.0,"key":"Lantern"},{"floor":41.0,"key":"Oddly Smooth Stone"},{"floor":44.0,"key":"Akabeko"},{"floor":46.0,"key":"Unceasing Top"},{"floor":47.0,"key":"Letter Opener"},{"floor":55,"key":"Happy Flower"}],"event_choices":[{"cards_removed":["Strike_R"],"damage_healed":0.0,"max_hp_gain":0.0,"max_hp_loss":0.0,"gold_gain":0.0,"event_name":"Bonfire Elementals","player_choice":"Offered Basic","floor":3.0,"gold_loss":0.0,"damage_taken":0.0},{"damage_healed":0.0,"max_hp_gain":0.0,"max_hp_loss":0.0,"gold_gain":0.0,"event_name":"Shining Light","player_choice":"Entered Light","floor":5.0,"gold_loss":0.0,"damage_taken":23.0,"cards_upgraded":["Metallicize","Bash"]},{"damage_healed":0.0,"max_hp_gain":0.0,"max_hp_loss":0.0,"gold_gain":0.0,"event_name":"The Library","player_choice":"Read","floor":20.0,"gold_loss":0.0,"damage_taken":0.0,"cards_obtained":["Pommel Strike"]},{"damage_healed":0.0,"max_hp_gain":0.0,"max_hp_loss":0.0,"gold_gain":50.0,"event_name":"FaceTrader","player_choice":"Touch","floor":28.0,"gold_loss":0.0,"damage_taken":7.0},{"damage_healed":0.0,"max_hp_gain":0.0,"max_hp_loss":0.0,"gold_gain":0.0,"event_name":"SensoryStone","player_choice":"Memory 3","floor":36.0,"gold_loss":0.0,"damage_taken":10.0},{"cards_removed":["Strike_R"],"damage_healed":0.0,"max_hp_gain":0.0,"max_hp_loss":0.0,"gold_gain":0.0,"event_name":"Falling","player_choice":"Removed Attack","floor":37.0,"gold_loss":0.0,"damage_taken":0.0},{"damage_healed":0.0,"max_hp_gain":0.0,"max_hp_loss":0.0,"gold_gain":0.0,"event_name":"Tomb of Lord Red Mask","player_choice":"Paid","floor":42.0,"gold_loss":91.0,"damage_taken":0.0,"relics_obtained":["Red Mask"]},{"damage_healed":0.0,"max_hp_gain":0.0,"max_hp_loss":0.0,"gold_gain":0.0,"event_name":"MindBloom","player_choice":"Fight","floor":46.0,"gold_loss":0.0,"damage_taken":0.0}],"is_beta":true,"boss_relics":[{"not_picked":["Runic Cube","Black Blood"],"picked":"Snecko Eye"},{"not_picked":["Mark of Pain","Runic Dome"],"picked":"Fusion Hammer"}],"items_purged_floors":[39],"is_endless":false,"potions_floor_spawned":[1,8,12,16,21,22,24,31,33,38,44,55],"killed_by":"The Heart","ascension_level":20}