{"gold_per_floor":[119,119,119,138,149,149,176,176,226,238,266,18,18,30,30,104,104,116,129,143,162,186,186,186],"floor_reached":24,"playtime":1155,"items_purged":["Strike_R"],"score":416,"play_id":"45302ac4-f307-4361-8646-4eb71e73b9af","local_time":"20210306141456","is_ascension_mode":true,"campfire_choices":[{"data":"Immolate","floor":6.0,"key":"SMITH"},{"data":"Bash","floor":13.0,"key":"SMITH"},{"data":"Perfected Strike","floor":15.0,"key":"SMITH"},{"data":"Evolve","floor":23,"key":"SMITH"}],"neow_cost":"NONE","seed_source_timestamp":0,"circlet_count":0,"master_deck":["AscendersBane","Strike_R","Strike_R","Strike_R","Strike_R","Defend_R","Defend_R","Defend_R","Defend_R","Bash+1","Armaments+1","Perfected Strike+1","Immolate+1","Iron Wave+1","Twin Strike+1","Evolve+1","Immolate+1","Dual Wield+1","Barricade"],"special_seed":0,"relics":["Burning Blood","Molten Egg 2","Letter Opener","Bag of Preparation","HornCleat","Bag of Marbles","Snecko Eye","Oddly Smooth Stone"],"potions_floor_usage":[22,24],"damage_taken":[{"damage":2.0,"enemies":"Cultist","floor":1.0,"turns":4.0},{"damage":8.0,"enemies":"Small Slimes","floor":4.0,"turns":5.0},{"damage":0.0,"enemies":"Jaw Worm","floor":5.0,"turns":3.0},{"damage":30.0,"enemies":"Lagavulin","floor":7.0,"turns":6.0},{"damage":0.0,"enemies":"Lots of Slimes","floor":10.0,"turns":1.0},{"damage":8.0,"enemies":"3 Sentries","floor":11.0,"turns":5.0},{"damage":0.0,"enemies":"Exordium Thugs","floor":14.0,"turns":1.0},{"damage":61.0,"enemies":"Hexaghost","floor":16.0,"turns":10.0},{"damage":0.0,"enemies":"Spheric Guardian","floor":18.0,"turns":3.0},{"damage":0.0,"enemies":"Chosen","floor":19.0,"turns":1.0},{"damage":31.0,"enemies":"Snake Plant","floor":20.0,"turns":4.0},{"damage":0,"enemies":"Centurion and Healer","floor":21,"turns":4},{"damage":63,"enemies":"Gremlin Leader","floor":24,"turns":4}],"seed_played":"-4445259903505763490","potions_obtained":[{"floor":7.0,"key":"HeartOfIron"},{"floor":11.0,"key":"Dexterity Potion"},{"floor":16.0,"key":"Energy Potion"},{"floor":18.0,"key":"Fruit Juice"}],"is_trial":false,"path_per_floor":["M","?","?","M","M","R","E","T","T","M","E","$","R","M","R","B",null,"M","M","M","M","T","R","E"],"character_chosen":"IRONCLAD","items_purchased":["Bag of Marbles"],"campfire_rested":0,"item_purchase_floors":[12],"current_hp_per_floor":[79,79,79,77,82,82,58,58,58,64,62,62,62,68,68,13,65,71,77,52,58,63,63,0],"gold":186,"neow_bonus":"TEN_PERCENT_HP_BONUS","is_prod":false,"is_daily":false,"chose_seed":false,"campfire_upgraded":4,"win_rate":0,"timestamp":1615068896,"path_taken":["M","?","?","M","M","R","E","?","T","M","E","$","R","M","R","BOSS","M","?","M","?","?","R","E"],"build_version":"2020-12-18","purchased_purges":1,"victory":false,"max_hp_per_floor":[82,82,82,82,82,82,82,82,82,82,82,82,82,82,82,82,82,82,82,82,82,87,87,87],"relic_stats":{"counters":[13,51],"Snecko Eye":[28,28,26,36],"Bag of Preparation":[18],"Letter Opener":[25],"obtain_stats":[{"HornCleat":11,"Snecko Eye":17,"Oddly Smooth Stone":22,"Molten Egg 2":7,"Bag of Preparation":9,"Bag of Marbles":12,"Letter Opener":8,"Burning Blood":0},{"HornCleat":6,"Snecko Eye":8,"Oddly Smooth Stone":12,"Molten Egg 2":4,"Bag of Preparation":4,"Bag of Marbles":6,"Letter Opener":4,"Burning Blood":0},{"HornCleat":24,"Snecko Eye":35,"Oddly Smooth Stone":47,"Molten Egg 2":18,"Bag of Preparation":18,"Bag of Marbles":24,"Letter Opener":18,"Burning Blood":0}],"Burning Blood":71},"card_choices":[{"not_picked":["Cleave","Wild Strike"],"picked":"Armaments","floor":1.0},{"not_picked":["Heavy Blade","Twin Strike"],"picked":"Perfected Strike","floor":4.0},{"not_picked":["Heavy Blade","Sword Boomerang"],"picked":"Immolate","floor":5.0},{"not_picked":["Armaments","Shockwave"],"picked":"Iron Wave+1","floor":7.0},{"not_picked":["Sword Boomerang+1","Havoc"],"picked":"Twin Strike+1","floor":10.0},{"not_picked":["Clash+1","Anger+1"],"picked":"Evolve","floor":11.0},{"not_picked":["Twin Strike+1","Armaments","Flex"],"picked":"SKIP","floor":14.0},{"not_picked":["Demon Form","Exhume"],"picked":"Immolate+1","floor":16.0},{"not_picked":["Body Slam+1","Havoc+1","Clash+1"],"picked":"SKIP","floor":18.0},{"not_picked":["Metallicize","Combust"],"picked":"Dual Wield+1","floor":19.0},{"not_picked":["Entrench+1","Twin Strike+1","Flex"],"picked":"SKIP","floor":20.0},{"not_picked":["Second Wind","Iron Wave+1"],"picked":"Barricade","floor":21}],"player_experience":3610674,"relics_obtained":[{"floor":7.0,"key":"Molten Egg 2"},{"floor":8.0,"key":"Letter Opener"},{"floor":9.0,"key":"Bag of Preparation"},{"floor":11.0,"key":"HornCleat"},{"floor":22,"key":"Oddly Smooth Stone"}],"event_choices":[{"damage_healed":0.0,"max_hp_gain":0.0,"max_hp_loss":0.0,"gold_gain":0.0,"event_name":"Living Wall","player_choice":"Grow","floor":2.0,"gold_loss":0.0,"damage_taken":0.0,"cards_upgraded":["Armaments"]},{"damage_healed":0.0,"max_hp_gain":0.0,"max_hp_loss":0.0,"gold_gain":0.0,"event_name":"The Cleric","player_choice":"Leave","floor":3.0,"gold_loss":0.0,"damage_taken":0.0}],"is_beta":true,"boss_relics":[{"not_picked":["Sozu","Ectoplasm"],"picked":"Snecko Eye"}],"items_purged_floors":[12],"is_endless":false,"potions_floor_spawned":[7,11,14,16,18],"killed_by":"Gremlin Leader","ascension_level":20}